  <div class='ocr_page' id='page_1' title='image "/cluster/home/n/w/nwhite01/storage/ocr_20150623/150/hvd.32044073498826/243.png"; bbox 0 0 3838 6192; ppageno 0'>
   <div class='ocr_carea' id='block_1_1' title="bbox 469 335 575 398">
    <p class='ocr_par' dir='ltr' id='par_1_1' title="bbox 469 335 575 398">
     <span class='ocr_line' id='line_1_1' title="bbox 469 335 575 398; baseline 0.028 -3"><span class='ocrx_word' id='word_1_1' title='bbox 469 335 575 398; x_wconf 70' lang='grc' dir='ltr'><strong>ἇ75</strong></span> 
     </span>
    </p>
   </div>
   <div class='ocr_carea' id='block_1_2' title="bbox 1729 328 3659 406">
    <p class='ocr_par' dir='ltr' id='par_1_2' title="bbox 1729 328 3659 406">
     <span class='ocr_line' id='line_1_2' title="bbox 1729 328 3659 406; baseline 0 -13"><span class='ocrx_word' id='word_1_2' title='bbox 1729 332 2036 406; x_wconf 65' lang='lat' dir='ltr'><strong>NlCOLAl</strong></span> <span class='ocrx_word' id='word_1_3' title='bbox 2083 328 2476 390; x_wconf 69' lang='lat' dir='ltr'><strong>CABASlLrE</strong></span> <span class='ocrx_word' id='word_1_4' title='bbox 3574 329 3659 395; x_wconf 69' lang='lat'><strong>4:6</strong></span> 
     </span>
    </p>
   </div>
   <div class='ocr_carea' id='block_1_3' title="bbox 469 437 2058 518">
    <p class='ocr_par' dir='ltr' id='par_1_3' title="bbox 469 445 2037 518">
     <span class='ocr_line' id='line_1_3' title="bbox 469 445 2037 518; baseline -0.001 -17"><span class='ocrx_word' id='word_1_5' title='bbox 469 447 649 511; x_wconf 83' lang='lat' dir='ltr'><strong>nobis,</strong></span> <span class='ocrx_word' id='word_1_6' title='bbox 685 466 703 499; x_wconf 74' lang='grc' dir='ltr'><strong>ι</strong></span> <span class='ocrx_word' id='word_1_7' title='bbox 742 448 845 504; x_wconf 81' lang='lat' dir='ltr'><strong>hoc</strong></span> <span class='ocrx_word' id='word_1_8' title='bbox 874 457 976 513; x_wconf 87' lang='lat' dir='ltr'><strong>est,</strong></span> <span class='ocrx_word' id='word_1_9' title='bbox 1017 464 1136 517; x_wconf 66' lang='lat' dir='ltr'><strong>qua:</strong></span> <span class='ocrx_word' id='word_1_10' title='bbox 1170 462 1328 503; x_wconf 90' lang='lat' dir='ltr'><strong>orare</strong></span> <span class='ocrx_word' id='word_1_11' title='bbox 1361 457 1573 518; x_wconf 78' lang='lat' dir='ltr'><strong>oportet</strong></span> <span class='ocrx_word' id='word_1_12' title='bbox 1605 464 1705 503; x_wconf 84' lang='lat' dir='ltr'><strong>nos</strong></span> <span class='ocrx_word' id='word_1_13' title='bbox 1736 450 1930 513; x_wconf 88' lang='lat' dir='ltr'><strong>docet;</strong></span> <span class='ocrx_word' id='word_1_14' title='bbox 1964 445 2037 500; x_wconf 87' lang='lat' dir='ltr'><strong>ita</strong></span> 
     </span>
    </p>
   </div>
   <div class='ocr_carea' id='block_1_4' title="bbox 2162 437 3659 518">
    <p class='ocr_par' dir='ltr' id='par_1_4' title="bbox 2162 437 3659 511">
     <span class='ocr_line' id='line_1_4' title="bbox 2162 437 3659 511; baseline 0.003 -18"><span class='ocrx_word' id='word_1_15' title='bbox 2162 443 2302 511; x_wconf 50' lang='grc' dir='ltr'>ἱμῶν</span> <span class='ocrx_word' id='word_1_16' title='bbox 2329 459 2342 472; x_wconf 93' lang='grc'><strong>·</strong></span> <span class='ocrx_word' id='word_1_17' title='bbox 2386 461 2403 493; x_wconf 80' lang='grc' dir='ltr'><strong>ι</strong></span> <span class='ocrx_word' id='word_1_18' title='bbox 2435 439 2736 505; x_wconf 80' lang='grc' dir='ltr'><strong>τουτέστιν,</strong></span> <span class='ocrx_word' id='word_1_19' title='bbox 2789 438 2824 492; x_wconf 79' lang='grc' dir='ltr'><strong>ἃ</strong></span> <span class='ocrx_word' id='word_1_20' title='bbox 2866 438 2949 492; x_wconf 87' lang='grc' dir='ltr'><strong>δεῖ</strong></span> <span class='ocrx_word' id='word_1_21' title='bbox 2980 437 3405 510; x_wconf 72' lang='grc' dir='ltr'><strong>προσεύχεσθαι,</strong></span> <span class='ocrx_word' id='word_1_22' title='bbox 3459 442 3659 498; x_wconf 74' lang='grc' dir='ltr'><strong>διδάσκει</strong></span> 
     </span>
    </p>
   </div>
   <div class='ocr_carea' id='block_1_5' title="bbox 467 539 2042 612">
    <p class='ocr_par' dir='ltr' id='par_1_5' title="bbox 467 539 2042 612">
     <span class='ocr_line' id='line_1_5' title="bbox 467 539 2042 612; baseline 0.001 -19"><span class='ocrx_word' id='word_1_23' title='bbox 467 541 613 594; x_wconf 86' lang='lat' dir='ltr'><strong>enim</strong></span> <span class='ocrx_word' id='word_1_24' title='bbox 689 539 945 596; x_wconf 75' lang='lat' dir='ltr'><strong>Ecclesia:</strong></span> <span class='ocrx_word' id='word_1_25' title='bbox 1011 543 1268 596; x_wconf 87' lang='lat' dir='ltr'><strong>doctores</strong></span> <span class='ocrx_word' id='word_1_26' title='bbox 1332 553 1685 612; x_wconf 85' lang='lat' dir='ltr'><strong>acceperunt.</strong></span> <span class='ocrx_word' id='word_1_27' title='bbox 1739 543 2042 598; x_wconf 83' lang='lat' dir='ltr'><strong>Considera</strong></span> 
     </span>
    </p>
   </div>
   <div class='ocr_carea' id='block_1_6' title="bbox 467 629 2043 698">
    <p class='ocr_par' dir='ltr' id='par_1_6' title="bbox 467 629 2043 698">
     <span class='ocr_line' id='line_1_6' title="bbox 467 629 2043 698; baseline 0.006 -18"><span class='ocrx_word' id='word_1_28' title='bbox 467 643 618 694; x_wconf 73' lang='lat' dir='ltr'><strong>ergo,</strong></span> <span class='ocrx_word' id='word_1_29' title='bbox 648 629 692 682; x_wconf 90' lang='lat' dir='ltr'><strong>si</strong></span> <span class='ocrx_word' id='word_1_30' title='bbox 729 638 924 698; x_wconf 66' lang='lat' dir='ltr'><strong>prmter</strong></span> <span class='ocrx_word' id='word_1_31' title='bbox 953 645 1016 683; x_wconf 89' lang='lat' dir='ltr'><strong>ea</strong></span> <span class='ocrx_word' id='word_1_32' title='bbox 1051 647 1171 698; x_wconf 65' lang='lat' dir='ltr'><strong>qure</strong></span> <span class='ocrx_word' id='word_1_33' title='bbox 1211 633 1355 687; x_wconf 88' lang='lat' dir='ltr'><strong>dicta</strong></span> <span class='ocrx_word' id='word_1_34' title='bbox 1389 642 1537 697; x_wconf 88' lang='lat' dir='ltr'><strong>sunt,</strong></span> <span class='ocrx_word' id='word_1_35' title='bbox 1569 633 1622 688; x_wconf 92' lang='lat' dir='ltr'><strong>in</strong></span> <span class='ocrx_word' id='word_1_36' title='bbox 1665 635 1918 690; x_wconf 89' lang='lat' dir='ltr'><strong>omnibus</strong></span> <span class='ocrx_word' id='word_1_37' title='bbox 1953 650 2043 689; x_wconf 86' lang='lat' dir='ltr'><strong>sa-</strong></span> 
     </span>
    </p>
   </div>
   <div class='ocr_carea' id='block_1_7' title="bbox 469 720 2043 796">
    <p class='ocr_par' dir='ltr' id='par_1_7' title="bbox 469 720 2043 796">
     <span class='ocr_line' id='line_1_7' title="bbox 469 720 2043 796; baseline 0.006 -25"><span class='ocrx_word' id='word_1_38' title='bbox 469 735 686 772; x_wconf 86' lang='lat' dir='ltr'><strong>crorum</strong></span> <span class='ocrx_word' id='word_1_39' title='bbox 721 720 1106 790; x_wconf 82' lang='lat' dir='ltr'><strong>mysteriorum</strong></span> <span class='ocrx_word' id='word_1_40' title='bbox 1157 725 1615 781; x_wconf 83' lang='lat' dir='ltr'><strong>celebrationibus</strong></span> <span class='ocrx_word' id='word_1_41' title='bbox 1637 727 1884 789; x_wconf 69' lang='lat' dir='ltr'><strong>Zinveniri</strong></span> <span class='ocrx_word' id='word_1_42' title='bbox 1917 741 2043 796; x_wconf 79' lang='lat' dir='ltr'><strong>pos—</strong></span> 
     </span>
    </p>
   </div>
   <div class='ocr_carea' id='block_1_8' title="bbox 471 808 2045 890">
    <p class='ocr_par' dir='ltr' id='par_1_8' title="bbox 471 808 2045 890">
     <span class='ocr_line' id='line_1_8' title="bbox 471 808 2045 890; baseline 0.009 -28"><span class='ocrx_word' id='word_1_43' title='bbox 471 808 538 862; x_wconf 92' lang='lat' dir='ltr'><strong>sit</strong></span> <span class='ocrx_word' id='word_1_44' title='bbox 561 825 722 864; x_wconf 87' lang='lat' dir='ltr'><strong>orans</strong></span> <span class='ocrx_word' id='word_1_45' title='bbox 751 811 1016 876; x_wconf 85' lang='lat' dir='ltr'><strong>Ecclesia,</strong></span> <span class='ocrx_word' id='word_1_46' title='bbox 1053 822 1108 869; x_wconf 90' lang='lat' dir='ltr'><strong>et</strong></span> <span class='ocrx_word' id='word_1_47' title='bbox 1155 831 1261 870; x_wconf 92' lang='lat' dir='ltr'><strong>non</strong></span> <span class='ocrx_word' id='word_1_48' title='bbox 1313 818 1579 873; x_wconf 80' lang='lat' dir='ltr'><strong>invenies.</strong></span> <span class='ocrx_word' id='word_1_49' title='bbox 1631 819 1774 890; x_wconf 80' lang='lat' dir='ltr'><strong>Ergo</strong></span> <span class='ocrx_word' id='word_1_50' title='bbox 1808 819 2045 878; x_wconf 85' lang='lat' dir='ltr'><strong>orabunt</strong></span> 
     </span>
    </p>
   </div>
   <div class='ocr_carea' id='block_1_9' title="bbox 469 900 2042 983">
    <p class='ocr_par' dir='ltr' id='par_1_9' title="bbox 469 900 2042 983">
     <span class='ocr_line' id='line_1_9' title="bbox 469 900 2042 983; baseline 0.013 -34"><span class='ocrx_word' id='word_1_51' title='bbox 469 900 688 964; x_wconf 79' lang='lat' dir='ltr'><strong>quidem</strong></span> <span class='ocrx_word' id='word_1_52' title='bbox 727 902 794 958; x_wconf 88' lang='lat' dir='ltr'><strong>iis</strong></span> <span class='ocrx_word' id='word_1_53' title='bbox 827 905 918 974; x_wconf 93' lang='lat' dir='ltr'><strong>qui</strong></span> <span class='ocrx_word' id='word_1_54' title='bbox 976 907 1051 960; x_wconf 85' lang='lat' dir='ltr'><strong>rei</strong></span> <span class='ocrx_word' id='word_1_55' title='bbox 1088 923 1198 961; x_wconf 90' lang='lat' dir='ltr'><strong>non</strong></span> <span class='ocrx_word' id='word_1_56' title='bbox 1233 919 1380 974; x_wconf 90' lang='lat' dir='ltr'><strong>sunt,</strong></span> <span class='ocrx_word' id='word_1_57' title='bbox 1426 911 1803 968; x_wconf 87' lang='lat' dir='ltr'><strong>remissionem</strong></span> <span class='ocrx_word' id='word_1_58' title='bbox 1850 927 2042 983; x_wconf 87' lang='lat' dir='ltr'><strong>pecca-</strong></span> 
     </span>
    </p>
   </div>
   <div class='ocr_carea' id='block_1_10' title="bbox 471 999 2045 1073">
    <p class='ocr_par' dir='ltr' id='par_1_10' title="bbox 471 999 2045 1073">
     <span class='ocr_line' id='line_1_10' title="bbox 471 999 2045 1073; baseline 0.012 -33"><span class='ocrx_word' id='word_1_59' title='bbox 471 999 671 1057; x_wconf 86' lang='lat' dir='ltr'><strong>torum,</strong></span> <span class='ocrx_word' id='word_1_60' title='bbox 711 1004 971 1065; x_wconf 82' lang='lat' dir='ltr'><strong>tanquam</strong></span> <span class='ocrx_word' id='word_1_61' title='bbox 1010 999 1189 1052; x_wconf 86' lang='lat' dir='ltr'><strong>adbuc</strong></span> <span class='ocrx_word' id='word_1_62' title='bbox 1232 1001 1341 1056; x_wconf 91' lang='lat' dir='ltr'><strong>reis</strong></span> <span class='ocrx_word' id='word_1_63' title='bbox 1378 1009 1432 1057; x_wconf 87' lang='lat' dir='ltr'><strong>et</strong></span> <span class='ocrx_word' id='word_1_64' title='bbox 1479 1003 1763 1073; x_wconf 78' lang='lat' dir='ltr'><strong>obligatis:</strong></span> <span class='ocrx_word' id='word_1_65' title='bbox 1812 1005 2045 1060; x_wconf 89' lang='lat' dir='ltr'><strong>orabunt</strong></span> 
     </span>
    </p>
   </div>
   <div class='ocr_carea' id='block_1_11' title="bbox 470 1088 2044 1162">
    <p class='ocr_par' dir='ltr' id='par_1_11' title="bbox 470 1088 2044 1162">
     <span class='ocr_line' id='line_1_11' title="bbox 470 1088 2044 1162; baseline 0.009 -24"><span class='ocrx_word' id='word_1_66' title='bbox 470 1094 650 1140; x_wconf 87' lang='lat' dir='ltr'><strong>autem</strong></span> <span class='ocrx_word' id='word_1_67' title='bbox 676 1088 902 1152; x_wconf 87' lang='lat' dir='ltr'><strong>sanctis,</strong></span> <span class='ocrx_word' id='word_1_68' title='bbox 929 1099 1187 1159; x_wconf 90' lang='lat' dir='ltr'><strong>tauquam</strong></span> <span class='ocrx_word' id='word_1_69' title='bbox 1226 1107 1334 1146; x_wconf 91' lang='lat' dir='ltr'><strong>non</strong></span> <span class='ocrx_word' id='word_1_70' title='bbox 1360 1094 1737 1162; x_wconf 86' lang='lat' dir='ltr'><strong>sanctificatis,</strong></span> <span class='ocrx_word' id='word_1_71' title='bbox 1772 1113 1895 1153; x_wconf 88' lang='lat' dir='ltr'><strong>cum</strong></span> <span class='ocrx_word' id='word_1_72' title='bbox 1923 1109 2044 1154; x_wconf 88' lang='lat' dir='ltr'><strong>san-</strong></span> 
     </span>
    </p>
   </div>
   <div class='ocr_carea' id='block_1_12' title="bbox 470 1176 2046 1257">
    <p class='ocr_par' dir='ltr' id='par_1_12' title="bbox 470 1176 2046 1257">
     <span class='ocr_line' id='line_1_12' title="bbox 470 1176 2046 1257; baseline 0.011 -29"><span class='ocrx_word' id='word_1_73' title='bbox 470 1176 572 1229; x_wconf 86' lang='lat' dir='ltr'><strong>ctis</strong></span> <span class='ocrx_word' id='word_1_74' title='bbox 597 1178 840 1248; x_wconf 88' lang='lat' dir='ltr'><strong>requiem</strong></span> <span class='ocrx_word' id='word_1_75' title='bbox 869 1198 881 1245; x_wconf 92' lang='lat'><strong>;</strong></span> <span class='ocrx_word' id='word_1_76' title='bbox 918 1182 1158 1237; x_wconf 88' lang='lat' dir='ltr'><strong>orabunt</strong></span> <span class='ocrx_word' id='word_1_77' title='bbox 1193 1185 1448 1253; x_wconf 76' lang='lat' dir='ltr'><strong>perfectis</strong></span> <span class='ocrx_word' id='word_1_78' title='bbox 1493 1191 2046 1257; x_wconf 86' lang='lat' dir='ltr'><strong>consummationem,</strong></span> 
     </span>
    </p>
   </div>
   <div class='ocr_carea' id='block_1_13' title="bbox 471 1271 2050 1343">
    <p class='ocr_par' dir='ltr' id='par_1_13' title="bbox 471 1271 2050 1343">
     <span class='ocr_line' id='line_1_13' title="bbox 471 1271 2050 1343; baseline 0.011 -23"><span class='ocrx_word' id='word_1_79' title='bbox 471 1276 732 1336; x_wconf 90' lang='lat' dir='ltr'><strong>tanquam</strong></span> <span class='ocrx_word' id='word_1_80' title='bbox 771 1271 1010 1325; x_wconf 90' lang='lat' dir='ltr'><strong>nondum</strong></span> <span class='ocrx_word' id='word_1_81' title='bbox 1064 1277 1485 1343; x_wconf 83' lang='lat' dir='ltr'><strong>consummatis,</strong></span> <span class='ocrx_word' id='word_1_82' title='bbox 1522 1287 1576 1334; x_wconf 86' lang='lat' dir='ltr'><strong>et</strong></span> <span class='ocrx_word' id='word_1_83' title='bbox 1619 1279 1698 1336; x_wconf 85' lang='lat' dir='ltr'><strong>sic</strong></span> <span class='ocrx_word' id='word_1_84' title='bbox 1718 1297 1940 1338; x_wconf 85' lang='lat' dir='ltr'><strong>necesse</strong></span> <span class='ocrx_word' id='word_1_85' title='bbox 1967 1292 2050 1340; x_wconf 85' lang='lat' dir='ltr'><strong>est</strong></span> 
     </span>
    </p>
   </div>
   <div class='ocr_carea' id='block_1_14' title="bbox 470 1361 2048 1434">
    <p class='ocr_par' dir='ltr' id='par_1_14' title="bbox 470 1361 2048 1434">
     <span class='ocr_line' id='line_1_14' title="bbox 470 1361 2048 1434; baseline 0.012 -21"><span class='ocrx_word' id='word_1_86' title='bbox 470 1376 567 1414; x_wconf 88' lang='lat' dir='ltr'><strong>eos</strong></span> <span class='ocrx_word' id='word_1_87' title='bbox 592 1361 915 1418; x_wconf 87' lang='lat' dir='ltr'><strong>alterutrum</strong></span> <span class='ocrx_word' id='word_1_88' title='bbox 947 1381 1194 1434; x_wconf 79' lang='lat' dir='ltr'><strong>peccare.</strong></span> <span class='ocrx_word' id='word_1_89' title='bbox 1241 1367 1338 1422; x_wconf 87' lang='lat' dir='ltr'><strong>Vel</strong></span> <span class='ocrx_word' id='word_1_90' title='bbox 1368 1371 1514 1424; x_wconf 88' lang='lat' dir='ltr'><strong>enim</strong></span> <span class='ocrx_word' id='word_1_91' title='bbox 1555 1373 1879 1431; x_wconf 85' lang='lat' dir='ltr'><strong>confitentes</strong></span> <span class='ocrx_word' id='word_1_92' title='bbox 1919 1373 2048 1431; x_wconf 84' lang='lat' dir='ltr'><strong>bea-</strong></span> 
     </span>
    </p>
   </div>
   <div class='ocr_carea' id='block_1_15' title="bbox 473 1454 2048 1534">
    <p class='ocr_par' dir='ltr' id='par_1_15' title="bbox 473 1454 2048 1534">
     <span class='ocr_line' id='line_1_15' title="bbox 473 1454 2048 1534; baseline 0.013 -29"><span class='ocrx_word' id='word_1_93' title='bbox 473 1454 762 1510; x_wconf 91' lang='lat' dir='ltr'><strong>titudinem</strong></span> <span class='ocrx_word' id='word_1_94' title='bbox 801 1465 856 1511; x_wconf 89' lang='lat' dir='ltr'><strong>et</strong></span> <span class='ocrx_word' id='word_1_95' title='bbox 911 1460 1297 1526; x_wconf 77' lang='lat' dir='ltr'><strong>perfectionem</strong></span> <span class='ocrx_word' id='word_1_96' title='bbox 1336 1473 1672 1534; x_wconf 88' lang='lat' dir='ltr'><strong>sanctorum,</strong></span> <span class='ocrx_word' id='word_1_97' title='bbox 1699 1467 1928 1524; x_wconf 86' lang='lat' dir='ltr'><strong>libentes</strong></span> <span class='ocrx_word' id='word_1_98' title='bbox 1952 1485 2048 1525; x_wconf 78' lang='lat' dir='ltr'><strong>vo-</strong></span> 
     </span>
    </p>
   </div>
   <div class='ocr_carea' id='block_1_16' title="bbox 475 1546 2048 1627">
    <p class='ocr_par' dir='ltr' id='par_1_16' title="bbox 475 1546 2048 1627">
     <span class='ocr_line' id='line_1_16' title="bbox 475 1546 2048 1627; baseline 0.015 -32"><span class='ocrx_word' id='word_1_99' title='bbox 475 1546 594 1598; x_wconf 88' lang='lat' dir='ltr'><strong>lunt</strong></span> <span class='ocrx_word' id='word_1_100' title='bbox 628 1548 768 1615; x_wconf 88' lang='lat' dir='ltr'><strong>apud</strong></span> <span class='ocrx_word' id='word_1_101' title='bbox 802 1549 968 1604; x_wconf 92' lang='lat' dir='ltr'><strong>Deum</strong></span> <span class='ocrx_word' id='word_1_102' title='bbox 998 1553 1212 1622; x_wconf 80' lang='lat' dir='ltr'><strong>nugari,</strong></span> <span class='ocrx_word' id='word_1_103' title='bbox 1255 1561 1308 1608; x_wconf 89' lang='lat' dir='ltr'><strong>et</strong></span> <span class='ocrx_word' id='word_1_104' title='bbox 1339 1555 1555 1610; x_wconf 88' lang='lat' dir='ltr'><strong>inanem</strong></span> <span class='ocrx_word' id='word_1_105' title='bbox 1599 1574 1696 1627; x_wconf 91' lang='lat' dir='ltr'><strong>pro</strong></span> <span class='ocrx_word' id='word_1_106' title='bbox 1726 1559 1806 1615; x_wconf 91' lang='lat' dir='ltr'><strong>eis</strong></span> <span class='ocrx_word' id='word_1_107' title='bbox 1843 1563 2048 1618; x_wconf 88' lang='lat' dir='ltr'><strong>oratio-</strong></span> 
     </span>
    </p>
   </div>
   <div class='ocr_carea' id='block_1_17' title="bbox 474 1642 2050 1710">
    <p class='ocr_par' dir='ltr' id='par_1_17' title="bbox 474 1642 2050 1710">
     <span class='ocr_line' id='line_1_17' title="bbox 474 1642 2050 1710; baseline 0.013 -22"><span class='ocrx_word' id='word_1_108' title='bbox 474 1652 596 1688; x_wconf 81' lang='lat' dir='ltr'><strong>nem</strong></span> <span class='ocrx_word' id='word_1_109' title='bbox 631 1647 917 1693; x_wconf 74' lang='lat' dir='ltr'><strong>contexere</strong></span> <span class='ocrx_word' id='word_1_110' title='bbox 944 1681 960 1705; x_wconf 95' lang='lat'><strong>,</strong></span> <span class='ocrx_word' id='word_1_111' title='bbox 989 1642 1132 1710; x_wconf 84' lang='lat' dir='ltr'><strong>quod</strong></span> <span class='ocrx_word' id='word_1_112' title='bbox 1183 1652 1265 1696; x_wconf 89' lang='lat' dir='ltr'><strong>est</strong></span> <span class='ocrx_word' id='word_1_113' title='bbox 1294 1645 1536 1700; x_wconf 88' lang='lat' dir='ltr'><strong>virorum</strong></span> <span class='ocrx_word' id='word_1_114' title='bbox 1594 1648 1775 1704; x_wconf 82' lang='lat' dir='ltr'><strong>divina</strong></span> <span class='ocrx_word' id='word_1_115' title='bbox 1816 1651 2050 1710; x_wconf 89' lang='lat' dir='ltr'><strong>ludibrio</strong></span> 
     </span>
    </p>
   </div>
   <div class='ocr_carea' id='block_1_18' title="bbox 475 1723 2048 1808">
    <p class='ocr_par' dir='ltr' id='par_1_18' title="bbox 475 1723 2048 1808">
     <span class='ocr_line' id='line_1_18' title="bbox 475 1723 2048 1808; baseline 0.015 -34"><span class='ocrx_word' id='word_1_116' title='bbox 475 1723 812 1790; x_wconf 76' lang='lat' dir='ltr'><strong>Labentium,</strong></span> <span class='ocrx_word' id='word_1_117' title='bbox 845 1729 1024 1795; x_wconf 89' lang='lat' dir='ltr'><strong>potius</strong></span> <span class='ocrx_word' id='word_1_118' title='bbox 1052 1745 1216 1798; x_wconf 88' lang='lat' dir='ltr'><strong>quam</strong></span> <span class='ocrx_word' id='word_1_119' title='bbox 1251 1735 1594 1791; x_wconf 88' lang='lat' dir='ltr'><strong>sacerdotum</strong></span> <span class='ocrx_word' id='word_1_120' title='bbox 1621 1755 1635 1791; x_wconf 87' lang='lat'><strong>:</strong></span> <span class='ocrx_word' id='word_1_121' title='bbox 1667 1740 1750 1795; x_wconf 87' lang='lat' dir='ltr'><strong>vel</strong></span> <span class='ocrx_word' id='word_1_122' title='bbox 1782 1741 1926 1795; x_wconf 81' lang='lat' dir='ltr'><strong>serio</strong></span> <span class='ocrx_word' id='word_1_123' title='bbox 1954 1743 2048 1808; x_wconf 77' lang='lat' dir='ltr'><strong>fa-</strong></span> 
     </span>
    </p>
   </div>
   <div class='ocr_carea' id='block_1_19' title="bbox 474 1798 2122 1893">
    <p class='ocr_par' dir='ltr' id='par_1_19' title="bbox 474 1798 2122 1893">
     <span class='ocr_line' id='line_1_19' title="bbox 474 1798 2122 1893; baseline 0.013 -26"><span class='ocrx_word' id='word_1_124' title='bbox 474 1818 677 1869; x_wconf 72' lang='lat' dir='ltr'><strong>cientes</strong></span> <span class='ocrx_word' id='word_1_125' title='bbox 705 1819 998 1878; x_wconf 87' lang='lat' dir='ltr'><strong>orationes.</strong></span> <span class='ocrx_word' id='word_1_126' title='bbox 1039 1830 1298 1893; x_wconf 85' lang='lat' dir='ltr'><strong>tanquam</strong></span> <span class='ocrx_word' id='word_1_127' title='bbox 1333 1827 1710 1884; x_wconf 78' lang='lat' dir='ltr'><strong>existimantes</strong></span> <span class='ocrx_word' id='word_1_128' title='bbox 1742 1847 1798 1885; x_wconf 92' lang='lat' dir='ltr'><strong>se</strong></span> <span class='ocrx_word' id='word_1_129' title='bbox 1829 1842 2047 1889; x_wconf 84' lang='lat' dir='ltr'><strong>sanctos</strong></span> <span class='ocrx_word' id='word_1_130' title='bbox 2080 1798 2122 1852; x_wconf 75' lang='grc' dir='ltr'>Β</span> 
     </span>
    </p>
   </div>
   <div class='ocr_carea' id='block_1_20' title="bbox 475 1909 2049 1989">
    <p class='ocr_par' dir='ltr' id='par_1_20' title="bbox 475 1909 2049 1989">
     <span class='ocr_line' id='line_1_20' title="bbox 475 1909 2049 1989; baseline 0.014 -33"><span class='ocrx_word' id='word_1_131' title='bbox 475 1922 572 1967; x_wconf 77' lang='lat' dir='ltr'><strong>per</strong></span> <span class='ocrx_word' id='word_1_132' title='bbox 616 1924 709 1960; x_wconf 75' lang='lat' dir='ltr'><strong>eas</strong></span> <span class='ocrx_word' id='word_1_133' title='bbox 753 1909 967 1977; x_wconf 88' lang='lat' dir='ltr'><strong>juvare,</strong></span> <span class='ocrx_word' id='word_1_134' title='bbox 1020 1929 1206 1968; x_wconf 87' lang='lat' dir='ltr'><strong>eorum</strong></span> <span class='ocrx_word' id='word_1_135' title='bbox 1257 1916 1483 1985; x_wconf 76' lang='lat' dir='ltr'><strong>gloriam</strong></span> <span class='ocrx_word' id='word_1_136' title='bbox 1525 1918 1853 1984; x_wconf 87' lang='lat' dir='ltr'><strong>iuficiautur,</strong></span> <span class='ocrx_word' id='word_1_137' title='bbox 1905 1924 2049 1989; x_wconf 91' lang='lat' dir='ltr'><strong>quod</strong></span> 
     </span>
    </p>
   </div>
   <div class='ocr_carea' id='block_1_21' title="bbox 475 1998 2048 2074">
    <p class='ocr_par' dir='ltr' id='par_1_21' title="bbox 475 1998 2048 2074">
     <span class='ocr_line' id='line_1_21' title="bbox 475 1998 2048 2074; baseline 0.014 -27"><span class='ocrx_word' id='word_1_138' title='bbox 475 2008 558 2048; x_wconf 72' lang='lat' dir='ltr'><strong>est</strong></span> <span class='ocrx_word' id='word_1_139' title='bbox 582 1998 957 2066; x_wconf 81' lang='lat' dir='ltr'><strong>blasphemare</strong></span> <span class='ocrx_word' id='word_1_140' title='bbox 994 2019 1097 2056; x_wconf 88' lang='lat' dir='ltr'><strong>non</strong></span> <span class='ocrx_word' id='word_1_141' title='bbox 1125 2005 1272 2074; x_wconf 84' lang='lat' dir='ltr'><strong>ipsos</strong></span> <span class='ocrx_word' id='word_1_142' title='bbox 1309 2017 1536 2072; x_wconf 89' lang='lat' dir='ltr'><strong>tantum,</strong></span> <span class='ocrx_word' id='word_1_143' title='bbox 1569 2010 1663 2064; x_wconf 86' lang='lat' dir='ltr'><strong>sed</strong></span> <span class='ocrx_word' id='word_1_144' title='bbox 1695 2011 1856 2067; x_wconf 86' lang='lat' dir='ltr'><strong>etiam</strong></span> <span class='ocrx_word' id='word_1_145' title='bbox 1882 2013 2048 2070; x_wconf 88' lang='lat' dir='ltr'><strong>Deum</strong></span> 
     </span>
    </p>
   </div>
   <div class='ocr_carea' id='block_1_22' title="bbox 477 2085 2055 2176">
    <p class='ocr_par' dir='ltr' id='par_1_22' title="bbox 477 2085 2055 2176">
     <span class='ocr_line' id='line_1_22' title="bbox 477 2085 2055 2176; baseline 0.016 -40"><span class='ocrx_word' id='word_1_146' title='bbox 477 2085 678 2152; x_wconf 69' lang='lat' dir='ltr'><strong>ipsum,</strong></span> <span class='ocrx_word' id='word_1_147' title='bbox 712 2090 876 2158; x_wconf 86' lang='lat' dir='ltr'><strong>utqui</strong></span> <span class='ocrx_word' id='word_1_148' title='bbox 903 2093 1167 2160; x_wconf 88' lang='lat' dir='ltr'><strong>promissa</strong></span> <span class='ocrx_word' id='word_1_149' title='bbox 1207 2111 1311 2150; x_wconf 93' lang='lat' dir='ltr'><strong>non</strong></span> <span class='ocrx_word' id='word_1_150' title='bbox 1354 2103 1654 2155; x_wconf 86' lang='lat' dir='ltr'><strong>servaverit</strong></span> <span class='ocrx_word' id='word_1_151' title='bbox 1687 2117 1807 2172; x_wconf 74' lang='lat' dir='ltr'><strong>qua:</strong></span> <span class='ocrx_word' id='word_1_152' title='bbox 1848 2107 2055 2176; x_wconf 86' lang='lat' dir='ltr'><strong>promi-</strong></span> 
     </span>
    </p>
   </div>
   <div class='ocr_carea' id='block_1_23' title="bbox 475 2177 2049 2264">
    <p class='ocr_par' dir='ltr' id='par_1_23' title="bbox 475 2177 2049 2264">
     <span class='ocr_line' id='line_1_23' title="bbox 475 2177 2049 2264; baseline 0.017 -37"><span class='ocrx_word' id='word_1_153' title='bbox 475 2177 562 2235; x_wconf 87' lang='lat' dir='ltr'><strong>sit,</strong></span> <span class='ocrx_word' id='word_1_154' title='bbox 596 2193 654 2231; x_wconf 90' lang='lat' dir='ltr'><strong>se</strong></span> <span class='ocrx_word' id='word_1_155' title='bbox 681 2195 776 2234; x_wconf 88' lang='lat' dir='ltr'><strong>eos</strong></span> <span class='ocrx_word' id='word_1_156' title='bbox 801 2183 1254 2252; x_wconf 81' lang='lat' dir='ltr'><strong>glorificaturum,</strong></span> <span class='ocrx_word' id='word_1_157' title='bbox 1278 2197 1332 2242; x_wconf 85' lang='lat' dir='ltr'><strong>et</strong></span> <span class='ocrx_word' id='word_1_158' title='bbox 1361 2207 1588 2259; x_wconf 86' lang='lat' dir='ltr'><strong>regnum</strong></span> <span class='ocrx_word' id='word_1_159' title='bbox 1625 2195 2049 2264; x_wconf 87' lang='lat' dir='ltr'><strong>impertiturum.</strong></span> 
     </span>
    </p>
   </div>
   <div class='ocr_carea' id='block_1_24' title="bbox 482 2268 2048 2358">
    <p class='ocr_par' dir='ltr' id='par_1_24' title="bbox 482 2268 2048 2358">
     <span class='ocr_line' id='line_1_24' title="bbox 482 2268 2048 2358; baseline 0.015 -37"><span class='ocrx_word' id='word_1_160' title='bbox 482 2268 570 2323; x_wconf 79' lang='lat' dir='ltr'><strong>Vel</strong></span> <span class='ocrx_word' id='word_1_161' title='bbox 625 2273 804 2340; x_wconf 88' lang='lat' dir='ltr'><strong>potius</strong></span> <span class='ocrx_word' id='word_1_162' title='bbox 856 2285 1152 2345; x_wconf 89' lang='lat' dir='ltr'><strong>utrumque</strong></span> <span class='ocrx_word' id='word_1_163' title='bbox 1178 2289 1261 2334; x_wconf 88' lang='lat' dir='ltr'><strong>est</strong></span> <span class='ocrx_word' id='word_1_164' title='bbox 1321 2284 1612 2339; x_wconf 84' lang='lat' dir='ltr'><strong>manifesta</strong></span> <span class='ocrx_word' id='word_1_165' title='bbox 1659 2287 2048 2358; x_wconf 83' lang='lat' dir='ltr'><strong>blasphemia;</strong></span> 
     </span>
    </p>
   </div>
   <div class='ocr_carea' id='block_1_25' title="bbox 479 2362 2051 2446">
    <p class='ocr_par' dir='ltr' id='par_1_25' title="bbox 479 2362 2051 2446">
     <span class='ocr_line' id='line_1_25' title="bbox 479 2362 2051 2446; baseline 0.015 -32"><span class='ocrx_word' id='word_1_166' title='bbox 479 2362 579 2415; x_wconf 80' lang='lat' dir='ltr'><strong>lioc</strong></span> <span class='ocrx_word' id='word_1_167' title='bbox 600 2365 840 2432; x_wconf 80' lang='lat' dir='ltr'><strong>quidem,</strong></span> <span class='ocrx_word' id='word_1_168' title='bbox 871 2377 1128 2436; x_wconf 77' lang='lat' dir='ltr'><strong>tanquam</strong></span> <span class='ocrx_word' id='word_1_169' title='bbox 1154 2373 1378 2426; x_wconf 89' lang='lat' dir='ltr'><strong>omnino</strong></span> <span class='ocrx_word' id='word_1_170' title='bbox 1401 2376 1712 2446; x_wconf 80' lang='lat' dir='ltr'><strong>negantium</strong></span> <span class='ocrx_word' id='word_1_171' title='bbox 1738 2391 2051 2438; x_wconf 89' lang='lat' dir='ltr'><strong>sanctorum</strong></span> 
     </span>
    </p>
   </div>
   <div class='ocr_carea' id='block_1_26' title="bbox 479 2453 2052 2537">
    <p class='ocr_par' dir='ltr' id='par_1_26' title="bbox 479 2453 2052 2537">
     <span class='ocr_line' id='line_1_26' title="bbox 479 2453 2052 2537; baseline 0.017 -32"><span class='ocrx_word' id='word_1_172' title='bbox 479 2453 868 2511; x_wconf 82' lang='lat' dir='ltr'><strong>beatitudinem</strong></span> <span class='ocrx_word' id='word_1_173' title='bbox 907 2499 921 2521; x_wconf 86' lang='lat'><strong>,</strong></span> <span class='ocrx_word' id='word_1_174' title='bbox 956 2461 1086 2514; x_wconf 91' lang='lat' dir='ltr'><strong>illud</strong></span> <span class='ocrx_word' id='word_1_175' title='bbox 1115 2471 1320 2524; x_wconf 90' lang='lat' dir='ltr'><strong>autem,</strong></span> <span class='ocrx_word' id='word_1_176' title='bbox 1358 2475 1614 2537; x_wconf 85' lang='lat' dir='ltr'><strong>tanquam</strong></span> <span class='ocrx_word' id='word_1_177' title='bbox 1653 2470 1966 2529; x_wconf 79' lang='lat' dir='ltr'><strong>facientium</strong></span> <span class='ocrx_word' id='word_1_178' title='bbox 1987 2491 2052 2531; x_wconf 87' lang='lat' dir='ltr'><strong>ea</strong></span> 
     </span>
    </p>
   </div>
   <div class='ocr_carea' id='block_1_27' title="bbox 479 2547 2054 2624">
    <p class='ocr_par' dir='ltr' id='par_1_27' title="bbox 479 2547 2054 2624">
     <span class='ocr_line' id='line_1_27' title="bbox 479 2547 2054 2624; baseline 0.016 -26"><span class='ocrx_word' id='word_1_179' title='bbox 479 2563 598 2613; x_wconf 71' lang='lat' dir='ltr'><strong>qua:</strong></span> <span class='ocrx_word' id='word_1_180' title='bbox 638 2547 844 2604; x_wconf 89' lang='lat' dir='ltr'><strong>faciunt</strong></span> <span class='ocrx_word' id='word_1_181' title='bbox 888 2553 980 2621; x_wconf 90' lang='lat' dir='ltr'><strong>qui</strong></span> <span class='ocrx_word' id='word_1_182' title='bbox 1030 2564 1257 2624; x_wconf 79' lang='lat' dir='ltr'><strong>negant.</strong></span> <span class='ocrx_word' id='word_1_183' title='bbox 1306 2556 1456 2623; x_wconf 85' lang='lat' dir='ltr'><strong>Quos</strong></span> <span class='ocrx_word' id='word_1_184' title='bbox 1506 2562 1650 2616; x_wconf 89' lang='lat' dir='ltr'><strong>enim</strong></span> <span class='ocrx_word' id='word_1_185' title='bbox 1698 2565 1887 2622; x_wconf 87' lang='lat' dir='ltr'><strong>beatos</strong></span> <span class='ocrx_word' id='word_1_186' title='bbox 1935 2583 2054 2624; x_wconf 89' lang='lat' dir='ltr'><strong>esse</strong></span> 
     </span>
    </p>
   </div>
   <div class='ocr_carea' id='block_1_28' title="bbox 480 2639 2056 2724">
    <p class='ocr_par' dir='ltr' id='par_1_28' title="bbox 480 2639 2056 2724">
     <span class='ocr_line' id='line_1_28' title="bbox 480 2639 2056 2724; baseline 0.018 -37"><span class='ocrx_word' id='word_1_187' title='bbox 480 2639 730 2705; x_wconf 79' lang='lat' dir='ltr'><strong>credunt,</strong></span> <span class='ocrx_word' id='word_1_188' title='bbox 761 2650 820 2695; x_wconf 92' lang='lat' dir='ltr'><strong>ut</strong></span> <span class='ocrx_word' id='word_1_189' title='bbox 842 2643 932 2712; x_wconf 68' lang='lat' dir='ltr'><strong>qui</strong></span> <span class='ocrx_word' id='word_1_190' title='bbox 966 2646 1016 2698; x_wconf 90' lang='lat' dir='ltr'><strong>in</strong></span> <span class='ocrx_word' id='word_1_191' title='bbox 1049 2647 1282 2702; x_wconf 82' lang='lat' dir='ltr'><strong>filiorum</strong></span> <span class='ocrx_word' id='word_1_192' title='bbox 1320 2651 1567 2708; x_wconf 90' lang='lat' dir='ltr'><strong>ordinem</strong></span> <span class='ocrx_word' id='word_1_193' title='bbox 1619 2655 1775 2709; x_wconf 88' lang='lat' dir='ltr'><strong>relati</strong></span> <span class='ocrx_word' id='word_1_194' title='bbox 1825 2668 1971 2724; x_wconf 88' lang='lat' dir='ltr'><strong>sunt,</strong></span> <span class='ocrx_word' id='word_1_195' title='bbox 2002 2669 2056 2715; x_wconf 92' lang='lat' dir='ltr'><strong>et</strong></span> 
     </span>
    </p>
   </div>
   <div class='ocr_carea' id='block_1_29' title="bbox 482 2731 2056 2806">
    <p class='ocr_par' dir='ltr' id='par_1_29' title="bbox 482 2731 2056 2806">
     <span class='ocr_line' id='line_1_29' title="bbox 482 2731 2056 2806; baseline 0.017 -26"><span class='ocrx_word' id='word_1_196' title='bbox 482 2731 652 2798; x_wconf 82' lang='lat' dir='ltr'><strong>ipsius</strong></span> <span class='ocrx_word' id='word_1_197' title='bbox 681 2734 829 2801; x_wconf 80' lang='lat' dir='ltr'><strong>regni</strong></span> <span class='ocrx_word' id='word_1_198' title='bbox 861 2735 1102 2792; x_wconf 77' lang='lat' dir='ltr'><strong>lireredes</strong></span> <span class='ocrx_word' id='word_1_199' title='bbox 1128 2777 1144 2803; x_wconf 90' lang='lat'><strong>,</strong></span> <span class='ocrx_word' id='word_1_200' title='bbox 1211 2755 1307 2796; x_wconf 90' lang='lat' dir='ltr'><strong>eos</strong></span> <span class='ocrx_word' id='word_1_201' title='bbox 1344 2743 1494 2798; x_wconf 93' lang='lat' dir='ltr'><strong>nullo</strong></span> <span class='ocrx_word' id='word_1_202' title='bbox 1525 2760 1648 2801; x_wconf 88' lang='lat' dir='ltr'><strong>esse</strong></span> <span class='ocrx_word' id='word_1_203' title='bbox 1694 2763 1922 2806; x_wconf 88' lang='lat' dir='ltr'><strong>munere</strong></span> <span class='ocrx_word' id='word_1_204' title='bbox 1972 2753 2056 2806; x_wconf 88' lang='lat' dir='ltr'><strong>af-</strong></span> 
     </span>
    </p>
   </div>
   <div class='ocr_carea' id='block_1_30' title="bbox 480 2820 2055 2914">
    <p class='ocr_par' dir='ltr' id='par_1_30' title="bbox 480 2820 2055 2914">
     <span class='ocr_line' id='line_1_30' title="bbox 480 2820 2055 2914; baseline 0.017 -40"><span class='ocrx_word' id='word_1_205' title='bbox 480 2820 655 2879; x_wconf 73' lang='lat' dir='ltr'><strong>feetes</strong></span> <span class='ocrx_word' id='word_1_206' title='bbox 687 2833 739 2878; x_wconf 91' lang='lat' dir='ltr'><strong>et</strong></span> <span class='ocrx_word' id='word_1_207' title='bbox 769 2826 1128 2886; x_wconf 82' lang='lat' dir='ltr'><strong>inhonoratos</strong></span> <span class='ocrx_word' id='word_1_208' title='bbox 1151 2843 1205 2886; x_wconf 91' lang='lat' dir='ltr'><strong>et</strong></span> <span class='ocrx_word' id='word_1_209' title='bbox 1233 2849 1358 2891; x_wconf 88' lang='lat' dir='ltr'><strong>reos</strong></span> <span class='ocrx_word' id='word_1_210' title='bbox 1389 2877 1406 2902; x_wconf 88' lang='lat'><strong>,</strong></span> <span class='ocrx_word' id='word_1_211' title='bbox 1458 2853 1524 2892; x_wconf 90' lang='lat' dir='ltr'><strong>eo</strong></span> <span class='ocrx_word' id='word_1_212' title='bbox 1555 2840 1672 2909; x_wconf 89' lang='lat' dir='ltr'><strong>ipso</strong></span> <span class='ocrx_word' id='word_1_213' title='bbox 1703 2857 1812 2911; x_wconf 91' lang='lat' dir='ltr'><strong>quo</strong></span> <span class='ocrx_word' id='word_1_214' title='bbox 1854 2858 1950 2914; x_wconf 92' lang='lat' dir='ltr'><strong>pro</strong></span> <span class='ocrx_word' id='word_1_215' title='bbox 1976 2846 2055 2901; x_wconf 86' lang='lat' dir='ltr'><strong>eis</strong></span> 
     </span>
    </p>
   </div>
   <div class='ocr_carea' id='block_1_31' title="bbox 482 2915 2056 3000">
    <p class='ocr_par' dir='ltr' id='par_1_31' title="bbox 482 2915 2056 3000">
     <span class='ocr_line' id='line_1_31' title="bbox 482 2915 2056 3000; baseline 0.016 -32"><span class='ocrx_word' id='word_1_216' title='bbox 482 2915 609 2968; x_wconf 90' lang='lat' dir='ltr'><strong>talia</strong></span> <span class='ocrx_word' id='word_1_217' title='bbox 664 2929 982 2987; x_wconf 87' lang='lat' dir='ltr'><strong>precantur,</strong></span> <span class='ocrx_word' id='word_1_218' title='bbox 1034 2931 1323 2982; x_wconf 89' lang='lat' dir='ltr'><strong>testantur.</strong></span> <span class='ocrx_word' id='word_1_219' title='bbox 1349 2928 1424 2984; x_wconf 86' lang='lat' dir='ltr'><strong>Ita</strong></span> <span class='ocrx_word' id='word_1_220' title='bbox 1452 2945 1580 3000; x_wconf 77' lang='lat' dir='ltr'><strong>ergo</strong></span> <span class='ocrx_word' id='word_1_221' title='bbox 1617 2931 1810 2988; x_wconf 87' lang='lat' dir='ltr'><strong>harum</strong></span> <span class='ocrx_word' id='word_1_222' title='bbox 1874 2951 2056 2993; x_wconf 87' lang='lat' dir='ltr'><strong>rerum</strong></span> 
     </span>
    </p>
   </div>
   <div class='ocr_carea' id='block_1_32' title="bbox 484 3008 2057 3090">
    <p class='ocr_par' dir='ltr' id='par_1_32' title="bbox 484 3008 2057 3090">
     <span class='ocr_line' id='line_1_32' title="bbox 484 3008 2057 3090; baseline 0.017 -33"><span class='ocrx_word' id='word_1_223' title='bbox 484 3008 652 3074; x_wconf 67' lang='lat' dir='ltr'><strong>grat’a</strong></span> <span class='ocrx_word' id='word_1_224' title='bbox 691 3009 987 3066; x_wconf 85' lang='lat' dir='ltr'><strong>absurdum</strong></span> <span class='ocrx_word' id='word_1_225' title='bbox 1013 3027 1135 3068; x_wconf 90' lang='lat' dir='ltr'><strong>esse</strong></span> <span class='ocrx_word' id='word_1_226' title='bbox 1159 3016 1392 3084; x_wconf 87' lang='lat' dir='ltr'><strong>videtur,</strong></span> <span class='ocrx_word' id='word_1_227' title='bbox 1430 3019 1473 3074; x_wconf 92' lang='lat' dir='ltr'><strong>si</strong></span> <span class='ocrx_word' id='word_1_228' title='bbox 1503 3023 1627 3090; x_wconf 87' lang='lat' dir='ltr'><strong>quis</strong></span> <span class='ocrx_word' id='word_1_229' title='bbox 1651 3025 1925 3082; x_wconf 76' lang='lat' dir='ltr'><strong>existimet</strong></span> <span class='ocrx_word' id='word_1_230' title='bbox 1954 3028 2057 3084; x_wconf 86' lang='lat' dir='ltr'><strong>Ec-</strong></span> 
     </span>
    </p>
   </div>
   <div class='ocr_carea' id='block_1_33' title="bbox 485 3096 2126 3189">
    <p class='ocr_par' dir='ltr' id='par_1_33' title="bbox 485 3096 2126 3189">
     <span class='ocr_line' id='line_1_33' title="bbox 485 3096 2126 3189; baseline 0.017 -41"><span class='ocrx_word' id='word_1_231' title='bbox 485 3096 664 3151; x_wconf 69' lang='lat' dir='ltr'><strong>clesiae</strong></span> <span class='ocrx_word' id='word_1_232' title='bbox 695 3113 790 3167; x_wconf 90' lang='lat' dir='ltr'><strong>pro</strong></span> <span class='ocrx_word' id='word_1_233' title='bbox 819 3103 1025 3156; x_wconf 82' lang='lat' dir='ltr'><strong>sanctis</strong></span> <span class='ocrx_word' id='word_1_234' title='bbox 1050 3104 1115 3158; x_wconf 88' lang='lat' dir='ltr'><strong>ad</strong></span> <span class='ocrx_word' id='word_1_235' title='bbox 1151 3105 1317 3160; x_wconf 87' lang='lat' dir='ltr'><strong>Deum</strong></span> <span class='ocrx_word' id='word_1_236' title='bbox 1348 3109 1675 3168; x_wconf 82' lang='lat' dir='ltr'><strong>oblationem</strong></span> <span class='ocrx_word' id='word_1_237' title='bbox 1701 3131 1822 3171; x_wconf 90' lang='lat' dir='ltr'><strong>esse</strong></span> <span class='ocrx_word' id='word_1_238' title='bbox 1844 3120 2051 3186; x_wconf 85' lang='lat' dir='ltr'><strong>suppli-</strong></span> <span class='ocrx_word' id='word_1_239' title='bbox 2083 3131 2126 3189; x_wconf 75' lang='grc' dir='ltr'>ο</span> 
     </span>
    </p>
   </div>
   <div class='ocr_carea' id='block_1_34' title="bbox 485 3191 2051 3277">
    <p class='ocr_par' dir='ltr' id='par_1_34' title="bbox 485 3191 2051 3277">
     <span class='ocr_line' id='line_1_34' title="bbox 485 3191 2051 3277; baseline 0.019 -38"><span class='ocrx_word' id='word_1_240' title='bbox 485 3191 769 3245; x_wconf 71' lang='lat' dir='ltr'><strong>rami-iam.</strong></span> <span class='ocrx_word' id='word_1_241' title='bbox 824 3191 1121 3250; x_wconf 85' lang='lat' dir='ltr'><strong>Videamus</strong></span> <span class='ocrx_word' id='word_1_242' title='bbox 1197 3209 1380 3254; x_wconf 90' lang='lat' dir='ltr'><strong>autem</strong></span> <span class='ocrx_word' id='word_1_243' title='bbox 1453 3204 1616 3259; x_wconf 89' lang='lat' dir='ltr'><strong>etiam</strong></span> <span class='ocrx_word' id='word_1_244' title='bbox 1676 3207 1792 3277; x_wconf 87' lang='lat' dir='ltr'><strong>ipsa</strong></span> <span class='ocrx_word' id='word_1_245' title='bbox 1843 3213 2051 3269; x_wconf 84' lang='lat' dir='ltr'><strong>verba:</strong></span> 
     </span>
    </p>
   </div>
   <div class='ocr_carea' id='block_1_35' title="bbox 470 3266 2052 3359">
    <p class='ocr_par' dir='ltr' id='par_1_35' title="bbox 470 3266 2052 3359">
     <span class='ocr_line' id='line_1_35' title="bbox 470 3266 2052 3359; baseline 0.016 -26"><span class='ocrx_word' id='word_1_246' title='bbox 470 3266 507 3333; x_wconf 49' lang='grc' dir='ltr'><strong>ἰ</strong></span> <span class='ocrx_word' id='word_1_247' title='bbox 542 3281 805 3338; x_wconf 64' lang='lat' dir='ltr'><strong>Praeterea</strong></span> <span class='ocrx_word' id='word_1_248' title='bbox 830 3285 1113 3343; x_wconf 73' lang='lat' dir='ltr'><strong>offerimus</strong></span> <span class='ocrx_word' id='word_1_249' title='bbox 1140 3290 1234 3343; x_wconf 89' lang='lat' dir='ltr'><strong>tibi</strong></span> <span class='ocrx_word' id='word_1_250' title='bbox 1268 3293 1646 3352; x_wconf 86' lang='lat' dir='ltr'><strong>rationabilem</strong></span> <span class='ocrx_word' id='word_1_251' title='bbox 1678 3299 1824 3355; x_wconf 84' lang='lat' dir='ltr'><strong>hunc</strong></span> <span class='ocrx_word' id='word_1_252' title='bbox 1846 3303 2052 3359; x_wconf 89' lang='lat' dir='ltr'><strong>cultum</strong></span> 
     </span>
    </p>
   </div>
   <div class='ocr_carea' id='block_1_36' title="bbox 484 3376 2056 3463">
    <p class='ocr_par' dir='ltr' id='par_1_36' title="bbox 484 3376 2056 3463">
     <span class='ocr_line' id='line_1_36' title="bbox 484 3376 2056 3463; baseline 0.017 -38"><span class='ocrx_word' id='word_1_253' title='bbox 484 3389 582 3442; x_wconf 74' lang='lat' dir='ltr'><strong>pro</strong></span> <span class='ocrx_word' id='word_1_254' title='bbox 615 3376 679 3429; x_wconf 90' lang='lat' dir='ltr'><strong>iis</strong></span> <span class='ocrx_word' id='word_1_255' title='bbox 701 3377 792 3445; x_wconf 90' lang='lat' dir='ltr'><strong>qui</strong></span> <span class='ocrx_word' id='word_1_256' title='bbox 817 3379 870 3431; x_wconf 89' lang='lat' dir='ltr'><strong>in</strong></span> <span class='ocrx_word' id='word_1_257' title='bbox 898 3379 1001 3433; x_wconf 86' lang='lat' dir='ltr'><strong>fide</strong></span> <span class='ocrx_word' id='word_1_258' title='bbox 1030 3383 1431 3450; x_wconf 78' lang='lat' dir='ltr'><strong>requieverunt,</strong></span> <span class='ocrx_word' id='word_1_259' title='bbox 1451 3388 1770 3456; x_wconf 85' lang='lat' dir='ltr'><strong>majoribus,</strong></span> <span class='ocrx_word' id='word_1_260' title='bbox 1791 3394 2056 3463; x_wconf 86' lang='lat' dir='ltr'><strong>patribus,</strong></span> 
     </span>
    </p>
   </div>
   <div class='ocr_carea' id='block_1_37' title="bbox 486 3463 2054 3553">
    <p class='ocr_par' dir='ltr' id='par_1_37' title="bbox 486 3463 2054 3553">
     <span class='ocr_line' id='line_1_37' title="bbox 486 3463 2054 3553; baseline 0.019 -40"><span class='ocrx_word' id='word_1_261' title='bbox 486 3463 842 3530; x_wconf 82' lang='lat' dir='ltr'><strong>patriarcbis,</strong></span> <span class='ocrx_word' id='word_1_262' title='bbox 894 3468 1195 3537; x_wconf 80' lang='lat' dir='ltr'><strong>prapbetis,</strong></span> <span class='ocrx_word' id='word_1_263' title='bbox 1248 3476 1529 3542; x_wconf 88' lang='lat' dir='ltr'><strong>apostolis,</strong></span> <span class='ocrx_word' id='word_1_264' title='bbox 1588 3481 2054 3553; x_wconf 69' lang='lat' dir='ltr'><strong>prmdicatoribtts,</strong></span> 
     </span>
    </p>
   </div>
   <div class='ocr_carea' id='block_1_38' title="bbox 488 3557 2058 3632">
    <p class='ocr_par' dir='ltr' id='par_1_38' title="bbox 488 3557 2058 3632">
     <span class='ocr_line' id='line_1_38' title="bbox 488 3557 2058 3632; baseline 0.02 -31"><span class='ocrx_word' id='word_1_265' title='bbox 488 3557 858 3625; x_wconf 79' lang='lat' dir='ltr'><strong>mangclistis,</strong></span> <span class='ocrx_word' id='word_1_266' title='bbox 896 3563 1255 3629; x_wconf 86' lang='lat' dir='ltr'><strong>martyribus,</strong></span> <span class='ocrx_word' id='word_1_267' title='bbox 1289 3566 1720 3632; x_wconf 85' lang='lat' dir='ltr'><strong>eonfessoribus.</strong></span> <span class='ocrx_word' id='word_1_268' title='bbox 1775 3579 2058 3632; x_wconf 88' lang='lat' dir='ltr'><strong>continen-</strong></span> 
     </span>
    </p>
   </div>
   <div class='ocr_carea' id='block_1_39' title="bbox 489 3647 2060 3738">
    <p class='ocr_par' dir='ltr' id='par_1_39' title="bbox 489 3647 2060 3738">
     <span class='ocr_line' id='line_1_39' title="bbox 489 3647 2060 3738; baseline 0.017 -39"><span class='ocrx_word' id='word_1_269' title='bbox 489 3647 654 3709; x_wconf 84' lang='lat' dir='ltr'><strong>tibus,</strong></span> <span class='ocrx_word' id='word_1_270' title='bbox 687 3657 741 3702; x_wconf 89' lang='lat' dir='ltr'><strong>et</strong></span> <span class='ocrx_word' id='word_1_271' title='bbox 789 3652 936 3705; x_wconf 91' lang='lat' dir='ltr'><strong>omni</strong></span> <span class='ocrx_word' id='word_1_272' title='bbox 972 3653 1167 3723; x_wconf 83' lang='lat' dir='ltr'><strong>spiritu</strong></span> <span class='ocrx_word' id='word_1_273' title='bbox 1213 3655 1264 3709; x_wconf 89' lang='lat' dir='ltr'><strong>in</strong></span> <span class='ocrx_word' id='word_1_274' title='bbox 1298 3655 1398 3711; x_wconf 82' lang='lat' dir='ltr'><strong>ﬁde</strong></span> <span class='ocrx_word' id='word_1_275' title='bbox 1436 3675 1837 3729; x_wconf 89' lang='lat' dir='ltr'><strong>consummato,</strong></span> <span class='ocrx_word' id='word_1_276' title='bbox 1871 3671 2060 3738; x_wconf 52' lang='lat' dir='ltr'><strong>praeci-</strong></span> 
     </span>
    </p>
   </div>
   <div class='ocr_carea' id='block_1_40' title="bbox 490 3742 2058 3820">
    <p class='ocr_par' dir='ltr' id='par_1_40' title="bbox 490 3742 2058 3820">
     <span class='ocr_line' id='line_1_40' title="bbox 490 3742 2058 3820; baseline 0.016 -30"><span class='ocrx_word' id='word_1_277' title='bbox 490 3754 594 3807; x_wconf 88' lang='lat' dir='ltr'><strong>pue</strong></span> <span class='ocrx_word' id='word_1_278' title='bbox 625 3742 995 3808; x_wconf 85' lang='lat' dir='ltr'><strong>sanctissima,</strong></span> <span class='ocrx_word' id='word_1_279' title='bbox 1049 3745 1388 3814; x_wconf 86' lang='lat' dir='ltr'><strong>intemerata,</strong></span> <span class='ocrx_word' id='word_1_280' title='bbox 1426 3751 1664 3820; x_wconf 77' lang='lat' dir='ltr'><strong>gloriosa</strong></span> <span class='ocrx_word' id='word_1_281' title='bbox 1698 3754 1924 3812; x_wconf 87' lang='lat' dir='ltr'><strong>Domina</strong></span> <span class='ocrx_word' id='word_1_282' title='bbox 1955 3777 2058 3815; x_wconf 89' lang='lat' dir='ltr'><strong>no-</strong></span> 
     </span>
    </p>
   </div>
   <div class='ocr_carea' id='block_1_41' title="bbox 493 3833 2060 3920">
    <p class='ocr_par' dir='ltr' id='par_1_41' title="bbox 493 3833 2060 3920">
     <span class='ocr_line' id='line_1_41' title="bbox 493 3833 2060 3920; baseline 0.011 -34"><span class='ocrx_word' id='word_1_283' title='bbox 493 3842 627 3895; x_wconf 81' lang='lat' dir='ltr'><strong>stra,</strong></span> <span class='ocrx_word' id='word_1_284' title='bbox 665 3833 887 3903; x_wconf 77' lang='lat' dir='ltr'><strong>Deipara</strong></span> <span class='ocrx_word' id='word_1_285' title='bbox 923 3846 978 3891; x_wconf 90' lang='lat' dir='ltr'><strong>et</strong></span> <span class='ocrx_word' id='word_1_286' title='bbox 1005 3853 1221 3908; x_wconf 85' lang='lat' dir='ltr'><strong>semper</strong></span> <span class='ocrx_word' id='word_1_287' title='bbox 1250 3841 1460 3910; x_wconf 80' lang='lat' dir='ltr'><strong>virgine</strong></span> <span class='ocrx_word' id='word_1_288' title='bbox 1500 3843 1689 3909; x_wconf 87' lang='lat' dir='ltr'><strong>Maria,</strong></span> <span class='ocrx_word' id='word_1_289' title='bbox 1717 3859 1907 3902; x_wconf 86' lang='lat' dir='ltr'><strong>sancto</strong></span> <span class='ocrx_word' id='word_1_290' title='bbox 1937 3867 2060 3920; x_wconf 86' lang='lat' dir='ltr'><strong>pro-</strong></span> 
     </span>
    </p>
   </div>
   <div class='ocr_carea' id='block_1_42' title="bbox 493 3928 2062 4005">
    <p class='ocr_par' dir='ltr' id='par_1_42' title="bbox 493 3928 2062 4005">
     <span class='ocr_line' id='line_1_42' title="bbox 493 3928 2062 4005; baseline 0.015 -28"><span class='ocrx_word' id='word_1_291' title='bbox 493 3928 648 3995; x_wconf 82' lang='lat' dir='ltr'><strong>pheta</strong></span> <span class='ocrx_word' id='word_1_292' title='bbox 702 3928 1046 3986; x_wconf 69' lang='lat' dir='ltr'><strong>Prrecursore</strong></span> <span class='ocrx_word' id='word_1_293' title='bbox 1106 3940 1159 3987; x_wconf 87' lang='lat' dir='ltr'><strong>ct</strong></span> <span class='ocrx_word' id='word_1_294' title='bbox 1213 3931 1454 4002; x_wconf 84' lang='lat' dir='ltr'><strong>Baptista</strong></span> <span class='ocrx_word' id='word_1_295' title='bbox 1503 3935 1739 4005; x_wconf 84' lang='lat' dir='ltr'><strong>Joanne,</strong></span> <span class='ocrx_word' id='word_1_296' title='bbox 1772 3944 1978 3998; x_wconf 81' lang='lat' dir='ltr'><strong>sanctis</strong></span> <span class='ocrx_word' id='word_1_297' title='bbox 2009 3953 2062 4000; x_wconf 90' lang='lat' dir='ltr'><strong>et</strong></span> 
     </span>
    </p>
   </div>
   <div class='ocr_carea' id='block_1_43' title="bbox 494 4020 2060 4102">
    <p class='ocr_par' dir='ltr' id='par_1_43' title="bbox 494 4020 2060 4102">
     <span class='ocr_line' id='line_1_43' title="bbox 494 4020 2060 4102; baseline 0.011 -30"><span class='ocrx_word' id='word_1_298' title='bbox 494 4020 794 4076; x_wconf 66' lang='lat' dir='ltr'><strong>liencdictis</strong></span> <span class='ocrx_word' id='word_1_299' title='bbox 846 4022 1127 4091; x_wconf 89' lang='lat' dir='ltr'><strong>apostolis,</strong></span> <span class='ocrx_word' id='word_1_300' title='bbox 1165 4034 1215 4078; x_wconf 88' lang='lat' dir='ltr'><strong>et</strong></span> <span class='ocrx_word' id='word_1_301' title='bbox 1258 4027 1514 4083; x_wconf 86' lang='lat' dir='ltr'><strong>omnibus</strong></span> <span class='ocrx_word' id='word_1_302' title='bbox 1547 4033 1752 4086; x_wconf 89' lang='lat' dir='ltr'><strong>sanctis</strong></span> <span class='ocrx_word' id='word_1_303' title='bbox 1783 4048 1796 4086; x_wconf 94' lang='lat'><strong>:</strong></span> <span class='ocrx_word' id='word_1_304' title='bbox 1829 4049 2060 4102; x_wconf 91' lang='lat' dir='ltr'><strong>quorum</strong></span> 
     </span>
    </p>
   </div>
   <div class='ocr_carea' id='block_1_44' title="bbox 494 4112 2061 4185">
    <p class='ocr_par' dir='ltr' id='par_1_44' title="bbox 494 4112 2061 4185">
     <span class='ocr_line' id='line_1_44' title="bbox 494 4112 2061 4185; baseline 0.014 -24"><span class='ocrx_word' id='word_1_305' title='bbox 494 4112 748 4179; x_wconf 71' lang='lat' dir='ltr'><strong>pret-ibus</strong></span> <span class='ocrx_word' id='word_1_306' title='bbox 788 4114 997 4182; x_wconf 89' lang='lat' dir='ltr'><strong>respice</strong></span> <span class='ocrx_word' id='word_1_307' title='bbox 1033 4130 1153 4181; x_wconf 89' lang='lat' dir='ltr'><strong>nos,</strong></span> <span class='ocrx_word' id='word_1_308' title='bbox 1188 4115 1355 4185; x_wconf 90' lang='lat' dir='ltr'><strong>Deus,</strong></span> <span class='ocrx_word' id='word_1_309' title='bbox 1388 4128 1442 4172; x_wconf 91' lang='lat' dir='ltr'><strong>et</strong></span> <span class='ocrx_word' id='word_1_310' title='bbox 1483 4133 1760 4178; x_wconf 88' lang='lat' dir='ltr'><strong>memento</strong></span> <span class='ocrx_word' id='word_1_311' title='bbox 1818 4128 2061 4184; x_wconf 89' lang='lat' dir='ltr'><strong>omnium</strong></span> 
     </span>
    </p>
   </div>
   <div class='ocr_carea' id='block_1_45' title="bbox 496 4201 2062 4284">
    <p class='ocr_par' dir='ltr' id='par_1_45' title="bbox 496 4201 2062 4284">
     <span class='ocr_line' id='line_1_45' title="bbox 496 4201 2062 4284; baseline 0.013 -33"><span class='ocrx_word' id='word_1_312' title='bbox 496 4201 588 4270; x_wconf 88' lang='lat' dir='ltr'><strong>qui</strong></span> <span class='ocrx_word' id='word_1_313' title='bbox 613 4203 949 4258; x_wconf 81' lang='lat' dir='ltr'><strong>dormierunt</strong></span> <span class='ocrx_word' id='word_1_314' title='bbox 973 4205 1024 4258; x_wconf 91' lang='lat' dir='ltr'><strong>iu</strong></span> <span class='ocrx_word' id='word_1_315' title='bbox 1045 4220 1144 4276; x_wconf 89' lang='lat' dir='ltr'><strong>spe</strong></span> <span class='ocrx_word' id='word_1_316' title='bbox 1170 4212 1586 4266; x_wconf 75' lang='lat' dir='ltr'><strong>resurrectionis</strong></span> <span class='ocrx_word' id='word_1_317' title='bbox 1612 4225 1664 4266; x_wconf 88' lang='lat' dir='ltr'><strong>et</strong></span> <span class='ocrx_word' id='word_1_318' title='bbox 1686 4214 1806 4267; x_wconf 69' lang='lat' dir='ltr'><strong>vitae</strong></span> <span class='ocrx_word' id='word_1_319' title='bbox 1826 4223 2062 4284; x_wconf 61' lang='lat' dir='ltr'><strong>aeterne,</strong></span> 
     </span>
    </p>
   </div>
   <div class='ocr_carea' id='block_1_46' title="bbox 497 4293 2058 4366">
    <p class='ocr_par' dir='ltr' id='par_1_46' title="bbox 497 4293 2058 4366">
     <span class='ocr_line' id='line_1_46' title="bbox 497 4293 2058 4366; baseline 0.012 -24"><span class='ocrx_word' id='word_1_320' title='bbox 497 4303 545 4344; x_wconf 80' lang='lat' dir='ltr'><strong>et</strong></span> <span class='ocrx_word' id='word_1_321' title='bbox 577 4293 659 4346; x_wconf 88' lang='lat' dir='ltr'><strong>fac</strong></span> <span class='ocrx_word' id='word_1_322' title='bbox 685 4294 804 4346; x_wconf 92' lang='lat' dir='ltr'><strong>illos</strong></span> <span class='ocrx_word' id='word_1_323' title='bbox 826 4296 1107 4362; x_wconf 85' lang='lat' dir='ltr'><strong>quiescere</strong></span> <span class='ocrx_word' id='word_1_324' title='bbox 1133 4297 1222 4351; x_wconf 90' lang='lat' dir='ltr'><strong>ubi</strong></span> <span class='ocrx_word' id='word_1_325' title='bbox 1251 4300 1472 4366; x_wconf 87' lang='lat' dir='ltr'><strong>respicit</strong></span> <span class='ocrx_word' id='word_1_326' title='bbox 1511 4303 1693 4356; x_wconf 91' lang='lat' dir='ltr'><strong>lumen</strong></span> <span class='ocrx_word' id='word_1_327' title='bbox 1729 4306 1911 4360; x_wconf 89' lang='lat' dir='ltr'><strong>vultus</strong></span> <span class='ocrx_word' id='word_1_328' title='bbox 1932 4309 2058 4362; x_wconf 66' lang='lat' dir='ltr'><strong>tui.)</strong></span> 
     </span>
    </p>
   </div>
   <div class='ocr_carea' id='block_1_47' title="bbox 501 4382 2066 4466">
    <p class='ocr_par' dir='ltr' id='par_1_47' title="bbox 501 4382 2066 4466">
     <span class='ocr_line' id='line_1_47' title="bbox 501 4382 2066 4466; baseline 0.012 -31"><span class='ocrx_word' id='word_1_329' title='bbox 501 4382 622 4437; x_wconf 83' lang='lat' dir='ltr'><strong>ll.rc</strong></span> <span class='ocrx_word' id='word_1_330' title='bbox 651 4395 776 4440; x_wconf 63' lang='lat' dir='ltr'><strong>sunt</strong></span> <span class='ocrx_word' id='word_1_331' title='bbox 806 4387 963 4441; x_wconf 63' lang='lat' dir='ltr'><strong>verba</strong></span> <span class='ocrx_word' id='word_1_332' title='bbox 996 4388 1047 4441; x_wconf 88' lang='lat' dir='ltr'><strong>in</strong></span> <span class='ocrx_word' id='word_1_333' title='bbox 1079 4390 1276 4456; x_wconf 79' lang='lat' dir='ltr'><strong>quibus</strong></span> <span class='ocrx_word' id='word_1_334' title='bbox 1306 4392 1451 4446; x_wconf 84' lang='lat' dir='ltr'><strong>nulla</strong></span> <span class='ocrx_word' id='word_1_335' title='bbox 1479 4397 1788 4450; x_wconf 87' lang='lat' dir='ltr'><strong>continetur</strong></span> <span class='ocrx_word' id='word_1_336' title='bbox 1820 4413 1916 4466; x_wconf 90' lang='lat' dir='ltr'><strong>pro</strong></span> <span class='ocrx_word' id='word_1_337' title='bbox 1937 4414 2066 4454; x_wconf 85' lang='lat' dir='ltr'><strong>san-</strong></span> 
     </span>
    </p>
   </div>
   <div class='ocr_carea' id='block_1_48' title="bbox 499 4480 2143 4570">
    <p class='ocr_par' dir='ltr' id='par_1_48' title="bbox 499 4480 2143 4570">
     <span class='ocr_line' id='line_1_48' title="bbox 499 4480 2143 4570; baseline 0.009 -40"><span class='ocrx_word' id='word_1_338' title='bbox 499 4480 603 4533; x_wconf 84' lang='lat' dir='ltr'><strong>ctis</strong></span> <span class='ocrx_word' id='word_1_339' title='bbox 625 4481 687 4532; x_wconf 89' lang='lat' dir='ltr'><strong>ad</strong></span> <span class='ocrx_word' id='word_1_340' title='bbox 716 4481 879 4534; x_wconf 82' lang='lat' dir='ltr'><strong>Deum</strong></span> <span class='ocrx_word' id='word_1_341' title='bbox 905 4481 1250 4550; x_wconf 85' lang='lat' dir='ltr'><strong>supplicatio,</strong></span> <span class='ocrx_word' id='word_1_342' title='bbox 1276 4498 1372 4536; x_wconf 88' lang='lat' dir='ltr'><strong>nec</strong></span> <span class='ocrx_word' id='word_1_343' title='bbox 1392 4485 1472 4538; x_wconf 87' lang='lat' dir='ltr'><strong>eis</strong></span> <span class='ocrx_word' id='word_1_344' title='bbox 1495 4487 1750 4540; x_wconf 79' lang='lat' dir='ltr'><strong>sacerdos</strong></span> <span class='ocrx_word' id='word_1_345' title='bbox 1768 4490 2062 4558; x_wconf 72' lang='lat' dir='ltr'><strong>quidquam</strong></span> <span class='ocrx_word' id='word_1_346' title='bbox 2102 4517 2143 4570; x_wconf 72' lang='grc' dir='ltr'>ο</span> 
     </span>
    </p>
   </div>
   <div class='ocr_carea' id='block_1_49' title="bbox 501 4573 2062 4648">
    <p class='ocr_par' dir='ltr' id='par_1_49' title="bbox 501 4573 2062 4648">
     <span class='ocr_line' id='line_1_49' title="bbox 501 4573 2062 4648; baseline 0.006 -22"><span class='ocrx_word' id='word_1_347' title='bbox 501 4582 818 4627; x_wconf 82' lang='lat' dir='ltr'><strong>Consuetum</strong></span> <span class='ocrx_word' id='word_1_348' title='bbox 864 4584 1136 4642; x_wconf 83' lang='lat' dir='ltr'><strong>precatur.</strong></span> <span class='ocrx_word' id='word_1_349' title='bbox 1161 4573 1264 4629; x_wconf 88' lang='lat' dir='ltr'><strong>Sed</strong></span> <span class='ocrx_word' id='word_1_350' title='bbox 1293 4577 1523 4631; x_wconf 89' lang='lat' dir='ltr'><strong>aliorum</strong></span> <span class='ocrx_word' id='word_1_351' title='bbox 1566 4579 1782 4648; x_wconf 87' lang='lat' dir='ltr'><strong>quidem</strong></span> <span class='ocrx_word' id='word_1_352' title='bbox 1827 4582 2062 4636; x_wconf 80' lang='lat' dir='ltr'><strong>ﬁdelium</strong></span> 
     </span>
    </p>
   </div>
   <div class='ocr_carea' id='block_1_50' title="bbox 501 4664 2073 4742">
    <p class='ocr_par' dir='ltr' id='par_1_50' title="bbox 501 4664 2073 4742">
     <span class='ocr_line' id='line_1_50' title="bbox 501 4664 2073 4742; baseline 0.008 -26"><span class='ocrx_word' id='word_1_353' title='bbox 501 4664 591 4732; x_wconf 83' lang='lat' dir='ltr'><strong>qui</strong></span> <span class='ocrx_word' id='word_1_354' title='bbox 638 4665 992 4731; x_wconf 86' lang='lat' dir='ltr'><strong>dormierunt,</strong></span> <span class='ocrx_word' id='word_1_355' title='bbox 1026 4665 1237 4721; x_wconf 81' lang='lat' dir='ltr'><strong>faciens</strong></span> <span class='ocrx_word' id='word_1_356' title='bbox 1269 4670 1608 4733; x_wconf 84' lang='lat' dir='ltr'><strong>memoriam,</strong></span> <span class='ocrx_word' id='word_1_357' title='bbox 1653 4672 1836 4725; x_wconf 87' lang='lat' dir='ltr'><strong>statim</strong></span> <span class='ocrx_word' id='word_1_358' title='bbox 1874 4673 2073 4742; x_wconf 82' lang='lat' dir='ltr'><strong>adjicit</strong></span> 
     </span>
    </p>
   </div>
   <div class='ocr_carea' id='block_1_51' title="bbox 502 4756 2071 4832">
    <p class='ocr_par' dir='ltr' id='par_1_51' title="bbox 502 4756 2071 4832">
     <span class='ocr_line' id='line_1_51' title="bbox 502 4756 2071 4832; baseline 0.008 -26"><span class='ocrx_word' id='word_1_359' title='bbox 502 4769 597 4823; x_wconf 87' lang='lat' dir='ltr'><strong>pro</strong></span> <span class='ocrx_word' id='word_1_360' title='bbox 644 4756 722 4808; x_wconf 86' lang='lat' dir='ltr'><strong>eis</strong></span> <span class='ocrx_word' id='word_1_361' title='bbox 773 4757 1100 4810; x_wconf 88' lang='lat' dir='ltr'><strong>orationem.</strong></span> <span class='ocrx_word' id='word_1_362' title='bbox 1127 4776 1145 4808; x_wconf 79' lang='grc' dir='ltr'><strong>ι</strong></span> <span class='ocrx_word' id='word_1_363' title='bbox 1179 4757 1288 4812; x_wconf 87' lang='lat' dir='ltr'><strong>Fac</strong></span> <span class='ocrx_word' id='word_1_364' title='bbox 1317 4775 1430 4820; x_wconf 85' lang='lat' dir='ltr'><strong>eos,</strong></span> <span class='ocrx_word' id='word_1_365' title='bbox 1475 4760 1672 4829; x_wconf 87' lang='lat' dir='ltr'><strong>inquit,</strong></span> <span class='ocrx_word' id='word_1_366' title='bbox 1706 4763 2071 4832; x_wconf 85' lang='lat' dir='ltr'><strong>requiescere,</strong></span> 
     </span>
    </p>
   </div>
   <div class='ocr_carea' id='block_1_52' title="bbox 504 4847 2076 4917">
    <p class='ocr_par' dir='ltr' id='par_1_52' title="bbox 504 4847 2076 4917">
     <span class='ocr_line' id='line_1_52' title="bbox 504 4847 2076 4917; baseline 0.007 -19"><span class='ocrx_word' id='word_1_367' title='bbox 504 4847 592 4899; x_wconf 85' lang='lat' dir='ltr'><strong>ubi</strong></span> <span class='ocrx_word' id='word_1_368' title='bbox 625 4849 844 4917; x_wconf 89' lang='lat' dir='ltr'><strong>respicit</strong></span> <span class='ocrx_word' id='word_1_369' title='bbox 869 4850 1050 4903; x_wconf 85' lang='lat' dir='ltr'><strong>lumen</strong></span> <span class='ocrx_word' id='word_1_370' title='bbox 1083 4850 1263 4904; x_wconf 83' lang='lat' dir='ltr'><strong>vultus</strong></span> <span class='ocrx_word' id='word_1_371' title='bbox 1297 4850 1394 4906; x_wconf 92' lang='lat' dir='ltr'><strong>tui.</strong></span> <span class='ocrx_word' id='word_1_372' title='bbox 1428 4870 1446 4903; x_wconf 79' lang='grc' dir='ltr'><strong>ι</strong></span> <span class='ocrx_word' id='word_1_373' title='bbox 1473 4850 1530 4906; x_wconf 84' lang='lat' dir='ltr'><strong>In</strong></span> <span class='ocrx_word' id='word_1_374' title='bbox 1558 4853 1764 4908; x_wconf 84' lang='lat' dir='ltr'><strong>sanctis</strong></span> <span class='ocrx_word' id='word_1_375' title='bbox 1793 4866 1971 4909; x_wconf 89' lang='lat' dir='ltr'><strong>autem</strong></span> <span class='ocrx_word' id='word_1_376' title='bbox 1995 4865 2076 4909; x_wconf 86' lang='lat' dir='ltr'><strong>to—</strong></span> 
     </span>
    </p>
   </div>
   <div class='ocr_carea' id='block_1_53' title="bbox 505 4941 2079 5012">
    <p class='ocr_par' dir='ltr' id='par_1_53' title="bbox 505 4941 2079 5012">
     <span class='ocr_line' id='line_1_53' title="bbox 505 4941 2079 5012; baseline 0.006 -22"><span class='ocrx_word' id='word_1_377' title='bbox 505 4947 616 4990; x_wconf 88' lang='lat' dir='ltr'><strong>tum</strong></span> <span class='ocrx_word' id='word_1_378' title='bbox 641 4949 723 4992; x_wconf 89' lang='lat' dir='ltr'><strong>est</strong></span> <span class='ocrx_word' id='word_1_379' title='bbox 749 4941 1106 4995; x_wconf 87' lang='lat' dir='ltr'><strong>contrarium.</strong></span> <span class='ocrx_word' id='word_1_380' title='bbox 1133 4941 1253 4995; x_wconf 87' lang='lat' dir='ltr'><strong>Non</strong></span> <span class='ocrx_word' id='word_1_381' title='bbox 1277 4944 1423 4998; x_wconf 83' lang='lat' dir='ltr'><strong>enim</strong></span> <span class='ocrx_word' id='word_1_382' title='bbox 1445 4958 1542 5012; x_wconf 87' lang='lat' dir='ltr'><strong>pro</strong></span> <span class='ocrx_word' id='word_1_383' title='bbox 1563 4945 1643 4997; x_wconf 90' lang='lat' dir='ltr'><strong>eis</strong></span> <span class='ocrx_word' id='word_1_384' title='bbox 1664 4943 1794 4999; x_wconf 74' lang='lat' dir='ltr'><strong>facit</strong></span> <span class='ocrx_word' id='word_1_385' title='bbox 1817 4945 2079 5000; x_wconf 88' lang='lat' dir='ltr'><strong>interces-</strong></span> 
     </span>
    </p>
   </div>
   <div class='ocr_carea' id='block_1_54' title="bbox 505 5029 2075 5102">
    <p class='ocr_par' dir='ltr' id='par_1_54' title="bbox 505 5029 2075 5102">
     <span class='ocr_line' id='line_1_54' title="bbox 505 5029 2075 5102; baseline 0.008 -21"><span class='ocrx_word' id='word_1_386' title='bbox 505 5029 738 5096; x_wconf 84' lang='lat' dir='ltr'><strong>sionem,</strong></span> <span class='ocrx_word' id='word_1_387' title='bbox 769 5032 862 5085; x_wconf 87' lang='lat' dir='ltr'><strong>sed</strong></span> <span class='ocrx_word' id='word_1_388' title='bbox 895 5031 1043 5101; x_wconf 89' lang='lat' dir='ltr'><strong>ipsos</strong></span> <span class='ocrx_word' id='word_1_389' title='bbox 1069 5033 1248 5102; x_wconf 87' lang='lat' dir='ltr'><strong>potius</strong></span> <span class='ocrx_word' id='word_1_390' title='bbox 1272 5035 1659 5092; x_wconf 83' lang='lat' dir='ltr'><strong>intercessores</strong></span> <span class='ocrx_word' id='word_1_391' title='bbox 1709 5038 1918 5092; x_wconf 73' lang='lat' dir='ltr'><strong>statuit.</strong></span> <span class='ocrx_word' id='word_1_392' title='bbox 1939 5038 2075 5094; x_wconf 80' lang='lat' dir='ltr'><strong>Cum</strong></span> 
     </span>
    </p>
   </div>
   <div class='ocr_carea' id='block_1_55' title="bbox 505 5123 2076 5197">
    <p class='ocr_par' dir='ltr' id='par_1_55' title="bbox 505 5123 2076 5197">
     <span class='ocr_line' id='line_1_55' title="bbox 505 5123 2076 5197; baseline 0.006 -21"><span class='ocrx_word' id='word_1_393' title='bbox 505 5123 646 5176; x_wconf 82' lang='lat' dir='ltr'><strong>enim</strong></span> <span class='ocrx_word' id='word_1_394' title='bbox 702 5123 948 5189; x_wconf 76' lang='lat' dir='ltr'><strong>dixisset,</strong></span> <span class='ocrx_word' id='word_1_395' title='bbox 1009 5138 1062 5179; x_wconf 91' lang='lat' dir='ltr'><strong>et</strong></span> <span class='ocrx_word' id='word_1_396' title='bbox 1103 5135 1323 5182; x_wconf 88' lang='lat' dir='ltr'><strong>sanctos</strong></span> <span class='ocrx_word' id='word_1_397' title='bbox 1374 5128 1807 5194; x_wconf 85' lang='lat' dir='ltr'><strong>adnumerasset,</strong></span> <span class='ocrx_word' id='word_1_398' title='bbox 1867 5129 2076 5197; x_wconf 85' lang='lat' dir='ltr'><strong>adjicit:</strong></span> 
     </span>
    </p>
   </div>
   <div class='ocr_carea' id='block_1_56' title="bbox 513 5213 2079 5287">
    <p class='ocr_par' dir='ltr' id='par_1_56' title="bbox 513 5213 2079 5287">
     <span class='ocr_line' id='line_1_56' title="bbox 513 5213 2079 5287; baseline 0.008 -23"><span class='ocrx_word' id='word_1_399' title='bbox 513 5233 530 5264; x_wconf 75' lang='grc' dir='ltr'><strong>ι</strong></span> <span class='ocrx_word' id='word_1_400' title='bbox 566 5216 804 5280; x_wconf 83' lang='lat' dir='ltr'><strong>Quorum</strong></span> <span class='ocrx_word' id='word_1_401' title='bbox 826 5213 1305 5274; x_wconf 75' lang='lat' dir='ltr'><strong>iutercessioaibus</strong></span> <span class='ocrx_word' id='word_1_402' title='bbox 1326 5219 1479 5274; x_wconf 85' lang='lat' dir='ltr'><strong>visita</strong></span> <span class='ocrx_word' id='word_1_403' title='bbox 1511 5234 1633 5286; x_wconf 90' lang='lat' dir='ltr'><strong>nos,</strong></span> <span class='ocrx_word' id='word_1_404' title='bbox 1666 5220 1829 5276; x_wconf 80' lang='lat' dir='ltr'><strong>Deus.</strong></span> <span class='ocrx_word' id='word_1_405' title='bbox 1872 5240 1890 5272; x_wconf 76' lang='grc' dir='ltr'><strong>ι</strong></span> <span class='ocrx_word' id='word_1_406' title='bbox 1924 5219 2079 5287; x_wconf 86' lang='lat' dir='ltr'><strong>Quod</strong></span> 
     </span>
    </p>
   </div>
   <div class='ocr_carea' id='block_1_57' title="bbox 507 5306 2080 5383">
    <p class='ocr_par' dir='ltr' id='par_1_57' title="bbox 507 5306 2080 5383">
     <span class='ocr_line' id='line_1_57' title="bbox 507 5306 2080 5383; baseline 0.004 -23"><span class='ocrx_word' id='word_1_407' title='bbox 507 5315 688 5360; x_wconf 90' lang='lat' dir='ltr'><strong>autem</strong></span> <span class='ocrx_word' id='word_1_408' title='bbox 720 5306 955 5362; x_wconf 72' lang='lat' dir='ltr'><strong>maxime</strong></span> <span class='ocrx_word' id='word_1_409' title='bbox 988 5309 1230 5366; x_wconf 87' lang='lat' dir='ltr'><strong>ostendit</strong></span> <span class='ocrx_word' id='word_1_410' title='bbox 1263 5327 1370 5367; x_wconf 91' lang='lat' dir='ltr'><strong>non</strong></span> <span class='ocrx_word' id='word_1_411' title='bbox 1407 5312 1722 5367; x_wconf 85' lang='lat' dir='ltr'><strong>orationem</strong></span> <span class='ocrx_word' id='word_1_412' title='bbox 1757 5313 1996 5383; x_wconf 86' lang='lat' dir='ltr'><strong>aliquam</strong></span> <span class='ocrx_word' id='word_1_413' title='bbox 2025 5322 2080 5368; x_wconf 88' lang='lat' dir='ltr'><strong>et</strong></span> 
     </span>
    </p>
   </div>
   <div class='ocr_carea' id='block_1_58' title="bbox 507 5399 2081 5476">
    <p class='ocr_par' dir='ltr' id='par_1_58' title="bbox 507 5399 2081 5476">
     <span class='ocr_line' id='line_1_58' title="bbox 507 5399 2081 5476; baseline 0.005 -24"><span class='ocrx_word' id='word_1_414' title='bbox 507 5399 980 5467; x_wconf 78' lang='lat' dir='ltr'><strong>supplicationem,</strong></span> <span class='ocrx_word' id='word_1_415' title='bbox 1012 5403 1104 5456; x_wconf 89' lang='lat' dir='ltr'><strong>sed</strong></span> <span class='ocrx_word' id='word_1_416' title='bbox 1136 5418 1233 5472; x_wconf 86' lang='lat' dir='ltr'><strong>pro</strong></span> <span class='ocrx_word' id='word_1_417' title='bbox 1265 5406 1470 5459; x_wconf 86' lang='lat' dir='ltr'><strong>sanctis</strong></span> <span class='ocrx_word' id='word_1_418' title='bbox 1486 5405 1786 5476; x_wconf 81' lang='lat' dir='ltr'><strong>gratiarum</strong></span> <span class='ocrx_word' id='word_1_419' title='bbox 1815 5407 2081 5461; x_wconf 84' lang='lat' dir='ltr'><strong>actionem</strong></span> 
     </span>
    </p>
   </div>
   <div class='ocr_carea' id='block_1_59' title="bbox 511 5492 2087 5566">
    <p class='ocr_par' dir='ltr' id='par_1_59' title="bbox 511 5492 2087 5566">
     <span class='ocr_line' id='line_1_59' title="bbox 511 5492 2087 5566; baseline 0.008 -22"><span class='ocrx_word' id='word_1_420' title='bbox 511 5492 778 5548; x_wconf 76' lang='lat' dir='ltr'><strong>essetnec</strong></span> <span class='ocrx_word' id='word_1_421' title='bbox 809 5493 991 5560; x_wconf 88' lang='lat' dir='ltr'><strong>verba,</strong></span> <span class='ocrx_word' id='word_1_422' title='bbox 1044 5499 1187 5566; x_wconf 91' lang='lat' dir='ltr'><strong>quod</strong></span> <span class='ocrx_word' id='word_1_423' title='bbox 1237 5499 1398 5553; x_wconf 89' lang='lat' dir='ltr'><strong>etiam</strong></span> <span class='ocrx_word' id='word_1_424' title='bbox 1437 5500 1536 5560; x_wconf 89' lang='lat' dir='ltr'><strong>Dei</strong></span> <span class='ocrx_word' id='word_1_425' title='bbox 1582 5499 1752 5555; x_wconf 86' lang='lat' dir='ltr'><strong>Mater</strong></span> <span class='ocrx_word' id='word_1_426' title='bbox 1799 5501 1853 5555; x_wconf 91' lang='lat' dir='ltr'><strong>in</strong></span> <span class='ocrx_word' id='word_1_427' title='bbox 1900 5517 1965 5556; x_wconf 89' lang='lat' dir='ltr'><strong>eo</strong></span> <span class='ocrx_word' id='word_1_428' title='bbox 1994 5517 2087 5556; x_wconf 82' lang='lat' dir='ltr'><strong>ca-</strong></span> 
     </span>
    </p>
   </div>
   <div class='ocr_carea' id='block_1_60' title="bbox 515 5586 2086 5661">
    <p class='ocr_par' dir='ltr' id='par_1_60' title="bbox 515 5586 2086 5661">
     <span class='ocr_line' id='line_1_60' title="bbox 515 5586 2086 5661; baseline 0.003 -20"><span class='ocrx_word' id='word_1_429' title='bbox 515 5586 694 5656; x_wconf 79' lang='lat' dir='ltr'><strong>taIOgo</strong></span> <span class='ocrx_word' id='word_1_430' title='bbox 744 5586 986 5656; x_wconf 90' lang='lat' dir='ltr'><strong>ponitur.</strong></span> <span class='ocrx_word' id='word_1_431' title='bbox 1019 5587 1203 5657; x_wconf 88' lang='lat' dir='ltr'><strong>Neque</strong></span> <span class='ocrx_word' id='word_1_432' title='bbox 1237 5591 1380 5645; x_wconf 84' lang='lat' dir='ltr'><strong>enim</strong></span> <span class='ocrx_word' id='word_1_433' title='bbox 1441 5599 1753 5661; x_wconf 89' lang='lat' dir='ltr'><strong>poneretur,</strong></span> <span class='ocrx_word' id='word_1_434' title='bbox 1787 5591 1831 5647; x_wconf 92' lang='lat' dir='ltr'><strong>si</strong></span> <span class='ocrx_word' id='word_1_435' title='bbox 1892 5593 1939 5648; x_wconf 91' lang='lat' dir='ltr'><strong>is</strong></span> <span class='ocrx_word' id='word_1_436' title='bbox 1956 5593 2086 5648; x_wconf 88' lang='lat' dir='ltr'><strong>cbo-</strong></span> 
     </span>
    </p>
   </div>
   <div class='ocr_carea' id='block_1_61' title="bbox 517 5678 2084 5753">
    <p class='ocr_par' dir='ltr' id='par_1_61' title="bbox 517 5678 2084 5753">
     <span class='ocr_line' id='line_1_61' title="bbox 517 5678 2084 5753; baseline 0.006 -22"><span class='ocrx_word' id='word_1_437' title='bbox 517 5692 616 5731; x_wconf 84' lang='lat' dir='ltr'><strong>rus</strong></span> <span class='ocrx_word' id='word_1_438' title='bbox 644 5678 825 5747; x_wconf 87' lang='lat' dir='ltr'><strong>aliqua</strong></span> <span class='ocrx_word' id='word_1_439' title='bbox 868 5679 1258 5738; x_wconf 85' lang='lat' dir='ltr'><strong>intercessione</strong></span> <span class='ocrx_word' id='word_1_440' title='bbox 1296 5692 1498 5753; x_wconf 80' lang='lat' dir='ltr'><strong>egeret,</strong></span> <span class='ocrx_word' id='word_1_441' title='bbox 1543 5692 1599 5738; x_wconf 88' lang='lat' dir='ltr'><strong>ut</strong></span> <span class='ocrx_word' id='word_1_442' title='bbox 1656 5700 1777 5753; x_wconf 83' lang='lat' dir='ltr'><strong>quae</strong></span> <span class='ocrx_word' id='word_1_443' title='bbox 1824 5694 1908 5740; x_wconf 87' lang='lat' dir='ltr'><strong>est</strong></span> <span class='ocrx_word' id='word_1_444' title='bbox 1945 5686 2084 5741; x_wconf 88' lang='lat' dir='ltr'><strong>ultra</strong></span> 
     </span>
    </p>
   </div>
   <div class='ocr_carea' id='block_1_62' title="bbox 517 5771 2084 5844">
    <p class='ocr_par' dir='ltr' id='par_1_62' title="bbox 517 5771 2084 5844">
     <span class='ocr_line' id='line_1_62' title="bbox 517 5771 2084 5844; baseline 0.006 -19"><span class='ocrx_word' id='word_1_445' title='bbox 517 5784 739 5825; x_wconf 86' lang='lat' dir='ltr'><strong>onmem</strong></span> <span class='ocrx_word' id='word_1_446' title='bbox 769 5771 1238 5844; x_wconf 82' lang='lat' dir='ltr'><strong>intercessionem,</strong></span> <span class='ocrx_word' id='word_1_447' title='bbox 1267 5793 1371 5832; x_wconf 89' lang='lat' dir='ltr'><strong>non</strong></span> <span class='ocrx_word' id='word_1_448' title='bbox 1399 5777 1570 5834; x_wconf 85' lang='lat' dir='ltr'><strong>solum</strong></span> <span class='ocrx_word' id='word_1_449' title='bbox 1605 5778 1856 5835; x_wconf 82' lang='lat' dir='ltr'><strong>humanae</strong></span> <span class='ocrx_word' id='word_1_450' title='bbox 1883 5777 2084 5835; x_wconf 74' lang='lat' dir='ltr'><strong>liierar-</strong></span> 
     </span>
    </p>
   </div>
   <div class='ocr_carea' id='block_1_63' title="bbox 2150 531 3662 605">
    <p class='ocr_par' dir='ltr' id='par_1_63' title="bbox 2150 531 3662 605">
     <span class='ocr_line' id='line_1_63' title="bbox 2150 531 3662 605; baseline -0.001 -17"><span class='ocrx_word' id='word_1_451' title='bbox 2150 536 2292 605; x_wconf 71' lang='grc' dir='ltr'>ἡμᾶς</span> <span class='ocrx_word' id='word_1_452' title='bbox 2312 551 2326 564; x_wconf 92' lang='grc'><strong>·</strong></span> <span class='ocrx_word' id='word_1_453' title='bbox 2357 533 2501 586; x_wconf 70' lang='grc' dir='ltr'>οὕτω</span> <span class='ocrx_word' id='word_1_454' title='bbox 2526 532 2635 602; x_wconf 84' lang='grc' dir='ltr'>γὰρ</span> <span class='ocrx_word' id='word_1_455' title='bbox 2666 532 2716 584; x_wconf 86' lang='grc' dir='ltr'><strong>οί</strong></span> <span class='ocrx_word' id='word_1_456' title='bbox 2745 531 3061 584; x_wconf 82' lang='grc' dir='ltr'>διδάσκαλοι</span> <span class='ocrx_word' id='word_1_457' title='bbox 3089 533 3188 601; x_wconf 81' lang='grc' dir='ltr'>τῆς</span> <span class='ocrx_word' id='word_1_458' title='bbox 3230 533 3530 605; x_wconf 88' lang='grc' dir='ltr'>Ἐκκλησίας</span> <span class='ocrx_word' id='word_1_459' title='bbox 3551 536 3662 603; x_wconf 77' lang='grc' dir='ltr'>ἐξει-</span> 
     </span>
    </p>
   </div>
   <div class='ocr_carea' id='block_1_64' title="bbox 2143 622 3661 695">
    <p class='ocr_par' dir='ltr' id='par_1_64' title="bbox 2143 622 3661 695">
     <span class='ocr_line' id='line_1_64' title="bbox 2143 622 3661 695; baseline 0.001 -17"><span class='ocrx_word' id='word_1_460' title='bbox 2143 626 2403 695; x_wconf 86' lang='grc' dir='ltr'>λήφασιν.</span> <span class='ocrx_word' id='word_1_461' title='bbox 2431 623 2640 691; x_wconf 83' lang='grc' dir='ltr'>Σκέψαι</span> <span class='ocrx_word' id='word_1_462' title='bbox 2695 622 2875 675; x_wconf 77' lang='grc' dir='ltr'><strong>τοίνυν</strong></span> <span class='ocrx_word' id='word_1_463' title='bbox 2915 622 3020 675; x_wconf 84' lang='grc' dir='ltr'>είτι</span> <span class='ocrx_word' id='word_1_464' title='bbox 3053 623 3212 678; x_wconf 81' lang='grc' dir='ltr'>πλέον</span> <span class='ocrx_word' id='word_1_465' title='bbox 3249 625 3355 676; x_wconf 81' lang='grc' dir='ltr'><strong>τῶν</strong></span> <span class='ocrx_word' id='word_1_466' title='bbox 3397 627 3661 695; x_wconf 79' lang='grc' dir='ltr'><strong>εἰρημένων</strong></span> 
     </span>
    </p>
   </div>
   <div class='ocr_carea' id='block_1_65' title="bbox 2147 713 3665 785">
    <p class='ocr_par' dir='ltr' id='par_1_65' title="bbox 2147 713 3665 785">
     <span class='ocr_line' id='line_1_65' title="bbox 2147 713 3665 785; baseline 0.001 -15"><span class='ocrx_word' id='word_1_467' title='bbox 2147 719 2204 770; x_wconf 83' lang='grc' dir='ltr'>ὲν</span> <span class='ocrx_word' id='word_1_468' title='bbox 2235 716 2442 778; x_wconf 77' lang='grc' dir='ltr'><strong>πάσαις</strong></span> <span class='ocrx_word' id='word_1_469' title='bbox 2465 713 2718 777; x_wconf 77' lang='grc' dir='ltr'><strong>τελεταῖς</strong></span> <span class='ocrx_word' id='word_1_470' title='bbox 2752 717 2847 768; x_wconf 69' lang='grc' dir='ltr'>καὶ</span> <span class='ocrx_word' id='word_1_471' title='bbox 2872 715 3200 784; x_wconf 84' lang='grc' dir='ltr'>ίερολογίαις</span> <span class='ocrx_word' id='word_1_472' title='bbox 3240 714 3381 769; x_wconf 74' lang='grc' dir='ltr'>ἔστιν</span> <span class='ocrx_word' id='word_1_473' title='bbox 3413 717 3572 785; x_wconf 74' lang='grc' dir='ltr'>εὑρεῖν</span> <span class='ocrx_word' id='word_1_474' title='bbox 3592 720 3665 771; x_wconf 76' lang='grc' dir='ltr'>εύ-</span> 
     </span>
    </p>
   </div>
   <div class='ocr_carea' id='block_1_66' title="bbox 2145 805 3664 890">
    <p class='ocr_par' dir='ltr' id='par_1_66' title="bbox 2145 805 3664 890">
     <span class='ocr_line' id='line_1_66' title="bbox 2145 805 3664 890; baseline 0.001 -29"><span class='ocrx_word' id='word_1_475' title='bbox 2145 809 2386 878; x_wconf 83' lang='grc' dir='ltr'>χομένην</span> <span class='ocrx_word' id='word_1_476' title='bbox 2418 807 2518 878; x_wconf 82' lang='grc' dir='ltr'>τὴν</span> <span class='ocrx_word' id='word_1_477' title='bbox 2557 805 2909 876; x_wconf 78' lang='grc' dir='ltr'><strong>Ἐκκλησίαν,</strong></span> <span class='ocrx_word' id='word_1_478' title='bbox 2932 807 3029 859; x_wconf 71' lang='grc' dir='ltr'>καὶ</span> <span class='ocrx_word' id='word_1_479' title='bbox 3063 806 3165 859; x_wconf 83' lang='grc' dir='ltr'>οὐκ</span> <span class='ocrx_word' id='word_1_480' title='bbox 3188 805 3253 890; x_wconf 74' lang='grc' dir='ltr'>ἁν</span> <span class='ocrx_word' id='word_1_481' title='bbox 3278 805 3468 877; x_wconf 80' lang='grc' dir='ltr'>εὕροις.</span> <span class='ocrx_word' id='word_1_482' title='bbox 3488 810 3664 863; x_wconf 78' lang='grc' dir='ltr'>Οὐκοῦν</span> 
     </span>
    </p>
   </div>
   <div class='ocr_carea' id='block_1_67' title="bbox 2147 897 3667 968">
    <p class='ocr_par' dir='ltr' id='par_1_67' title="bbox 2147 897 3667 968">
     <span class='ocr_line' id='line_1_67' title="bbox 2147 897 3667 968; baseline 0.001 -17"><span class='ocrx_word' id='word_1_483' title='bbox 2147 897 2394 963; x_wconf 75' lang='grc' dir='ltr'><strong>εὔξονται</strong></span> <span class='ocrx_word' id='word_1_484' title='bbox 2433 898 2532 968; x_wconf 81' lang='grc' dir='ltr'>μὲν</span> <span class='ocrx_word' id='word_1_485' title='bbox 2556 900 2671 960; x_wconf 84' lang='grc' dir='ltr'>τοῖς</span> <span class='ocrx_word' id='word_1_486' title='bbox 2707 897 3025 960; x_wconf 74' lang='grc' dir='ltr'><strong>ἀνευθύνως</strong></span> <span class='ocrx_word' id='word_1_487' title='bbox 3067 898 3264 964; x_wconf 73' lang='grc' dir='ltr'>ἄφεσιν</span> <span class='ocrx_word' id='word_1_488' title='bbox 3301 897 3582 966; x_wconf 81' lang='grc' dir='ltr'>ἁμαρτιῶν,</span> <span class='ocrx_word' id='word_1_489' title='bbox 3605 900 3667 961; x_wconf 86' lang='grc' dir='ltr'>ὡς</span> 
     </span>
    </p>
   </div>
   <div class='ocr_carea' id='block_1_68' title="bbox 2147 989 3664 1058">
    <p class='ocr_par' dir='ltr' id='par_1_68' title="bbox 2147 989 3664 1058">
     <span class='ocr_line' id='line_1_68' title="bbox 2147 989 3664 1058; baseline 0.002 -16"><span class='ocrx_word' id='word_1_490' title='bbox 2147 989 2478 1052; x_wconf 78' lang='grc' dir='ltr'>ὑπευθύνοις</span> <span class='ocrx_word' id='word_1_491' title='bbox 2525 989 2606 1043; x_wconf 73' lang='grc' dir='ltr'>ἔτι</span> <span class='ocrx_word' id='word_1_492' title='bbox 2633 990 2730 1043; x_wconf 71' lang='grc' dir='ltr'><strong>καὶ</strong></span> <span class='ocrx_word' id='word_1_493' title='bbox 2777 991 2928 1052; x_wconf 87' lang='grc' dir='ltr'>δίκας</span> <span class='ocrx_word' id='word_1_494' title='bbox 2977 989 3323 1058; x_wconf 70' lang='grc' dir='ltr'>ὀφείλουσιν·</span> <span class='ocrx_word' id='word_1_495' title='bbox 3361 989 3582 1056; x_wconf 79' lang='grc' dir='ltr'>εύξονται</span> <span class='ocrx_word' id='word_1_496' title='bbox 3620 994 3664 1046; x_wconf 78' lang='grc' dir='ltr'>δὲ</span> 
     </span>
    </p>
   </div>
   <div class='ocr_carea' id='block_1_69' title="bbox 2146 1079 3666 1156">
    <p class='ocr_par' dir='ltr' id='par_1_69' title="bbox 2146 1079 3666 1156">
     <span class='ocr_line' id='line_1_69' title="bbox 2146 1079 3666 1156; baseline 0.001 -22"><span class='ocrx_word' id='word_1_497' title='bbox 2146 1082 2264 1143; x_wconf 84' lang='grc' dir='ltr'>τοῖς</span> <span class='ocrx_word' id='word_1_498' title='bbox 2314 1079 2512 1149; x_wconf 82' lang='grc' dir='ltr'>ἁγίοις,</span> <span class='ocrx_word' id='word_1_499' title='bbox 2539 1080 2617 1143; x_wconf 87' lang='grc' dir='ltr'>ὼς</span> <span class='ocrx_word' id='word_1_500' title='bbox 2667 1081 2833 1150; x_wconf 84' lang='grc' dir='ltr'><strong>μήπω</strong></span> <span class='ocrx_word' id='word_1_501' title='bbox 2864 1079 3244 1156; x_wconf 78' lang='grc' dir='ltr'>ᾑγιασμένοις,</span> <span class='ocrx_word' id='word_1_502' title='bbox 3278 1081 3374 1151; x_wconf 80' lang='grc' dir='ltr'><strong>τὴν</strong></span> <span class='ocrx_word' id='word_1_503' title='bbox 3418 1083 3542 1152; x_wconf 81' lang='grc' dir='ltr'><strong>μετὰ</strong></span> <span class='ocrx_word' id='word_1_504' title='bbox 3579 1084 3666 1135; x_wconf 87' lang='grc' dir='ltr'><strong>τῶν</strong></span> 
     </span>
    </p>
   </div>
   <div class='ocr_carea' id='block_1_70' title="bbox 2149 1171 3666 1242">
    <p class='ocr_par' dir='ltr' id='par_1_70' title="bbox 2149 1171 3666 1242">
     <span class='ocr_line' id='line_1_70' title="bbox 2149 1171 3666 1242; baseline -0.001 -16"><span class='ocrx_word' id='word_1_505' title='bbox 2149 1173 2322 1242; x_wconf 86' lang='grc' dir='ltr'>ἁγίων</span> <span class='ocrx_word' id='word_1_506' title='bbox 2368 1173 2715 1227; x_wconf 78' lang='grc' dir='ltr'>ἀνάπαυσιν·</span> <span class='ocrx_word' id='word_1_507' title='bbox 2767 1171 3013 1236; x_wconf 73' lang='grc' dir='ltr'>εὔξονται</span> <span class='ocrx_word' id='word_1_508' title='bbox 3056 1171 3114 1225; x_wconf 75' lang='grc' dir='ltr'>δὲ</span> <span class='ocrx_word' id='word_1_509' title='bbox 3154 1173 3427 1227; x_wconf 81' lang='grc' dir='ltr'>τελείωσιν</span> <span class='ocrx_word' id='word_1_510' title='bbox 3469 1177 3566 1237; x_wconf 90' lang='grc' dir='ltr'>τοῖς</span> <span class='ocrx_word' id='word_1_511' title='bbox 3593 1192 3666 1226; x_wconf 85' lang='grc' dir='ltr'>τε-</span> 
     </span>
    </p>
   </div>
   <div class='ocr_carea' id='block_1_71' title="bbox 2147 1263 3666 1336">
    <p class='ocr_par' dir='ltr' id='par_1_71' title="bbox 2147 1263 3666 1336">
     <span class='ocr_line' id='line_1_71' title="bbox 2147 1263 3666 1336; baseline 0.001 -20"><span class='ocrx_word' id='word_1_512' title='bbox 2147 1263 2332 1329; x_wconf 74' lang='grc' dir='ltr'>λείοιτ,</span> <span class='ocrx_word' id='word_1_513' title='bbox 2369 1264 2445 1326; x_wconf 85' lang='grc' dir='ltr'><strong>ὡς</strong></span> <span class='ocrx_word' id='word_1_514' title='bbox 2485 1263 2655 1334; x_wconf 85' lang='grc' dir='ltr'><strong>μήπω</strong></span> <span class='ocrx_word' id='word_1_515' title='bbox 2702 1263 3094 1318; x_wconf 83' lang='grc' dir='ltr'>τελειωθεῖσιν.</span> <span class='ocrx_word' id='word_1_516' title='bbox 3127 1264 3237 1317; x_wconf 78' lang='grc' dir='ltr'><strong>Καὶ</strong></span> <span class='ocrx_word' id='word_1_517' title='bbox 3282 1264 3447 1329; x_wconf 81' lang='grc' dir='ltr'>οὕτως</span> <span class='ocrx_word' id='word_1_518' title='bbox 3490 1267 3666 1336; x_wconf 79' lang='grc' dir='ltr'>ἀνάγκη</span> 
     </span>
    </p>
   </div>
   <div class='ocr_carea' id='block_1_72' title="bbox 2147 1353 3670 1427">
    <p class='ocr_par' dir='ltr' id='par_1_72' title="bbox 2147 1353 3670 1427">
     <span class='ocr_line' id='line_1_72' title="bbox 2147 1353 3670 1427; baseline 0.001 -19"><span class='ocrx_word' id='word_1_519' title='bbox 2147 1353 2295 1410; x_wconf 83' lang='grc' dir='ltr'>δυοῖν</span> <span class='ocrx_word' id='word_1_520' title='bbox 2347 1353 2576 1425; x_wconf 85' lang='grc' dir='ltr'>θάτερον</span> <span class='ocrx_word' id='word_1_521' title='bbox 2623 1355 2963 1425; x_wconf 82' lang='grc' dir='ltr'>ἁμαρτάνειν</span> <span class='ocrx_word' id='word_1_522' title='bbox 3015 1355 3256 1418; x_wconf 85' lang='grc' dir='ltr'>αὐτούς·</span> <span class='ocrx_word' id='word_1_523' title='bbox 3296 1357 3328 1427; x_wconf 78' lang='grc' dir='ltr'>ἢ</span> <span class='ocrx_word' id='word_1_524' title='bbox 3374 1356 3474 1426; x_wconf 82' lang='grc' dir='ltr'><strong>γὰρ</strong></span> <span class='ocrx_word' id='word_1_525' title='bbox 3513 1358 3670 1426; x_wconf 84' lang='grc' dir='ltr'>ὁμολο-</span> 
     </span>
    </p>
   </div>
   <div class='ocr_carea' id='block_1_73' title="bbox 2149 1447 3668 1520">
    <p class='ocr_par' dir='ltr' id='par_1_73' title="bbox 2149 1447 3668 1520">
     <span class='ocr_line' id='line_1_73' title="bbox 2149 1447 3668 1520; baseline 0.001 -20"><span class='ocrx_word' id='word_1_526' title='bbox 2149 1447 2372 1517; x_wconf 80' lang='grc' dir='ltr'>γοῦντες</span> <span class='ocrx_word' id='word_1_527' title='bbox 2405 1447 2504 1518; x_wconf 78' lang='grc' dir='ltr'>τὴν</span> <span class='ocrx_word' id='word_1_528' title='bbox 2534 1448 2941 1519; x_wconf 77' lang='grc' dir='ltr'>μακαριότητα,</span> <span class='ocrx_word' id='word_1_529' title='bbox 2993 1450 3090 1501; x_wconf 78' lang='grc' dir='ltr'>καὶ</span> <span class='ocrx_word' id='word_1_530' title='bbox 3132 1447 3238 1519; x_wconf 80' lang='grc' dir='ltr'><strong>τὴν</strong></span> <span class='ocrx_word' id='word_1_531' title='bbox 3268 1449 3557 1520; x_wconf 82' lang='grc' dir='ltr'>τελειότητα</span> <span class='ocrx_word' id='word_1_532' title='bbox 3583 1451 3668 1502; x_wconf 83' lang='grc' dir='ltr'><strong>τῶν</strong></span> 
     </span>
    </p>
   </div>
   <div class='ocr_carea' id='block_1_74' title="bbox 2151 1535 3670 1609">
    <p class='ocr_par' dir='ltr' id='par_1_74' title="bbox 2151 1535 3670 1609">
     <span class='ocr_line' id='line_1_74' title="bbox 2151 1535 3670 1609; baseline 0.001 -19"><span class='ocrx_word' id='word_1_533' title='bbox 2151 1535 2344 1605; x_wconf 84' lang='grc' dir='ltr'>ἁγίων,</span> <span class='ocrx_word' id='word_1_534' title='bbox 2379 1536 2598 1600; x_wconf 84' lang='grc' dir='ltr'>ἑκόντες</span> <span class='ocrx_word' id='word_1_535' title='bbox 2631 1536 2917 1607; x_wconf 87' lang='grc' dir='ltr'>βούλονται</span> <span class='ocrx_word' id='word_1_536' title='bbox 2949 1537 3089 1606; x_wconf 74' lang='grc' dir='ltr'>πρὸς</span> <span class='ocrx_word' id='word_1_537' title='bbox 3113 1538 3207 1590; x_wconf 82' lang='grc' dir='ltr'>τὸν</span> <span class='ocrx_word' id='word_1_538' title='bbox 3230 1537 3359 1592; x_wconf 82' lang='grc' dir='ltr'>Θεδν</span> <span class='ocrx_word' id='word_1_539' title='bbox 3383 1539 3574 1609; x_wconf 80' lang='grc' dir='ltr'><strong>ληρεῖν,</strong></span> <span class='ocrx_word' id='word_1_540' title='bbox 3596 1541 3670 1592; x_wconf 70' lang='grc' dir='ltr'><strong>καί</strong></span> 
     </span>
    </p>
   </div>
   <div class='ocr_carea' id='block_1_75' title="bbox 2154 1629 3671 1701">
    <p class='ocr_par' dir='ltr' id='par_1_75' title="bbox 2154 1629 3671 1701">
     <span class='ocr_line' id='line_1_75' title="bbox 2154 1629 3671 1701; baseline 0 -20"><span class='ocrx_word' id='word_1_541' title='bbox 2154 1629 2391 1698; x_wconf 82' lang='grc' dir='ltr'>ματαίαν</span> <span class='ocrx_word' id='word_1_542' title='bbox 2423 1629 2566 1697; x_wconf 78' lang='grc' dir='ltr'>ὑπὲρ</span> <span class='ocrx_word' id='word_1_543' title='bbox 2625 1630 2807 1682; x_wconf 80' lang='grc' dir='ltr'>αὐτῶν</span> <span class='ocrx_word' id='word_1_544' title='bbox 2854 1630 3130 1700; x_wconf 86' lang='grc' dir='ltr'>συνείρειν</span> <span class='ocrx_word' id='word_1_545' title='bbox 3173 1630 3355 1701; x_wconf 76' lang='grc' dir='ltr'>εὐχὴν,</span> <span class='ocrx_word' id='word_1_546' title='bbox 3388 1630 3513 1699; x_wconf 81' lang='grc' dir='ltr'>ὅπερ</span> <span class='ocrx_word' id='word_1_547' title='bbox 3553 1631 3671 1683; x_wconf 67' lang='grc' dir='ltr'>ἐστὶν</span> 
     </span>
    </p>
   </div>
   <div class='ocr_carea' id='block_1_76' title="bbox 2153 1719 3671 1794">
    <p class='ocr_par' dir='ltr' id='par_1_76' title="bbox 2153 1719 3671 1794">
     <span class='ocr_line' id='line_1_76' title="bbox 2153 1719 3671 1794; baseline -0.001 -18"><span class='ocrx_word' id='word_1_548' title='bbox 2153 1719 2361 1791; x_wconf 84' lang='grc' dir='ltr'>ἀνδρῶν</span> <span class='ocrx_word' id='word_1_549' title='bbox 2393 1720 2463 1773; x_wconf 77' lang='grc' dir='ltr'>τὰ</span> <span class='ocrx_word' id='word_1_550' title='bbox 2507 1719 2627 1774; x_wconf 85' lang='grc' dir='ltr'>θεῖα</span> <span class='ocrx_word' id='word_1_551' title='bbox 2685 1721 2995 1785; x_wconf 83' lang='grc' dir='ltr'>παιζόντων</span> <span class='ocrx_word' id='word_1_552' title='bbox 3053 1722 3258 1791; x_wconf 77' lang='grc' dir='ltr'>μᾶλλον</span> <span class='ocrx_word' id='word_1_553' title='bbox 3320 1723 3352 1794; x_wconf 79' lang='grc' dir='ltr'>ἢ</span> <span class='ocrx_word' id='word_1_554' title='bbox 3405 1723 3671 1792; x_wconf 84' lang='grc' dir='ltr'>ίερέων.Ἢ</span> 
     </span>
    </p>
   </div>
   <div class='ocr_carea' id='block_1_77' title="bbox 2156 1813 3672 1885">
    <p class='ocr_par' dir='ltr' id='par_1_77' title="bbox 2156 1813 3672 1885">
     <span class='ocr_line' id='line_1_77' title="bbox 2156 1813 3672 1885; baseline 0.001 -18"><span class='ocrx_word' id='word_1_555' title='bbox 2156 1813 2297 1885; x_wconf 86' lang='grc' dir='ltr'>μετὰ</span> <span class='ocrx_word' id='word_1_556' title='bbox 2337 1815 2579 1884; x_wconf 82' lang='grc' dir='ltr'>σπουδῆς</span> <span class='ocrx_word' id='word_1_557' title='bbox 2625 1813 2938 1884; x_wconf 79' lang='grc' dir='ltr'>ποιούμενοι</span> <span class='ocrx_word' id='word_1_558' title='bbox 2981 1815 3081 1878; x_wconf 76' lang='grc' dir='ltr'>τὰς</span> <span class='ocrx_word' id='word_1_559' title='bbox 3117 1815 3306 1884; x_wconf 80' lang='grc' dir='ltr'>εὐχὰς,</span> <span class='ocrx_word' id='word_1_560' title='bbox 3337 1815 3409 1880; x_wconf 85' lang='grc' dir='ltr'><strong>ὡς</strong></span> <span class='ocrx_word' id='word_1_561' title='bbox 3439 1817 3497 1870; x_wconf 82' lang='grc' dir='ltr'>ἂν</span> <span class='ocrx_word' id='word_1_562' title='bbox 3523 1816 3672 1884; x_wconf 78' lang='grc' dir='ltr'>οἰόμε-</span> 
     </span>
    </p>
   </div>
   <div class='ocr_carea' id='block_1_78' title="bbox 2153 1905 3676 1979">
    <p class='ocr_par' dir='ltr' id='par_1_78' title="bbox 2153 1905 3676 1979">
     <span class='ocr_line' id='line_1_78' title="bbox 2153 1905 3676 1979; baseline -0.001 -20"><span class='ocrx_word' id='word_1_563' title='bbox 2153 1923 2232 1959; x_wconf 89' lang='grc' dir='ltr'><strong>νοι</strong></span> <span class='ocrx_word' id='word_1_564' title='bbox 2267 1905 2396 1967; x_wconf 83' lang='grc' dir='ltr'>τοὺς</span> <span class='ocrx_word' id='word_1_565' title='bbox 2430 1906 2624 1974; x_wconf 83' lang='grc' dir='ltr'>ἁγίους</span> <span class='ocrx_word' id='word_1_566' title='bbox 2657 1905 2723 1959; x_wconf 85' lang='grc' dir='ltr'>δι’</span> <span class='ocrx_word' id='word_1_567' title='bbox 2771 1907 2949 1960; x_wconf 84' lang='grc' dir='ltr'>αὐτῶν</span> <span class='ocrx_word' id='word_1_568' title='bbox 2981 1907 3246 1976; x_wconf 81' lang='grc' dir='ltr'>ὠφελεῖν,</span> <span class='ocrx_word' id='word_1_569' title='bbox 3278 1906 3372 1979; x_wconf 81' lang='grc' dir='ltr'>τὴν</span> <span class='ocrx_word' id='word_1_570' title='bbox 3413 1907 3574 1962; x_wconf 81' lang='grc' dir='ltr'>αὐτῶν</span> <span class='ocrx_word' id='word_1_571' title='bbox 3599 1908 3676 1976; x_wconf 77' lang='grc' dir='ltr'><strong>ἀρ·</strong></span> 
     </span>
    </p>
   </div>
   <div class='ocr_carea' id='block_1_79' title="bbox 2153 1996 3674 2070">
    <p class='ocr_par' dir='ltr' id='par_1_79' title="bbox 2153 1996 3674 2070">
     <span class='ocr_line' id='line_1_79' title="bbox 2153 1996 3674 2070; baseline 0 -19"><span class='ocrx_word' id='word_1_572' title='bbox 2153 1996 2370 2051; x_wconf 81' lang='grc' dir='ltr'>νοῦνται</span> <span class='ocrx_word' id='word_1_573' title='bbox 2410 1996 2590 2063; x_wconf 79' lang='grc' dir='ltr'>δόξαν,</span> <span class='ocrx_word' id='word_1_574' title='bbox 2627 1999 2762 2068; x_wconf 77' lang='grc' dir='ltr'>ὅπερ</span> <span class='ocrx_word' id='word_1_575' title='bbox 2796 1999 2914 2052; x_wconf 75' lang='grc' dir='ltr'>ἐστι</span> <span class='ocrx_word' id='word_1_576' title='bbox 2959 1998 3334 2070; x_wconf 82' lang='grc' dir='ltr'>βλασφημεῖν,</span> <span class='ocrx_word' id='word_1_577' title='bbox 3377 1997 3470 2052; x_wconf 74' lang='grc' dir='ltr'>οὐκ</span> <span class='ocrx_word' id='word_1_578' title='bbox 3513 1998 3674 2060; x_wconf 70' lang='grc' dir='ltr'>αὐτοὺς</span> 
     </span>
    </p>
   </div>
   <div class='ocr_carea' id='block_1_80' title="bbox 2156 2090 3677 2161">
    <p class='ocr_par' dir='ltr' id='par_1_80' title="bbox 2156 2090 3677 2161">
     <span class='ocr_line' id='line_1_80' title="bbox 2156 2090 3677 2161; baseline -0.001 -18"><span class='ocrx_word' id='word_1_579' title='bbox 2156 2091 2318 2159; x_wconf 87' lang='grc' dir='ltr'>μόνον</span> <span class='ocrx_word' id='word_1_580' title='bbox 2350 2090 2486 2144; x_wconf 83' lang='grc' dir='ltr'>ἀλλὰ</span> <span class='ocrx_word' id='word_1_581' title='bbox 2517 2092 2612 2144; x_wconf 77' lang='grc' dir='ltr'>καὶ</span> <span class='ocrx_word' id='word_1_582' title='bbox 2638 2090 2731 2144; x_wconf 83' lang='grc' dir='ltr'>τὸν</span> <span class='ocrx_word' id='word_1_583' title='bbox 2761 2090 2893 2144; x_wconf 72' lang='grc' dir='ltr'>Θεὸν</span> <span class='ocrx_word' id='word_1_584' title='bbox 2926 2092 3117 2157; x_wconf 76' lang='grc' dir='ltr'>αὐτὸν,</span> <span class='ocrx_word' id='word_1_585' title='bbox 3155 2091 3232 2155; x_wconf 82' lang='grc' dir='ltr'>ὡς</span> <span class='ocrx_word' id='word_1_586' title='bbox 3259 2091 3576 2161; x_wconf 73' lang='grc' dir='ltr'>ψευσάμενον</span> <span class='ocrx_word' id='word_1_587' title='bbox 3599 2091 3677 2153; x_wconf 60' lang='lat' dir='ltr'><strong>sic</strong></span> 
     </span>
    </p>
   </div>
   <div class='ocr_carea' id='block_1_81' title="bbox 2155 2183 3672 2254">
    <p class='ocr_par' dir='ltr' id='par_1_81' title="bbox 2155 2183 3672 2254">
     <span class='ocr_line' id='line_1_81' title="bbox 2155 2183 3672 2254; baseline 0 -18"><span class='ocrx_word' id='word_1_588' title='bbox 2155 2183 2494 2250; x_wconf 77' lang='grc' dir='ltr'>ἐπαγγελίας</span> <span class='ocrx_word' id='word_1_589' title='bbox 2521 2200 2536 2215; x_wconf 93' lang='grc'><strong>·</strong></span> <span class='ocrx_word' id='word_1_590' title='bbox 2563 2183 2620 2246; x_wconf 85' lang='grc' dir='ltr'>ὃς</span> <span class='ocrx_word' id='word_1_591' title='bbox 2651 2183 3023 2254; x_wconf 78' lang='grc' dir='ltr'>ἐπηγγείλατο</span> <span class='ocrx_word' id='word_1_592' title='bbox 3061 2185 3334 2251; x_wconf 79' lang='grc' dir='ltr'>δοξάζειν,</span> <span class='ocrx_word' id='word_1_593' title='bbox 3362 2183 3452 2238; x_wconf 78' lang='grc' dir='ltr'><strong>καὶ</strong></span> <span class='ocrx_word' id='word_1_594' title='bbox 3483 2183 3570 2251; x_wconf 80' lang='grc' dir='ltr'>τῆς</span> <span class='ocrx_word' id='word_1_595' title='bbox 3594 2183 3672 2252; x_wconf 87' lang='grc' dir='ltr'><strong>βα-</strong></span> 
     </span>
    </p>
   </div>
   <div class='ocr_carea' id='block_1_82' title="bbox 2156 2275 3678 2347">
    <p class='ocr_par' dir='ltr' id='par_1_82' title="bbox 2156 2275 3678 2347">
     <span class='ocr_line' id='line_1_82' title="bbox 2156 2275 3678 2347; baseline 0 -19"><span class='ocrx_word' id='word_1_596' title='bbox 2156 2276 2368 2338; x_wconf 85' lang='grc' dir='ltr'>σιλείας</span> <span class='ocrx_word' id='word_1_597' title='bbox 2417 2275 2754 2346; x_wconf 86' lang='grc' dir='ltr'>μεταδώσειν</span> <span class='ocrx_word' id='word_1_598' title='bbox 2799 2277 3021 2340; x_wconf 77' lang='grc' dir='ltr'>αὐτοῖς·</span> <span class='ocrx_word' id='word_1_599' title='bbox 3078 2276 3288 2347; x_wconf 74' lang='grc' dir='ltr'>μᾶλλον</span> <span class='ocrx_word' id='word_1_600' title='bbox 3324 2276 3378 2330; x_wconf 80' lang='grc' dir='ltr'>δὲ</span> <span class='ocrx_word' id='word_1_601' title='bbox 3418 2276 3506 2330; x_wconf 70' lang='grc' dir='ltr'><strong>καὶ</strong></span> <span class='ocrx_word' id='word_1_602' title='bbox 3541 2276 3678 2343; x_wconf 77' lang='grc' dir='ltr'>ἄμφω</span> 
     </span>
    </p>
   </div>
   <div class='ocr_carea' id='block_1_83' title="bbox 2157 2349 3678 2450">
    <p class='ocr_par' dir='ltr' id='par_1_83' title="bbox 2157 2349 3678 2450">
     <span class='ocr_line' id='line_1_83' title="bbox 2157 2349 3678 2450; baseline -0.004 -27"><span class='ocrx_word' id='word_1_603' title='bbox 2157 2349 2338 2441; x_wconf 80' lang='grc' dir='ltr'>σαφής</span> <span class='ocrx_word' id='word_1_604' title='bbox 2372 2371 2489 2422; x_wconf 73' lang='grc' dir='ltr'>ἐστι</span> <span class='ocrx_word' id='word_1_605' title='bbox 2534 2369 2893 2440; x_wconf 83' lang='grc' dir='ltr'>βλασφημία·</span> <span class='ocrx_word' id='word_1_606' title='bbox 2945 2369 3112 2423; x_wconf 81' lang='grc' dir='ltr'>τοῦτο</span> <span class='ocrx_word' id='word_1_607' title='bbox 3169 2369 3288 2439; x_wconf 75' lang='grc' dir='ltr'>μὲν,</span> <span class='ocrx_word' id='word_1_608' title='bbox 3327 2369 3400 2432; x_wconf 85' lang='grc' dir='ltr'>ὡς</span> <span class='ocrx_word' id='word_1_609' title='bbox 3443 2367 3678 2450; x_wconf 77' lang='grc' dir='ltr'>παντελῶς</span> 
     </span>
    </p>
   </div>
   <div class='ocr_carea' id='block_1_84' title="bbox 2155 2457 3671 2532">
    <p class='ocr_par' dir='ltr' id='par_1_84' title="bbox 2155 2457 3671 2532">
     <span class='ocr_line' id='line_1_84' title="bbox 2155 2457 3671 2532; baseline -0.005 -17"><span class='ocrx_word' id='word_1_610' title='bbox 2155 2459 2505 2532; x_wconf 79' lang='grc' dir='ltr'>ἀρνουμένων</span> <span class='ocrx_word' id='word_1_611' title='bbox 2555 2459 2655 2531; x_wconf 77' lang='grc' dir='ltr'>τὴν</span> <span class='ocrx_word' id='word_1_612' title='bbox 2711 2461 3096 2530; x_wconf 80' lang='grc' dir='ltr'>μακαριότητα</span> <span class='ocrx_word' id='word_1_613' title='bbox 3147 2459 3256 2514; x_wconf 81' lang='grc' dir='ltr'><strong>τῶν</strong></span> <span class='ocrx_word' id='word_1_614' title='bbox 3302 2459 3498 2526; x_wconf 81' lang='grc' dir='ltr'>ἁγίων·</span> <span class='ocrx_word' id='word_1_615' title='bbox 3526 2457 3671 2510; x_wconf 75' lang='grc' dir='ltr'>ἐκεῖνο</span> 
     </span>
    </p>
   </div>
   <div class='ocr_carea' id='block_1_85' title="bbox 2153 2547 3678 2621">
    <p class='ocr_par' dir='ltr' id='par_1_85' title="bbox 2153 2547 3678 2621">
     <span class='ocr_line' id='line_1_85' title="bbox 2153 2547 3678 2621; baseline -0.004 -17"><span class='ocrx_word' id='word_1_616' title='bbox 2153 2550 2235 2614; x_wconf 84' lang='grc' dir='ltr'>δὲ,</span> <span class='ocrx_word' id='word_1_617' title='bbox 2267 2551 2343 2615; x_wconf 84' lang='grc' dir='ltr'><strong>ὡς</strong></span> <span class='ocrx_word' id='word_1_618' title='bbox 2382 2550 2452 2603; x_wconf 87' lang='grc' dir='ltr'>τὰ</span> <span class='ocrx_word' id='word_1_619' title='bbox 2500 2549 2611 2604; x_wconf 85' lang='grc' dir='ltr'>τῶν</span> <span class='ocrx_word' id='word_1_620' title='bbox 2655 2549 3032 2621; x_wconf 82' lang='grc' dir='ltr'>ἀρνουμένων,</span> <span class='ocrx_word' id='word_1_621' title='bbox 3087 2549 3405 2605; x_wconf 82' lang='grc' dir='ltr'>ποιούντων.</span> <span class='ocrx_word' id='word_1_622' title='bbox 3451 2547 3549 2612; x_wconf 84' lang='grc' dir='ltr'>Οὓς</span> <span class='ocrx_word' id='word_1_623' title='bbox 3592 2549 3678 2616; x_wconf 73' lang='grc' dir='ltr'><strong>γὰρ</strong></span> 
     </span>
    </p>
   </div>
   <div class='ocr_carea' id='block_1_86' title="bbox 2156 2640 3681 2714">
    <p class='ocr_par' dir='ltr' id='par_1_86' title="bbox 2156 2640 3681 2714">
     <span class='ocr_line' id='line_1_86' title="bbox 2156 2640 3681 2714; baseline -0.004 -17"><span class='ocrx_word' id='word_1_624' title='bbox 2156 2640 2300 2698; x_wconf 82' lang='grc' dir='ltr'>εἶναι</span> <span class='ocrx_word' id='word_1_625' title='bbox 2338 2643 2658 2698; x_wconf 87' lang='grc' dir='ltr'>πιστεύουσι</span> <span class='ocrx_word' id='word_1_626' title='bbox 2691 2643 3018 2714; x_wconf 86' lang='grc' dir='ltr'>μακαρίους,</span> <span class='ocrx_word' id='word_1_627' title='bbox 3059 2643 3140 2706; x_wconf 84' lang='grc' dir='ltr'>ὡς</span> <span class='ocrx_word' id='word_1_628' title='bbox 3176 2643 3236 2697; x_wconf 85' lang='grc' dir='ltr'><strong>ὲν</strong></span> <span class='ocrx_word' id='word_1_629' title='bbox 3266 2643 3397 2696; x_wconf 85' lang='grc' dir='ltr'><strong>υίῶν</strong></span> <span class='ocrx_word' id='word_1_630' title='bbox 3439 2641 3584 2712; x_wconf 80' lang='grc' dir='ltr'>μοίρᾳ</span> <span class='ocrx_word' id='word_1_631' title='bbox 3611 2656 3681 2692; x_wconf 80' lang='grc' dir='ltr'>τε·</span> 
     </span>
    </p>
   </div>
   <div class='ocr_carea' id='block_1_87' title="bbox 2155 2733 3678 2808">
    <p class='ocr_par' dir='ltr' id='par_1_87' title="bbox 2155 2733 3678 2808">
     <span class='ocr_line' id='line_1_87' title="bbox 2155 2733 3678 2808; baseline -0.005 -17"><span class='ocrx_word' id='word_1_632' title='bbox 2155 2737 2488 2808; x_wconf 84' lang='grc' dir='ltr'>ταγμένους,</span> <span class='ocrx_word' id='word_1_633' title='bbox 2539 2737 2638 2791; x_wconf 65' lang='grc' dir='ltr'><strong>κοιλ⁵</strong></span> <span class='ocrx_word' id='word_1_634' title='bbox 2667 2737 2762 2806; x_wconf 83' lang='grc' dir='ltr'>τῆς</span> <span class='ocrx_word' id='word_1_635' title='bbox 2807 2735 3085 2806; x_wconf 83' lang='grc' dir='ltr'>βασιλείας</span> <span class='ocrx_word' id='word_1_636' title='bbox 3138 2737 3307 2806; x_wconf 78' lang='grc' dir='ltr'>αὐτῆς</span> <span class='ocrx_word' id='word_1_637' title='bbox 3339 2733 3678 2804; x_wconf 80' lang='grc' dir='ltr'>κληρονόμους,</span> 
     </span>
    </p>
   </div>
   <div class='ocr_carea' id='block_1_88' title="bbox 2156 2825 3680 2900">
    <p class='ocr_par' dir='ltr' id='par_1_88' title="bbox 2156 2825 3680 2900">
     <span class='ocr_line' id='line_1_88' title="bbox 2156 2825 3680 2900; baseline -0.007 -16"><span class='ocrx_word' id='word_1_638' title='bbox 2156 2830 2386 2894; x_wconf 84' lang='grc' dir='ltr'>τούτους</span> <span class='ocrx_word' id='word_1_639' title='bbox 2414 2830 2546 2894; x_wconf 74' lang='grc' dir='ltr'>ἴσως</span> <span class='ocrx_word' id='word_1_640' title='bbox 2563 2828 2630 2884; x_wconf 82' lang='grc' dir='ltr'><strong>ἂν</strong></span> <span class='ocrx_word' id='word_1_641' title='bbox 2649 2827 2981 2899; x_wconf 82' lang='grc' dir='ltr'>ἀγεράστοις</span> <span class='ocrx_word' id='word_1_642' title='bbox 3009 2831 3111 2882; x_wconf 75' lang='grc' dir='ltr'>καὶ</span> <span class='ocrx_word' id='word_1_643' title='bbox 3140 2829 3422 2900; x_wconf 74' lang='grc' dir='ltr'>ἀτιμήτοις</span> <span class='ocrx_word' id='word_1_644' title='bbox 3445 2826 3526 2879; x_wconf 71' lang='grc' dir='ltr'>καὶ</span> <span class='ocrx_word' id='word_1_645' title='bbox 3546 2825 3680 2876; x_wconf 62' lang='lat' dir='ltr'><strong>itacu-</strong></span> 
     </span>
    </p>
   </div>
   <div class='ocr_carea' id='block_1_89' title="bbox 2157 2917 3678 2992">
    <p class='ocr_par' dir='ltr' id='par_1_89' title="bbox 2157 2917 3678 2992">
     <span class='ocr_line' id='line_1_89' title="bbox 2157 2917 3678 2992; baseline -0.005 -16"><span class='ocrx_word' id='word_1_646' title='bbox 2157 2921 2367 2988; x_wconf 86' lang='grc' dir='ltr'>θύνοις,</span> <span class='ocrx_word' id='word_1_647' title='bbox 2401 2921 2471 2975; x_wconf 89' lang='grc' dir='ltr'><strong>δι’</strong></span> <span class='ocrx_word' id='word_1_648' title='bbox 2501 2917 2578 2976; x_wconf 80' lang='grc' dir='ltr'>ὧν</span> <span class='ocrx_word' id='word_1_649' title='bbox 2617 2921 2845 2975; x_wconf 79' lang='grc' dir='ltr'>τοιαῦτα</span> <span class='ocrx_word' id='word_1_650' title='bbox 2875 2921 3014 2992; x_wconf 76' lang='grc' dir='ltr'>ὑπὲρ</span> <span class='ocrx_word' id='word_1_651' title='bbox 3044 2922 3233 2975; x_wconf 75' lang='grc' dir='ltr'>αὐτῶν</span> <span class='ocrx_word' id='word_1_652' title='bbox 3279 2921 3507 2986; x_wconf 80' lang='grc' dir='ltr'>ἀξιοῦσιν</span> <span class='ocrx_word' id='word_1_653' title='bbox 3553 2917 3678 2986; x_wconf 79' lang='grc' dir='ltr'>εὔχεο</span> 
     </span>
    </p>
   </div>
   <div class='ocr_carea' id='block_1_90' title="bbox 2160 3007 3680 3086">
    <p class='ocr_par' dir='ltr' id='par_1_90' title="bbox 2160 3007 3680 3086">
     <span class='ocr_line' id='line_1_90' title="bbox 2160 3007 3680 3086; baseline -0.008 -19"><span class='ocrx_word' id='word_1_654' title='bbox 2160 3013 2308 3080; x_wconf 91' lang='grc' dir='ltr'>σθαι,</span> <span class='ocrx_word' id='word_1_655' title='bbox 2344 3013 2745 3086; x_wconf 83' lang='grc' dir='ltr'>μαρτυροῦσιν.</span> <span class='ocrx_word' id='word_1_656' title='bbox 2779 3010 2935 3066; x_wconf 80' lang='grc' dir='ltr'><strong>Οὖτω</strong></span> <span class='ocrx_word' id='word_1_657' title='bbox 2969 3012 3068 3082; x_wconf 82' lang='grc' dir='ltr'>μὲν</span> <span class='ocrx_word' id='word_1_658' title='bbox 3101 3012 3200 3066; x_wconf 75' lang='grc' dir='ltr'>οὖν</span> <span class='ocrx_word' id='word_1_659' title='bbox 3231 3012 3404 3066; x_wconf 85' lang='grc' dir='ltr'>αὐτῶν</span> <span class='ocrx_word' id='word_1_660' title='bbox 3438 3010 3579 3063; x_wconf 76' lang='grc' dir='ltr'>ἕνεκα</span> <span class='ocrx_word' id='word_1_661' title='bbox 3595 3007 3680 3057; x_wconf 82' lang='grc' dir='ltr'>τῶν</span> 
     </span>
    </p>
   </div>
   <div class='ocr_carea' id='block_1_91' title="bbox 2159 3105 3681 3176">
    <p class='ocr_par' dir='ltr' id='par_1_91' title="bbox 2159 3105 3681 3176">
     <span class='ocr_line' id='line_1_91' title="bbox 2159 3105 3681 3176; baseline -0.002 -18"><span class='ocrx_word' id='word_1_662' title='bbox 2159 3107 2528 3176; x_wconf 80' lang='grc' dir='ltr'>πραγμάτων,</span> <span class='ocrx_word' id='word_1_663' title='bbox 2566 3109 2770 3162; x_wconf 86' lang='grc' dir='ltr'>ἄτοπον</span> <span class='ocrx_word' id='word_1_664' title='bbox 2816 3105 2960 3162; x_wconf 86' lang='grc' dir='ltr'>είναι</span> <span class='ocrx_word' id='word_1_665' title='bbox 3010 3109 3292 3176; x_wconf 79' lang='grc' dir='ltr'>φαίνεται,</span> <span class='ocrx_word' id='word_1_666' title='bbox 3317 3109 3370 3162; x_wconf 88' lang='grc' dir='ltr'><strong>εί</strong></span> <span class='ocrx_word' id='word_1_667' title='bbox 3391 3127 3468 3171; x_wconf 87' lang='grc' dir='ltr'><strong>τις</strong></span> <span class='ocrx_word' id='word_1_668' title='bbox 3510 3107 3681 3176; x_wconf 82' lang='grc' dir='ltr'>νομίζει</span> 
     </span>
    </p>
   </div>
   <div class='ocr_carea' id='block_1_92' title="bbox 2158 3197 3682 3272">
    <p class='ocr_par' dir='ltr' id='par_1_92' title="bbox 2158 3197 3682 3272">
     <span class='ocr_line' id='line_1_92' title="bbox 2158 3197 3682 3272; baseline -0.001 -22"><span class='ocrx_word' id='word_1_669' title='bbox 2158 3198 2258 3267; x_wconf 87' lang='grc' dir='ltr'><strong>τὴν</strong></span> <span class='ocrx_word' id='word_1_670' title='bbox 2289 3197 2430 3269; x_wconf 78' lang='grc' dir='ltr'>ὑπὲρ</span> <span class='ocrx_word' id='word_1_671' title='bbox 2479 3198 2590 3252; x_wconf 84' lang='grc' dir='ltr'><strong>τῶν</strong></span> <span class='ocrx_word' id='word_1_672' title='bbox 2619 3198 2792 3268; x_wconf 81' lang='grc' dir='ltr'>ἁγίων</span> <span class='ocrx_word' id='word_1_673' title='bbox 2822 3200 2973 3271; x_wconf 72' lang='grc' dir='ltr'>παρὰ</span> <span class='ocrx_word' id='word_1_674' title='bbox 3005 3199 3110 3270; x_wconf 84' lang='grc' dir='ltr'>τῆς</span> <span class='ocrx_word' id='word_1_675' title='bbox 3155 3201 3476 3272; x_wconf 86' lang='grc' dir='ltr'>Ἐκκλησίας</span> <span class='ocrx_word' id='word_1_676' title='bbox 3520 3201 3588 3260; x_wconf 84' lang='grc' dir='ltr'><strong>είς</strong></span> <span class='ocrx_word' id='word_1_677' title='bbox 3611 3197 3682 3249; x_wconf 75' lang='grc' dir='ltr'>τὸν</span> 
     </span>
    </p>
   </div>
   <div class='ocr_carea' id='block_1_93' title="bbox 2158 3286 3684 3364">
    <p class='ocr_par' dir='ltr' id='par_1_93' title="bbox 2158 3286 3684 3364">
     <span class='ocr_line' id='line_1_93' title="bbox 2158 3286 3684 3364; baseline -0.003 -21"><span class='ocrx_word' id='word_1_678' title='bbox 2158 3289 2293 3344; x_wconf 80' lang='grc' dir='ltr'>Θεὸν</span> <span class='ocrx_word' id='word_1_679' title='bbox 2324 3291 2645 3364; x_wconf 80' lang='grc' dir='ltr'>προσφορὰν</span> <span class='ocrx_word' id='word_1_680' title='bbox 2693 3293 2899 3346; x_wconf 78' lang='grc' dir='ltr'>ἱκέσιον</span> <span class='ocrx_word' id='word_1_681' title='bbox 2927 3286 3091 3346; x_wconf 80' lang='grc' dir='ltr'>εἶναι.</span> <span class='ocrx_word' id='word_1_682' title='bbox 3132 3293 3359 3362; x_wconf 84' lang='grc' dir='ltr'>Ἴδωμεν</span> <span class='ocrx_word' id='word_1_683' title='bbox 3386 3291 3439 3345; x_wconf 81' lang='grc' dir='ltr'>δὲ</span> <span class='ocrx_word' id='word_1_684' title='bbox 3469 3291 3548 3345; x_wconf 74' lang='grc' dir='ltr'>καὶ</span> <span class='ocrx_word' id='word_1_685' title='bbox 3574 3288 3684 3341; x_wconf 74' lang='grc' dir='ltr'><strong>αὐτὰ</strong></span> 
     </span>
    </p>
   </div>
   <div class='ocr_carea' id='block_1_94' title="bbox 2159 3376 3684 3452">
    <p class='ocr_par' dir='ltr' id='par_1_94' title="bbox 2159 3376 3684 3452">
     <span class='ocr_line' id='line_1_94' title="bbox 2159 3376 3684 3452; baseline -0.005 -17"><span class='ocrx_word' id='word_1_686' title='bbox 2159 3379 2230 3433; x_wconf 71' lang='grc' dir='ltr'>τὰ</span> <span class='ocrx_word' id='word_1_687' title='bbox 2268 3382 2513 3452; x_wconf 76' lang='grc' dir='ltr'>ῥήματα.</span> <span class='ocrx_word' id='word_1_688' title='bbox 2546 3399 2565 3432; x_wconf 78' lang='grc' dir='ltr'><strong>ι</strong></span> <span class='ocrx_word' id='word_1_689' title='bbox 2608 3379 2732 3434; x_wconf 85' lang='grc' dir='ltr'>Ἔτι</span> <span class='ocrx_word' id='word_1_690' title='bbox 2765 3381 3126 3451; x_wconf 73' lang='grc' dir='ltr'>προσάγομεν</span> <span class='ocrx_word' id='word_1_691' title='bbox 3157 3397 3240 3434; x_wconf 86' lang='grc' dir='ltr'><strong>σοι</strong></span> <span class='ocrx_word' id='word_1_692' title='bbox 3269 3379 3486 3448; x_wconf 75' lang='grc' dir='ltr'>λογικὴν</span> <span class='ocrx_word' id='word_1_693' title='bbox 3515 3376 3684 3438; x_wconf 73' lang='grc' dir='ltr'>ταύτην</span> 
     </span>
    </p>
   </div>
   <div class='ocr_carea' id='block_1_95' title="bbox 2160 3470 3686 3541">
    <p class='ocr_par' dir='ltr' id='par_1_95' title="bbox 2160 3470 3686 3541">
     <span class='ocr_line' id='line_1_95' title="bbox 2160 3470 3686 3541; baseline -0.003 -17"><span class='ocrx_word' id='word_1_694' title='bbox 2160 3470 2419 3541; x_wconf 83' lang='grc' dir='ltr'>λατρείαν</span> <span class='ocrx_word' id='word_1_695' title='bbox 2451 3472 2591 3540; x_wconf 72' lang='grc' dir='ltr'>ὑπὲρ</span> <span class='ocrx_word' id='word_1_696' title='bbox 2621 3471 2729 3525; x_wconf 82' lang='grc' dir='ltr'>τῶν</span> <span class='ocrx_word' id='word_1_697' title='bbox 2763 3473 2820 3524; x_wconf 82' lang='grc' dir='ltr'>ἐν</span> <span class='ocrx_word' id='word_1_698' title='bbox 2853 3471 3031 3525; x_wconf 86' lang='grc' dir='ltr'>πίστει</span> <span class='ocrx_word' id='word_1_699' title='bbox 3069 3471 3550 3541; x_wconf 80' lang='grc' dir='ltr'>ἀναπαυσαμένων,</span> <span class='ocrx_word' id='word_1_700' title='bbox 3581 3484 3686 3537; x_wconf 81' lang='grc' dir='ltr'>προ·</span> 
     </span>
    </p>
   </div>
   <div class='ocr_carea' id='block_1_96' title="bbox 2160 3564 3688 3634">
    <p class='ocr_par' dir='ltr' id='par_1_96' title="bbox 2160 3564 3688 3634">
     <span class='ocr_line' id='line_1_96' title="bbox 2160 3564 3688 3634; baseline -0.003 -18"><span class='ocrx_word' id='word_1_701' title='bbox 2160 3564 2440 3633; x_wconf 76' lang='grc' dir='ltr'>πατόρων,</span> <span class='ocrx_word' id='word_1_702' title='bbox 2484 3564 2864 3634; x_wconf 83' lang='grc' dir='ltr'>πατριαρχῶν,</span> <span class='ocrx_word' id='word_1_703' title='bbox 2910 3565 3234 3633; x_wconf 78' lang='grc' dir='ltr'>προφητῶν,</span> <span class='ocrx_word' id='word_1_704' title='bbox 3269 3564 3586 3624; x_wconf 76' lang='grc' dir='ltr'>ἀποστόλων,</span> <span class='ocrx_word' id='word_1_705' title='bbox 3609 3578 3688 3626; x_wconf 80' lang='grc' dir='ltr'>κη-</span> 
     </span>
    </p>
   </div>
   <div class='ocr_carea' id='block_1_97' title="bbox 2163 3654 3688 3726">
    <p class='ocr_par' dir='ltr' id='par_1_97' title="bbox 2163 3654 3688 3726">
     <span class='ocr_line' id='line_1_97' title="bbox 2163 3654 3688 3726; baseline -0.005 -17"><span class='ocrx_word' id='word_1_706' title='bbox 2163 3655 2370 3726; x_wconf 77' lang='grc' dir='ltr'>ρύκων,</span> <span class='ocrx_word' id='word_1_707' title='bbox 2401 3654 2826 3724; x_wconf 78' lang='grc' dir='ltr'>εὐαγγελιστῶν,</span> <span class='ocrx_word' id='word_1_708' title='bbox 2859 3655 3161 3726; x_wconf 87' lang='grc' dir='ltr'>μαρτύρων</span> <span class='ocrx_word' id='word_1_709' title='bbox 3184 3697 3198 3721; x_wconf 96' lang='grc'><strong>,</strong></span> <span class='ocrx_word' id='word_1_710' title='bbox 3242 3657 3588 3726; x_wconf 74' lang='grc' dir='ltr'>ὁμολογητῶν,</span> <span class='ocrx_word' id='word_1_711' title='bbox 3617 3655 3688 3717; x_wconf 71' lang='grc' dir='ltr'><strong>ἐγυ</strong></span> 
     </span>
    </p>
   </div>
   <div class='ocr_carea' id='block_1_98' title="bbox 2162 3746 3690 3819">
    <p class='ocr_par' dir='ltr' id='par_1_98' title="bbox 2162 3746 3690 3819">
     <span class='ocr_line' id='line_1_98' title="bbox 2162 3746 3690 3819; baseline -0.004 -17"><span class='ocrx_word' id='word_1_712' title='bbox 2162 3747 2500 3819; x_wconf 82' lang='grc' dir='ltr'>κρατευτῶν,</span> <span class='ocrx_word' id='word_1_713' title='bbox 2547 3748 2641 3802; x_wconf 76' lang='grc' dir='ltr'>καὶ</span> <span class='ocrx_word' id='word_1_714' title='bbox 2673 3747 2876 3810; x_wconf 78' lang='grc' dir='ltr'>παντὸς</span> <span class='ocrx_word' id='word_1_715' title='bbox 2925 3746 3244 3818; x_wconf 82' lang='grc' dir='ltr'>πνεύματος</span> <span class='ocrx_word' id='word_1_716' title='bbox 3281 3752 3336 3804; x_wconf 80' lang='grc' dir='ltr'><strong>ἐν</strong></span> <span class='ocrx_word' id='word_1_717' title='bbox 3365 3749 3532 3802; x_wconf 78' lang='grc' dir='ltr'>πίστει</span> <span class='ocrx_word' id='word_1_718' title='bbox 3557 3761 3690 3798; x_wconf 82' lang='grc' dir='ltr'>τετε-</span> 
     </span>
    </p>
   </div>
   <div class='ocr_carea' id='block_1_99' title="bbox 2162 3837 3686 3909">
    <p class='ocr_par' dir='ltr' id='par_1_99' title="bbox 2162 3837 3686 3909">
     <span class='ocr_line' id='line_1_99' title="bbox 2162 3837 3686 3909; baseline -0.002 -20"><span class='ocrx_word' id='word_1_719' title='bbox 2162 3837 2500 3906; x_wconf 79' lang='grc' dir='ltr'>λειωμένου·</span> <span class='ocrx_word' id='word_1_720' title='bbox 2555 3838 2870 3906; x_wconf 74' lang='grc' dir='ltr'>ἐξαιρέτως,</span> <span class='ocrx_word' id='word_1_721' title='bbox 2927 3839 3029 3908; x_wconf 77' lang='grc' dir='ltr'>τῆς</span> <span class='ocrx_word' id='word_1_722' title='bbox 3083 3841 3385 3907; x_wconf 84' lang='grc' dir='ltr'>παναγίας,</span> <span class='ocrx_word' id='word_1_723' title='bbox 3434 3839 3686 3909; x_wconf 77' lang='grc' dir='ltr'>ἁχράντου,</span> 
     </span>
    </p>
   </div>
   <div class='ocr_carea' id='block_1_100' title="bbox 2165 3928 3691 4003">
    <p class='ocr_par' dir='ltr' id='par_1_100' title="bbox 2165 3928 3691 4003">
     <span class='ocr_line' id='line_1_100' title="bbox 2165 3928 3691 4003; baseline -0.003 -19"><span class='ocrx_word' id='word_1_724' title='bbox 2165 3929 2713 4000; x_wconf 82' lang='grc' dir='ltr'>ύπερευλογημένης,</span> <span class='ocrx_word' id='word_1_725' title='bbox 2754 3931 2965 3996; x_wconf 78' lang='grc' dir='ltr'>ἐνδόξου</span> <span class='ocrx_word' id='word_1_726' title='bbox 3010 3932 3318 4003; x_wconf 81' lang='grc' dir='ltr'>Δεσποίνης</span> <span class='ocrx_word' id='word_1_727' title='bbox 3365 3932 3511 4002; x_wconf 82' lang='grc' dir='ltr'>ἡμῶν</span> <span class='ocrx_word' id='word_1_728' title='bbox 3536 3928 3691 3982; x_wconf 62' lang='lat'><strong>6:016-</strong></span> 
     </span>
    </p>
   </div>
   <div class='ocr_carea' id='block_1_101' title="bbox 2167 4022 3690 4096">
    <p class='ocr_par' dir='ltr' id='par_1_101' title="bbox 2167 4022 3690 4096">
     <span class='ocr_line' id='line_1_101' title="bbox 2167 4022 3690 4096; baseline 0.001 -20"><span class='ocrx_word' id='word_1_729' title='bbox 2167 4040 2284 4089; x_wconf 82' lang='grc' dir='ltr'>κου,</span> <span class='ocrx_word' id='word_1_730' title='bbox 2317 4024 2412 4078; x_wconf 82' lang='grc' dir='ltr'><strong>καὶ</strong></span> <span class='ocrx_word' id='word_1_731' title='bbox 2449 4025 2814 4095; x_wconf 79' lang='grc' dir='ltr'>ἀειπαρθὲνου</span> <span class='ocrx_word' id='word_1_732' title='bbox 2859 4026 3100 4096; x_wconf 80' lang='grc' dir='ltr'>Μαρίας,</span> <span class='ocrx_word' id='word_1_733' title='bbox 3143 4025 3240 4079; x_wconf 83' lang='grc' dir='ltr'><strong>τοῦ</strong></span> <span class='ocrx_word' id='word_1_734' title='bbox 3286 4027 3436 4095; x_wconf 82' lang='grc' dir='ltr'>ἁγίου</span> <span class='ocrx_word' id='word_1_735' title='bbox 3484 4022 3690 4077; x_wconf 74' lang='grc' dir='ltr'>ἰωάννςυ</span> 
     </span>
    </p>
   </div>
   <div class='ocr_carea' id='block_1_102' title="bbox 2164 4114 3690 4188">
    <p class='ocr_par' dir='ltr' id='par_1_102' title="bbox 2164 4114 3690 4188">
     <span class='ocr_line' id='line_1_102' title="bbox 2164 4114 3690 4188; baseline -0.003 -22"><span class='ocrx_word' id='word_1_736' title='bbox 2164 4114 2260 4166; x_wconf 73' lang='grc' dir='ltr'>τοῦ</span> <span class='ocrx_word' id='word_1_737' title='bbox 2311 4116 2598 4185; x_wconf 70' lang='grc' dir='ltr'>προφήτου</span> <span class='ocrx_word' id='word_1_738' title='bbox 2640 4117 2735 4169; x_wconf 69' lang='grc' dir='ltr'>καὶ</span> <span class='ocrx_word' id='word_1_739' title='bbox 2768 4117 3081 4170; x_wconf 84' lang='grc' dir='ltr'>Βαπτιστοῦ</span> <span class='ocrx_word' id='word_1_740' title='bbox 3126 4119 3223 4172; x_wconf 71' lang='grc' dir='ltr'>καὶ</span> <span class='ocrx_word' id='word_1_741' title='bbox 3260 4118 3577 4188; x_wconf 74' lang='grc' dir='ltr'>Προδρόμςυ,</span> <span class='ocrx_word' id='word_1_742' title='bbox 3603 4114 3690 4166; x_wconf 77' lang='grc' dir='ltr'><strong>τῶν</strong></span> 
     </span>
    </p>
   </div>
   <div class='ocr_carea' id='block_1_103' title="bbox 2165 4205 3691 4279">
    <p class='ocr_par' dir='ltr' id='par_1_103' title="bbox 2165 4205 3691 4279">
     <span class='ocr_line' id='line_1_103' title="bbox 2165 4205 3691 4279; baseline 0 -21"><span class='ocrx_word' id='word_1_743' title='bbox 2165 4205 2339 4274; x_wconf 86' lang='grc' dir='ltr'>ἁγίων</span> <span class='ocrx_word' id='word_1_744' title='bbox 2363 4209 2456 4261; x_wconf 78' lang='grc' dir='ltr'>καὶ</span> <span class='ocrx_word' id='word_1_745' title='bbox 2481 4210 2731 4279; x_wconf 68' lang='grc' dir='ltr'>πανευιρή</span> <span class='ocrx_word' id='word_1_746' title='bbox 2743 4227 2857 4278; x_wconf 89' lang='grc' dir='ltr'><strong>μων</strong></span> <span class='ocrx_word' id='word_1_747' title='bbox 2888 4211 3227 4276; x_wconf 77' lang='grc' dir='ltr'>ἀποστόλων,</span> <span class='ocrx_word' id='word_1_748' title='bbox 3261 4211 3354 4264; x_wconf 74' lang='grc' dir='ltr'>καὶ</span> <span class='ocrx_word' id='word_1_749' title='bbox 3385 4213 3582 4264; x_wconf 86' lang='grc' dir='ltr'>πάντων</span> <span class='ocrx_word' id='word_1_750' title='bbox 3608 4208 3691 4258; x_wconf 78' lang='grc' dir='ltr'><strong>τῖν</strong></span> 
     </span>
    </p>
   </div>
   <div class='ocr_carea' id='block_1_104' title="bbox 2171 4293 3691 4372">
    <p class='ocr_par' dir='ltr' id='par_1_104' title="bbox 2171 4293 3691 4372">
     <span class='ocr_line' id='line_1_104' title="bbox 2171 4293 3691 4372; baseline -0.004 -17"><span class='ocrx_word' id='word_1_751' title='bbox 2171 4302 2366 4368; x_wconf 85' lang='grc' dir='ltr'>ἁγίων,</span> <span class='ocrx_word' id='word_1_752' title='bbox 2411 4293 2486 4355; x_wconf 80' lang='grc' dir='ltr'>ὧν</span> <span class='ocrx_word' id='word_1_753' title='bbox 2520 4305 2639 4365; x_wconf 88' lang='grc' dir='ltr'>ταῖς</span> <span class='ocrx_word' id='word_1_754' title='bbox 2697 4302 2932 4366; x_wconf 76' lang='grc' dir='ltr'>ἱκεσίαις</span> <span class='ocrx_word' id='word_1_755' title='bbox 2971 4301 3270 4372; x_wconf 77' lang='grc' dir='ltr'>ἐπίσκεψαι</span> <span class='ocrx_word' id='word_1_756' title='bbox 3318 4303 3456 4371; x_wconf 75' lang='grc' dir='ltr'>ἡμᾶς</span> <span class='ocrx_word' id='word_1_757' title='bbox 3499 4301 3524 4352; x_wconf 79' lang='grc' dir='ltr'><strong>δ</strong></span> <span class='ocrx_word' id='word_1_758' title='bbox 3566 4299 3691 4356; x_wconf 71' lang='grc' dir='ltr'>Θεξς.</span> 
     </span>
    </p>
   </div>
   <div class='ocr_carea' id='block_1_105' title="bbox 2172 4386 3692 4462">
    <p class='ocr_par' dir='ltr' id='par_1_105' title="bbox 2172 4386 3692 4462">
     <span class='ocr_line' id='line_1_105' title="bbox 2172 4386 3692 4462; baseline -0.001 -20"><span class='ocrx_word' id='word_1_759' title='bbox 2172 4394 2268 4442; x_wconf 69' lang='grc' dir='ltr'>καὶ</span> <span class='ocrx_word' id='word_1_760' title='bbox 2311 4393 2586 4462; x_wconf 82' lang='grc' dir='ltr'>μνήσθητι</span> <span class='ocrx_word' id='word_1_761' title='bbox 2619 4391 2838 4446; x_wconf 78' lang='grc' dir='ltr'>πάντων</span> <span class='ocrx_word' id='word_1_762' title='bbox 2869 4392 2976 4445; x_wconf 79' lang='grc' dir='ltr'>τῶν</span> <span class='ocrx_word' id='word_1_763' title='bbox 3006 4393 3424 4462; x_wconf 76' lang='grc' dir='ltr'>κεκοιμημένων</span> <span class='ocrx_word' id='word_1_764' title='bbox 3450 4390 3529 4442; x_wconf 84' lang='grc' dir='ltr'><strong>ἐπ’</strong></span> <span class='ocrx_word' id='word_1_765' title='bbox 3550 4386 3692 4440; x_wconf 76' lang='grc' dir='ltr'>ἐλπίδι</span> 
     </span>
    </p>
   </div>
   <div class='ocr_carea' id='block_1_106' title="bbox 2171 4481 3693 4552">
    <p class='ocr_par' dir='ltr' id='par_1_106' title="bbox 2171 4481 3693 4552">
     <span class='ocr_line' id='line_1_106' title="bbox 2171 4481 3693 4552; baseline -0.007 -14"><span class='ocrx_word' id='word_1_766' title='bbox 2171 4484 2543 4546; x_wconf 72' lang='grc' dir='ltr'>ἀναστάσεως,</span> <span class='ocrx_word' id='word_1_767' title='bbox 2607 4483 2701 4534; x_wconf 70' lang='grc' dir='ltr'>καὶ</span> <span class='ocrx_word' id='word_1_768' title='bbox 2753 4483 2900 4552; x_wconf 83' lang='grc' dir='ltr'>ζωῆς</span> <span class='ocrx_word' id='word_1_769' title='bbox 2949 4483 3211 4536; x_wconf 77' lang='grc' dir='ltr'>αἰωνίου·</span> <span class='ocrx_word' id='word_1_770' title='bbox 3270 4483 3366 4536; x_wconf 77' lang='grc' dir='ltr'>καὶ</span> <span class='ocrx_word' id='word_1_771' title='bbox 3421 4481 3693 4535; x_wconf 76' lang='grc' dir='ltr'>ἀνάπαυσον</span> 
     </span>
    </p>
   </div>
   <div class='ocr_carea' id='block_1_107' title="bbox 2173 4570 3695 4647">
    <p class='ocr_par' dir='ltr' id='par_1_107' title="bbox 2173 4570 3695 4647">
     <span class='ocr_line' id='line_1_107' title="bbox 2173 4570 3695 4647; baseline -0.006 -17"><span class='ocrx_word' id='word_1_772' title='bbox 2173 4578 2309 4630; x_wconf 80' lang='grc' dir='ltr'>ὅπου</span> <span class='ocrx_word' id='word_1_773' title='bbox 2347 4575 2715 4628; x_wconf 75' lang='grc' dir='ltr'>ὲπισκοπείτδ</span> <span class='ocrx_word' id='word_1_774' title='bbox 2745 4575 2861 4643; x_wconf 74' lang='grc' dir='ltr'>φῶς</span> <span class='ocrx_word' id='word_1_775' title='bbox 2885 4575 2978 4628; x_wconf 75' lang='grc' dir='ltr'>τοῦ</span> <span class='ocrx_word' id='word_1_776' title='bbox 3008 4576 3307 4647; x_wconf 80' lang='grc' dir='ltr'>προσώπου</span> <span class='ocrx_word' id='word_1_777' title='bbox 3347 4576 3453 4629; x_wconf 80' lang='grc' dir='ltr'>σοῦ.</span> <span class='ocrx_word' id='word_1_778' title='bbox 3487 4594 3502 4624; x_wconf 74' lang='grc' dir='ltr'><strong>ι</strong></span> <span class='ocrx_word' id='word_1_779' title='bbox 3544 4570 3695 4624; x_wconf 75' lang='grc' dir='ltr'>Ταῦτα</span> 
     </span>
    </p>
   </div>
   <div class='ocr_carea' id='block_1_108' title="bbox 2173 4662 3694 4763">
    <p class='ocr_par' dir='ltr' id='par_1_108' title="bbox 2173 4662 3694 4740">
     <span class='ocr_line' id='line_1_108' title="bbox 2173 4662 3694 4740; baseline -0.003 -19"><span class='ocrx_word' id='word_1_780' title='bbox 2173 4669 2242 4721; x_wconf 80' lang='grc' dir='ltr'>τὰ</span> <span class='ocrx_word' id='word_1_781' title='bbox 2265 4670 2487 4740; x_wconf 72' lang='grc' dir='ltr'>ῥήματα</span> <span class='ocrx_word' id='word_1_782' title='bbox 2511 4669 2569 4720; x_wconf 83' lang='grc' dir='ltr'>ἐν</span> <span class='ocrx_word' id='word_1_783' title='bbox 2595 4665 2674 4730; x_wconf 72' lang='grc' dir='ltr'>οἷς</span> <span class='ocrx_word' id='word_1_784' title='bbox 2695 4668 2920 4738; x_wconf 84' lang='grc' dir='ltr'>οὐδεμία</span> <span class='ocrx_word' id='word_1_785' title='bbox 2944 4670 3260 4739; x_wconf 83' lang='grc' dir='ltr'>περιέχεται</span> <span class='ocrx_word' id='word_1_786' title='bbox 3288 4667 3532 4740; x_wconf 71' lang='grc' dir='ltr'>περὶτῶν</span> <span class='ocrx_word' id='word_1_787' title='bbox 3558 4662 3694 4730; x_wconf 53' lang='lat' dir='ltr'><strong>erit»!</strong></span> 
     </span>
    </p>
   </div>
   <div class='ocr_carea' id='block_1_109' title="bbox 2178 4761 3697 4833">
    <p class='ocr_par' dir='ltr' id='par_1_109' title="bbox 2178 4761 3697 4833">
     <span class='ocr_line' id='line_1_109' title="bbox 2178 4761 3697 4833; baseline -0.007 -19"><span class='ocrx_word' id='word_1_788' title='bbox 2178 4761 2315 4831; x_wconf 74' lang='grc' dir='ltr'>πρὸς</span> <span class='ocrx_word' id='word_1_789' title='bbox 2367 4761 2456 4814; x_wconf 74' lang='grc' dir='ltr'><strong>τὸν</strong></span> <span class='ocrx_word' id='word_1_790' title='bbox 2489 4761 2622 4815; x_wconf 75' lang='grc' dir='ltr'>Θεὸν</span> <span class='ocrx_word' id='word_1_791' title='bbox 2676 4763 2875 4823; x_wconf 88' lang='grc' dir='ltr'>ίκεσία,</span> <span class='ocrx_word' id='word_1_792' title='bbox 2925 4762 3046 4816; x_wconf 76' lang='grc' dir='ltr'>οὐδὲ</span> <span class='ocrx_word' id='word_1_793' title='bbox 3091 4761 3314 4833; x_wconf 77' lang='grc' dir='ltr'>εὔχεται</span> <span class='ocrx_word' id='word_1_794' title='bbox 3364 4764 3392 4813; x_wconf 80' lang='grc' dir='ltr'><strong>ό</strong></span> <span class='ocrx_word' id='word_1_795' title='bbox 3425 4761 3586 4830; x_wconf 72' lang='grc' dir='ltr'>ἱερεὺς</span> <span class='ocrx_word' id='word_1_796' title='bbox 3611 4761 3697 4805; x_wconf 69' lang='grc' dir='ltr'>τιον</span> 
     </span>
    </p>
   </div>
   <div class='ocr_carea' id='block_1_110' title="bbox 2177 4846 3698 4921">
    <p class='ocr_par' dir='ltr' id='par_1_110' title="bbox 2177 4846 3698 4921">
     <span class='ocr_line' id='line_1_110' title="bbox 2177 4846 3698 4921; baseline -0.005 -16"><span class='ocrx_word' id='word_1_797' title='bbox 2177 4852 2443 4905; x_wconf 81' lang='grc' dir='ltr'>εἰωθότων</span> <span class='ocrx_word' id='word_1_798' title='bbox 2468 4851 2638 4906; x_wconf 72' lang='grc' dir='ltr'>οὐδέν.</span> <span class='ocrx_word' id='word_1_799' title='bbox 2659 4852 2816 4905; x_wconf 80' lang='grc' dir='ltr'>Ἀλλὰ</span> <span class='ocrx_word' id='word_1_800' title='bbox 2847 4852 2955 4904; x_wconf 85' lang='grc' dir='ltr'>τῶν</span> <span class='ocrx_word' id='word_1_801' title='bbox 2991 4852 3091 4921; x_wconf 74' lang='grc' dir='ltr'>μὲν</span> <span class='ocrx_word' id='word_1_802' title='bbox 3121 4853 3298 4907; x_wconf 82' lang='grc' dir='ltr'>ἄλλων</span> <span class='ocrx_word' id='word_1_803' title='bbox 3330 4846 3698 4918; x_wconf 75' lang='grc' dir='ltr'>κεκοιμημένων</span> 
     </span>
    </p>
   </div>
   <div class='ocr_carea' id='block_1_111' title="bbox 2179 4935 3701 5015">
    <p class='ocr_par' dir='ltr' id='par_1_111' title="bbox 2179 4935 3701 5015">
     <span class='ocr_line' id='line_1_111' title="bbox 2179 4935 3701 5015; baseline -0.009 -18"><span class='ocrx_word' id='word_1_804' title='bbox 2179 4944 2388 4998; x_wconf 84' lang='grc' dir='ltr'>πιστῶν</span> <span class='ocrx_word' id='word_1_805' title='bbox 2439 4944 2844 5015; x_wconf 79' lang='grc' dir='ltr'>μεμνημένους,</span> <span class='ocrx_word' id='word_1_806' title='bbox 2877 4943 3039 5006; x_wconf 70' lang='grc' dir='ltr'>εὐθὺς</span> <span class='ocrx_word' id='word_1_807' title='bbox 3073 4945 3429 5015; x_wconf 83' lang='grc' dir='ltr'>προστίθησιν</span> <span class='ocrx_word' id='word_1_808' title='bbox 3472 4941 3563 5008; x_wconf 77' lang='grc' dir='ltr'>τὴν</span> <span class='ocrx_word' id='word_1_809' title='bbox 3588 4935 3701 5002; x_wconf 81' lang='grc' dir='ltr'>ὑπὲρ</span> 
     </span>
    </p>
   </div>
   <div class='ocr_carea' id='block_1_112' title="bbox 2179 5027 3699 5106">
    <p class='ocr_par' dir='ltr' id='par_1_112' title="bbox 2179 5027 3699 5106">
     <span class='ocr_line' id='line_1_112' title="bbox 2179 5027 3699 5106; baseline -0.006 -16"><span class='ocrx_word' id='word_1_810' title='bbox 2179 5037 2387 5090; x_wconf 75' lang='grc' dir='ltr'>τούτων</span> <span class='ocrx_word' id='word_1_811' title='bbox 2439 5038 2626 5106; x_wconf 80' lang='grc' dir='ltr'><strong>εὐχήν.</strong></span> <span class='ocrx_word' id='word_1_812' title='bbox 2663 5055 2683 5089; x_wconf 72' lang='grc' dir='ltr'><strong>ι</strong></span> <span class='ocrx_word' id='word_1_813' title='bbox 2733 5036 3076 5090; x_wconf 81' lang='grc' dir='ltr'>Ἀνὰπαυσον</span> <span class='ocrx_word' id='word_1_814' title='bbox 3129 5036 3241 5106; x_wconf 77' lang='grc' dir='ltr'><strong>γάρ</strong></span> <span class='ocrx_word' id='word_1_815' title='bbox 3291 5034 3497 5098; x_wconf 67' lang='grc' dir='ltr'>αὐτοὺς,</span> <span class='ocrx_word' id='word_1_816' title='bbox 3545 5027 3699 5096; x_wconf 68' lang='grc' dir='ltr'>φησὶν.</span> 
     </span>
    </p>
   </div>
   <div class='ocr_carea' id='block_1_113' title="bbox 2179 5118 3702 5198">
    <p class='ocr_par' dir='ltr' id='par_1_113' title="bbox 2179 5118 3702 5198">
     <span class='ocr_line' id='line_1_113' title="bbox 2179 5118 3702 5198; baseline -0.003 -17"><span class='ocrx_word' id='word_1_817' title='bbox 2179 5129 2315 5181; x_wconf 79' lang='grc' dir='ltr'>ὅπου</span> <span class='ocrx_word' id='word_1_818' title='bbox 2345 5129 2636 5181; x_wconf 82' lang='grc' dir='ltr'>ἐπισκοπεῖ</span> <span class='ocrx_word' id='word_1_819' title='bbox 2660 5129 2721 5181; x_wconf 70' lang='grc' dir='ltr'>τὸ</span> <span class='ocrx_word' id='word_1_820' title='bbox 2756 5129 2869 5196; x_wconf 81' lang='grc' dir='ltr'>φῶς</span> <span class='ocrx_word' id='word_1_821' title='bbox 2899 5127 2990 5180; x_wconf 78' lang='grc' dir='ltr'><strong>τοῦ</strong></span> <span class='ocrx_word' id='word_1_822' title='bbox 3027 5127 3326 5198; x_wconf 86' lang='grc' dir='ltr'>προσώπου</span> <span class='ocrx_word' id='word_1_823' title='bbox 3371 5141 3479 5177; x_wconf 87' lang='grc' dir='ltr'>σου.</span> <span class='ocrx_word' id='word_1_824' title='bbox 3523 5141 3539 5171; x_wconf 71' lang='grc' dir='ltr'><strong>ι</strong></span> <span class='ocrx_word' id='word_1_825' title='bbox 3574 5118 3702 5168; x_wconf 74' lang='grc' dir='ltr'><strong>Ἐστι</strong></span> 
     </span>
    </p>
   </div>
   <div class='ocr_carea' id='block_1_114' title="bbox 2179 5206 3704 5310">
    <p class='ocr_par' dir='ltr' id='par_1_114' title="bbox 2179 5206 3704 5310">
     <span class='ocr_line' id='line_1_114' title="bbox 2179 5206 3704 5310; baseline -0.009 -38"><span class='ocrx_word' id='word_1_826' title='bbox 2179 5219 2239 5272; x_wconf 75' lang='grc' dir='ltr'>δὲ</span> <span class='ocrx_word' id='word_1_827' title='bbox 2269 5220 2378 5273; x_wconf 85' lang='grc' dir='ltr'>τῶν</span> <span class='ocrx_word' id='word_1_828' title='bbox 2410 5219 2581 5288; x_wconf 82' lang='grc' dir='ltr'>ἁγίων</span> <span class='ocrx_word' id='word_1_829' title='bbox 2613 5219 2930 5273; x_wconf 78' lang='grc' dir='ltr'>τούναντίον</span> <span class='ocrx_word' id='word_1_830' title='bbox 2973 5219 3140 5272; x_wconf 79' lang='grc' dir='ltr'>ἅπαν.</span> <span class='ocrx_word' id='word_1_831' title='bbox 3186 5217 3262 5271; x_wconf 89' lang='grc' dir='ltr'>Ού</span> <span class='ocrx_word' id='word_1_832' title='bbox 3297 5216 3402 5310; x_wconf 67' lang='grc' dir='ltr'><strong>γὰρ</strong></span> <span class='ocrx_word' id='word_1_833' title='bbox 3447 5206 3704 5310; x_wconf 52' lang='grc' dir='ltr'>πρεσϐείαν</span> 
     </span>
    </p>
   </div>
   <div class='ocr_carea' id='block_1_115' title="bbox 2185 5300 3704 5400">
    <p class='ocr_par' dir='ltr' id='par_1_115' title="bbox 2185 5300 3704 5400">
     <span class='ocr_line' id='line_1_115' title="bbox 2185 5300 3704 5400; baseline -0.02 -35"><span class='ocrx_word' id='word_1_834' title='bbox 2185 5312 2328 5382; x_wconf 75' lang='grc' dir='ltr'>ὑπὲρ</span> <span class='ocrx_word' id='word_1_835' title='bbox 2358 5313 2539 5366; x_wconf 83' lang='grc' dir='ltr'>αὐτῶν</span> <span class='ocrx_word' id='word_1_836' title='bbox 2579 5315 2839 5376; x_wconf 84' lang='grc' dir='ltr'>ποιεῖται,</span> <span class='ocrx_word' id='word_1_837' title='bbox 2877 5311 2992 5364; x_wconf 86' lang='grc' dir='ltr'>ἀλλ’</span> <span class='ocrx_word' id='word_1_838' title='bbox 3031 5309 3229 5373; x_wconf 73' lang='grc' dir='ltr'>αὐτοὺς</span> <span class='ocrx_word' id='word_1_839' title='bbox 3274 5306 3472 5376; x_wconf 78' lang='grc' dir='ltr'>μᾶλλον</span> <span class='ocrx_word' id='word_1_840' title='bbox 3503 5300 3704 5400; x_wconf 34' lang='grc' dir='ltr'>προσάγ-</span> 
     </span>
    </p>
   </div>
   <div class='ocr_carea' id='block_1_116' title="bbox 2186 5397 3705 5474">
    <p class='ocr_par' dir='ltr' id='par_1_116' title="bbox 2186 5397 3705 5474">
     <span class='ocr_line' id='line_1_116' title="bbox 2186 5397 3705 5474; baseline 0.002 -18"><span class='ocrx_word' id='word_1_841' title='bbox 2186 5404 2340 5457; x_wconf 88' lang='grc' dir='ltr'>λεται</span> <span class='ocrx_word' id='word_1_842' title='bbox 2391 5405 2675 5474; x_wconf 68' lang='grc' dir='ltr'>πρέσὸεις.</span> <span class='ocrx_word' id='word_1_843' title='bbox 2731 5402 2916 5458; x_wconf 80' lang='grc' dir='ltr'>Εἰπὼν</span> <span class='ocrx_word' id='word_1_844' title='bbox 2949 5403 3058 5474; x_wconf 75' lang='grc' dir='ltr'>γὰρ</span> <span class='ocrx_word' id='word_1_845' title='bbox 3110 5401 3207 5454; x_wconf 76' lang='grc' dir='ltr'>καὶ</span> <span class='ocrx_word' id='word_1_846' title='bbox 3258 5397 3558 5471; x_wconf 77' lang='grc' dir='ltr'>ἀριθμήσας</span> <span class='ocrx_word' id='word_1_847' title='bbox 3605 5404 3705 5445; x_wconf 63' lang='grc' dir='ltr'><strong>τονξ</strong></span> 
     </span>
    </p>
   </div>
   <div class='ocr_carea' id='block_1_117' title="bbox 2186 5480 3706 5589">
    <p class='ocr_par' dir='ltr' id='par_1_117' title="bbox 2186 5480 3706 5589">
     <span class='ocr_line' id='line_1_117' title="bbox 2186 5480 3706 5589; baseline -0.003 -38"><span class='ocrx_word' id='word_1_848' title='bbox 2186 5497 2378 5567; x_wconf 88' lang='grc' dir='ltr'>ἁγίους</span> <span class='ocrx_word' id='word_1_849' title='bbox 2405 5537 2420 5562; x_wconf 89' lang='grc'><strong>,</strong></span> <span class='ocrx_word' id='word_1_850' title='bbox 2471 5498 2692 5566; x_wconf 78' lang='grc' dir='ltr'>ἐπάγει,</span> <span class='ocrx_word' id='word_1_851' title='bbox 2735 5515 2753 5548; x_wconf 76' lang='grc' dir='ltr'><strong>ι</strong></span> <span class='ocrx_word' id='word_1_852' title='bbox 2792 5490 2892 5548; x_wconf 80' lang='grc' dir='ltr'><strong>Ὧν</strong></span> <span class='ocrx_word' id='word_1_853' title='bbox 2923 5499 3043 5558; x_wconf 85' lang='grc' dir='ltr'>ταῖς</span> <span class='ocrx_word' id='word_1_854' title='bbox 3095 5493 3406 5564; x_wconf 75' lang='grc' dir='ltr'>πρεσϐείαις</span> <span class='ocrx_word' id='word_1_855' title='bbox 3452 5480 3706 5589; x_wconf 30' lang='lat' dir='ltr'><strong>hic???</strong></span> 
     </span>
    </p>
   </div>
   <div class='ocr_carea' id='block_1_118' title="bbox 2188 5577 3707 5661">
    <p class='ocr_par' dir='ltr' id='par_1_118' title="bbox 2188 5577 3707 5661">
     <span class='ocr_line' id='line_1_118' title="bbox 2188 5577 3707 5661; baseline -0.014 -13"><span class='ocrx_word' id='word_1_856' title='bbox 2188 5593 2361 5661; x_wconf 76' lang='grc' dir='ltr'>ἡμᾶς,</span> <span class='ocrx_word' id='word_1_857' title='bbox 2395 5593 2422 5644; x_wconf 78' lang='grc' dir='ltr'>ὁ</span> <span class='ocrx_word' id='word_1_858' title='bbox 2450 5591 2600 5654; x_wconf 83' lang='grc' dir='ltr'>Θεός.</span> <span class='ocrx_word' id='word_1_859' title='bbox 2631 5608 2648 5641; x_wconf 75' lang='grc' dir='ltr'><strong>ι</strong></span> <span class='ocrx_word' id='word_1_860' title='bbox 2691 5589 2757 5643; x_wconf 85' lang='grc' dir='ltr'><strong><em>Ὃ</em></strong></span> <span class='ocrx_word' id='word_1_861' title='bbox 2787 5589 2843 5642; x_wconf 83' lang='grc' dir='ltr'>δὲ</span> <span class='ocrx_word' id='word_1_862' title='bbox 2883 5589 3114 5658; x_wconf 80' lang='grc' dir='ltr'>μάλιστα</span> <span class='ocrx_word' id='word_1_863' title='bbox 3159 5586 3447 5648; x_wconf 87' lang='grc' dir='ltr'>δείκνυσιν,</span> <span class='ocrx_word' id='word_1_864' title='bbox 3475 5580 3531 5634; x_wconf 86' lang='grc' dir='ltr'>οὐ</span> <span class='ocrx_word' id='word_1_865' title='bbox 3548 5577 3707 5642; x_wconf 71' lang='grc' dir='ltr'>δέησίν</span> 
     </span>
    </p>
   </div>
   <div class='ocr_carea' id='block_1_119' title="bbox 2187 5666 3707 5750">
    <p class='ocr_par' dir='ltr' id='par_1_119' title="bbox 2187 5666 3707 5750">
     <span class='ocr_line' id='line_1_119' title="bbox 2187 5666 3707 5750; baseline -0.011 -14"><span class='ocrx_word' id='word_1_866' title='bbox 2187 5701 2308 5736; x_wconf 88' lang='grc' dir='ltr'>τινα</span> <span class='ocrx_word' id='word_1_867' title='bbox 2340 5683 2435 5736; x_wconf 73' lang='grc' dir='ltr'>καὶ</span> <span class='ocrx_word' id='word_1_868' title='bbox 2469 5685 2703 5747; x_wconf 84' lang='grc' dir='ltr'>ἱκεσίαν,</span> <span class='ocrx_word' id='word_1_869' title='bbox 2744 5682 2857 5734; x_wconf 79' lang='grc' dir='ltr'>ἀλλ’</span> <span class='ocrx_word' id='word_1_870' title='bbox 2885 5679 3236 5750; x_wconf 82' lang='grc' dir='ltr'>εὐχαριστίαν</span> <span class='ocrx_word' id='word_1_871' title='bbox 3269 5676 3404 5742; x_wconf 76' lang='grc' dir='ltr'>ὑπὲρ</span> <span class='ocrx_word' id='word_1_872' title='bbox 3431 5673 3530 5725; x_wconf 85' lang='grc' dir='ltr'><strong>τῶν</strong></span> <span class='ocrx_word' id='word_1_873' title='bbox 3563 5666 3707 5734; x_wconf 83' lang='grc' dir='ltr'>ἁγίων</span> 
     </span>
    </p>
   </div>
   <div class='ocr_carea' id='block_1_120' title="bbox 2191 5759 3700 5845">
    <p class='ocr_par' dir='ltr' id='par_1_120' title="bbox 2191 5759 3700 5845">
     <span class='ocr_line' id='line_1_120' title="bbox 2191 5759 3700 5845; baseline -0.011 -15"><span class='ocrx_word' id='word_1_874' title='bbox 2191 5769 2332 5830; x_wconf 78' lang='grc' dir='ltr'>εἶναι</span> <span class='ocrx_word' id='word_1_875' title='bbox 2366 5776 2536 5830; x_wconf 75' lang='grc' dir='ltr'>ταῦτα</span> <span class='ocrx_word' id='word_1_876' title='bbox 2568 5774 2632 5828; x_wconf 67' lang='grc' dir='ltr'>τὰ</span> <span class='ocrx_word' id='word_1_877' title='bbox 2668 5775 2911 5845; x_wconf 74' lang='grc' dir='ltr'>ῥήματα,</span> <span class='ocrx_word' id='word_1_878' title='bbox 2942 5773 3021 5826; x_wconf 77' lang='grc' dir='ltr'>ὅτι</span> <span class='ocrx_word' id='word_1_879' title='bbox 3056 5770 3144 5825; x_wconf 73' lang='grc' dir='ltr'>καὶ</span> <span class='ocrx_word' id='word_1_880' title='bbox 3181 5769 3213 5838; x_wconf 79' lang='grc' dir='ltr'>ἡ</span> <span class='ocrx_word' id='word_1_881' title='bbox 3251 5765 3340 5820; x_wconf 76' lang='grc' dir='ltr'>τοῦ</span> <span class='ocrx_word' id='word_1_882' title='bbox 3373 5762 3501 5817; x_wconf 74' lang='grc' dir='ltr'>θεοῦ</span> <span class='ocrx_word' id='word_1_883' title='bbox 3532 5759 3700 5827; x_wconf 71' lang='grc' dir='ltr'>Μήτηρ</span> 
     </span>
    </p>
   </div>
  </div>
