3838 6192
238 296 293 359 77

1377 308 1665 371 LlTURG
1684 309 1775 366 [ΑΞ
1819 310 2247 372 EXPOSITIO.

3320 314 3421 376 47R

197 414 249 462 ὲν
273 412 451 482 τούτῳ
496 414 574 482 τῷ
605 415 893 489 καταλόγῳ
930 419 1221 474 τάττεται·
1258 424 1316 475 οὐ
1366 424 1471 495 γὰρ
1508 424 1575 478 ἂν
1605 425 1756 477 ἐτάτ-

1864 426 2015 489 chim,
2070 428 2162 480 sed
2212 427 2372 479 etiam
2427 426 2773 496 angelorum,
2808 442 2933 482 cum
2973 429 3043 483 sit
3069 428 3198 499 ipsis
3258 430 3421 484 etiam

194 519 328 569 τετο,
351 506 400 557 εί
434 506 716 573 μεσιτείας
740 509 885 571 τινὸς
928 513 955 563 6
1002 514 1162 582 χορὸς
1192 508 1345 578 οὗτος
1394 518 1582 584 ἐδεῖτο,
1614 519 1648 589 ἦ
1686 534 1748 585 γε

194 596 362 664 πάσης
394 599 547 649 ἐστὶν
573 600 834 653 ἐπέκεινα
862 604 1164 671 μεσιτείας,
1188 608 1247 659 οὐ
1276 609 1373 677 τῆς
1400 610 1749 679 ἀνθρωπίνης

195 690 346 756 μόνον
376 690 685 759 ίεραρχίας,
724 692 859 745 ἀλλὰ
888 698 981 747 καὶ
1014 697 1118 764 τῆς
1140 698 1248 752 τῶν
1277 701 1547 768 ἀγγέλων,
1582 704 1655 764 ὡς
1688 702 1752 754 ἂν

194 781 278 829 καὶ
328 781 507 830 αἰτῶν
560 778 695 835 nica
747 784 857 835 τῶν
906 785 1166 841 ἀνωτάτω
1220 790 1355 842 νόων
1404 790 1753 861 ἀσυγκρίτως

198 874 488 940 ἁγιωτέρα.
517 876 625 928 Καὶ
654 877 762 945 μὴν
796 880 824 930 6
852 880 1085 949 Χριστός
1109 884 1246 946 ἐστι,
1275 883 1460 952 φησιν,
1492 884 1519 934 6
1551 884 1755 953 ταύτην

196 964 356 1014 τελῶν
408 964 742 1035 ἱερουργίαν.
804 971 871 1022 Τί
906 970 997 1024 οῦν
1045 973 1358 1040 θαυμαστὸν
1400 976 1447 1027 εἰ
1509 976 1602 1028 καὶ
1641 978 1755 1036 τοῖς

198 1055 362 1119 ἁγίοις
392 1060 486 1110 καὶ
510 1059 647 1129 αὐτῇ
675 1063 1017 1129 μεσιτεύσειε
1042 1068 1107 1133 τῇ
1137 1066 1320 1135 Μητρί
1346 1082 1361 1130 ;
1402 1066 1546 1121 Ἀλλ’
1568 1068 1757 1120 οὐδένα

200 1149 343 1201 τοῦτο
395 1151 553 1218 λόγον
607 1153 741 1224 ἔχει.
778 1157 851 1208 Οὐ
901 1158 1009 1226 γὰρ
1036 1152 1189 1221 οὗτος
1231 1157 1259 1209 6
1297 1158 1497 1229 τρόπος
1528 1159 1629 1227 τῆς
1660 1158 1754 1212 τοῦ

205 1241 425 1308 Χριστοῦ
460 1247 742 1311 μεσιτείας
765 1262 780 1278 ο
820 1250 1049 1317 μεσίτης
1096 1251 1195 1319 μὲν
1224 1252 1331 1319 γὰρ
1362 1251 1580 1319 ἐγένετο
1600 1250 1753 1321 ,Θεοῦ

208 1336 286 1385 καὶ
319 1336 653 1404 ἀνθρώπων·
682 1340 797 1392 ἀλλ’
830 1340 888 1393 οὐ
921 1342 1098 1409 λόγοις
1130 1348 1241 1396 τισὶ
1268 1347 1355 1396 καὶ
1393 1343 1605 1409 εὐχαῖς,
1637 1344 1754 1398 ἀλλ’

210 1427 392 1493 ἑαυτῷ-
427 1430 509 1481 ὅτι
536 1431 646 1499 γὰρ
674 1431 805 1494 Θεὸς
828 1434 855 1484 6
879 1434 1041 1496 αὐτὸς
1069 1436 1164 1487 καὶ
1190 1436 1477 1505 ἄνθρωπος
1509 1433 1595 1501 ἦν,
1622 1435 1753 1489 Θεὸν

209 1516 498 1585 ἀνθρώποις
532 1521 764 1589 συνῆψε,
794 1523 971 1576 κοινὸν
1002 1524 1129 1593 ὅρον
1176 1525 1367 1578 ἑαυτὸν
1411 1524 1757 1595 ἀμφοτέραις

1858 517 2215 570 sanctissimis
2243 517 2513 572 mentibus
2537 519 3037 587 incomparabiliter
3056 522 3312 574 sanctior.
3334 524 3427 573 At-

1857 609 1947 676 qui
1984 608 2231 663 Christus
2260 617 2361 674 est,
2388 610 2690 679 inquit,qui
2716 612 2816 665 hoc
2842 611 3048 679 peragit
3071 612 3422 665 sacriﬁcium.

1859 700 1998 764 Quid
2029 715 2157 769 ergo
2186 701 2403 764 mirum,
2432 701 2495 767 si;
2517 702 2674 753 etiam
2712 717 2806 770 pro
2834 701 3038 756 sanctis
3070 710 3123 754 et
3148 698 3317 754 Matre
3340 702 3423 751 in-

1862 790 2167 845 tercesserit
2198 790 2219 843 ?
2255 789 2356 844 Sed
2390 792 2491 846 hoc
2524 792 2726 844 nullam
2776 792 2935 845 habet
2968 793 3255 845 rationem.
3307 790 3421 843 Non

1863 890 1947 936 est
1976 883 2118 935 enim
2159 881 2247 936 hic
2308 884 2500 937 modus
2553 884 2958 938 intercessionis
3019 883 3245 937 Christi.
3298 883 3421 935 Fuit

1862 974 2007 1028 enim
2038 976 2367 1028 intercessor
2421 973 2510 1027 Dei
2545 984 2598 1027 et
2639 974 2940 1039 hominum,
2971 976 3062 1029 sed
3104 990 3210 1028 non
3244 975 3422 1027 verbis

1861 1065 2186 1133 quibusdam
2205 1073 2257 1118 ct
2288 1066 2557 1134 precibus,
2587 1063 2679 1118 sed
2705 1066 2901 1133 seipse,
2922 1080 3115 1133 nempe
3145 1064 3420 1133 quodcum

1859 1156 2001 1211 Deus
2039 1166 2094 1211 et
2124 1158 2289 1211 homo
2326 1167 2491 1219 esset,
2541 1157 2708 1210 Deum
2772 1158 3085 1212 hominibus
3141 1157 3426 1226 conjunxit

1856 1264 2199 1304 communem
2226 1252 2514 1305 terminum
2568 1250 2803 1319 seipsum
2838 1252 3084 1317 utrisque
3110 1250 3318 1301 naturis
3346 1249 3428 1300 iu-

1852 1342 2068 1412 jiciens.
2094 1341 2423 1396 Existimare
2472 1352 2652 1396 autem
2691 1342 2891 1410 ipsum,
2946 1356 3041 1409 per
3080 1356 3267 1410 preces
3304 1356 3423 1408 qua:

1859 1434 1997 1488 ﬁunt
2027 1434 2405 1498 in‘sacriﬁcio,
2456 1450 2668 1502 semper
2728 1433 3084 1494 intercedere,
3142 1442 3223 1486 est
3279 1432 3425 1484 omni

1856 1526 2201 1594 blasphemia
2242 1537 2295 1580 et
2331 1526 2668 1581 absurditate
2693 1527 2937 1595 plenum.

212 1613 311 1670 ui;
343 1612 566 1677 ιρύσεσιν
624 1616 898 1684 ὲμὸαλὼν.
945 1620 1016 1671 Τὸ
1066 1621 1121 1673 δὲ
1152 1620 1396 1689 νομίζειν
1451 1620 1614 1675 αὐτὸν
1663 1620 1753 1673 διὰ
1788 1620 1898 1673 τῶν
1933 1622 1990 1673 ὲν
2021 1625 2087 1692 τῇ
2126 1622 2407 1693 ἱερουργίᾳ
2433 1621 2603 1691 εὐχῶν
2634 1622 2721 1674 ἀεὶ
2789 1621 3114 1692 μεσιτεύειν,
3187 1618 3431 1689 βλασφη-

214 1706 324 1774 μίας
351 1708 567 1776 ἁπάσης
601 1711 696 1764 καὶ
729 1712 959 1776 ἀτοπίας
988 1716 1105 1768 ἐστὶ
1138 1718 1359 1785 μεστόν.

272 1799 326 1850 Ei
355 1801 457 1868 γὰρ
488 1802 584 1852 καὶ
629 1803 792 1865 αὐτός
823 1806 971 1859 ἐστιν
1003 1808 1030 1859 6
1061 1807 1231 1860 τελῶν
1272 1809 1370 1879 τὴν
1411 1808 1747 1879 ἱερουργίαν,

1925 1804 2038 1861 Etsi
2069 1806 2211 1861 enim
2233 1806 2348 1875 ipse
2374 1806 2564 1875 estqui
2600 1806 2806 1876 peragit
2827 1806 3176 1869 sacriﬁcium,
3201 1822 3306 1860 non
3353 1816 3431 1860 ta-

216 1890 310 1940 ἁλίι*
337 1892 393 1942 οὐ
426 1892 608 1945 πάντα
650 1892 718 1946 τὰ
742 1897 859 1948 ἐκεῖ
889 1899 1147 1966 γινόμενα
1176 1901 1268 1953 καὶ
1295 1900 1569 1969 λεγόμενα
1601 1902 1751 1971 αὐτῷ

217 1982 553 2051 ἀναθήσομεν.
588 1985 661 2038 Τὸ
693 1986 792 2055 μὲν
835 1988 943 2057 γὰρ
994 1990 1154 2059 ἔργον
1186 1991 1286 2059 τῆς
1338 1994 1745 2061 μυσταγωγίας,

219 2074 293 2125 καὶ
346 2075 403 2125 τὸ
437 2076 616 2142 τέλος,
650 2079 771 2148 ἦτοι
826 2081 887 2132 τὸ
930 2082 1261 2151 ἁγιασθῆναι
1314 2086 1381 2138 τὰ
1433 2086 1601 2156 δῶρα,
1658 2088 1751 2140 καὶ

220 2164 410 2229 ἁγιάσαι
452 2168 582 2231 τούς
622 2172 870 2238 πιστοὺς,
910 2174 1071 2237 αὐτός
1131 2177 1245 2229 ἐστι
1290 2177 1449 2246 μόνος
1485 2181 1513 2232 6
1560 2180 1749 2234 τελῶν.

219 2262 269 2309 Al
300 2260 347 2310 δὲ
380 2264 510 2329 περὶ
558 2262 770 2318 τούτων
798 2266 955 2333 εὐχαὶ
1003 2271 1097 2320 καὶ
1136 2269 1355 2337 δεήσεις
1399 2272 1493 2322 καὶ
1525 2272 1748 2335 ἱκεσίαι,

220 2351 292 2401 τοῦ
319 2353 501 2420 ἱερέως
525 2372 538 2386 ·
570 2357 752 2409 ἐκεῖνα
789 2361 883 2425 μὲν
911 2360 1016 2431 γὰρ
1045 2362 1324 2427 δεσπότου,
1354 2364 1527 2418 ταῦτα
1556 2366 1611 2417 δὲ
1636 2366 1754 2418 δού-

219 2445 322 2497 λον·
360 2451 448 2500 καὶ
484 2450 513 2499 6
568 2448 669 2515 μὲν
704 2449 943 2518 εὔχεται,
990 2456 1017 2505 6
1066 2453 1122 2506 δὲ
1158 2455 1357 2509 τελειοῖ
1410 2456 1506 2519 τὰς
1538 2458 1702 2525 εὐχάς
1733 2472 1747 2485 ⁸

222 2541 295 2590 καὶ
319 2541 346 2590 6
374 2541 471 2607 μὲν
504 2541 700 2612 Σωτὴρ
726 2543 960 2609 δίδωσιν,
989 2548 1016 2599 6
1046 2546 1101 2600 δὲ
1134 2549 1316 2616 ἱερεὺς
1355 2549 1496 2620 ὑπὲρ
1525 2550 1632 2603 τῶν
1667 2551 1755 2603 δο-

221 2627 397 2683 θέντων
421 2634 768 2701 εὐχαριστεῖο
801 2636 896 2689 καὶ
926 2638 954 2688 6
985 2636 1084 2705 μὲν
1118 2640 1299 2707 ἱερεὺς
1326 2642 1613 2709 προσάγει,
1640 2641 1667 2693 6
1697 2641 1752 2693 δὲ

220 2721 397 2791 Κνριος
422 2724 707 2794 ἐκδέχεται
746 2726 815 2779 τὰ
849 2728 999 2797 δῶρα
1018 2745 1033 2762 ο
1064 2731 1362 2798 προσφέρει
1409 2732 1505 2799 μὲν
1529 2732 1637 2803 γὰρ
1661 2733 1755 2784 καὶ

221 2814 244 2864 6
283 2814 497 2884 Κύριος,
534 2817 649 2869 ἀλλ’
703 2818 895 2872 ἑαυτὸν
944 2818 1021 2888 τῷ
1075 2820 1301 2889 Πατέρι,
1350 2821 1441 2873 καὶ
1493 2824 1560 2873 τὰ
1609 2822 1757 2894 δῶρα

221 2904 388 2969 ταῦτα,
414 2908 544 2960 ὅταν
576 2908 739 2971 αὐτὸς
764 2911 1043 2975 γένωνται,
1070 2911 1197 2964 ὅταν
1224 2914 1303 2973 εἰς
1330 2912 1391 2964 τὸ
1411 2913 1574 2965 αὐτοῦ
1600 2913 1758 2983 σῶμα

222 2997 300 3046 καὶ
328 2991 461 3064 αἷμα
499 2999 934 3067 μταϐληθῶσιν.
969 3002 1091 3055 Ὅτι
1126 3003 1231 3072 γὰρ
1278 3003 1475 3057 ἑαυτὸν
1523 3005 1759 3073 προσσέ-

218 3103 307 3152 pst,
336 3088 423 3143 διὰ
453 3089 615 3143 τοῦτο
647 3086 785 3143 εἶναι
810 3091 1025 3160 λέγεται
1058 3096 1084 3143 6
1106 3095 1267 3156 αὐτὸς
1293 3096 1384 3147 καὶ
1410 3096 1754 3166 προσφέρων,

216 3179 297 3229 καὶ
339 3182 804 3251 προσφερόμενος,
851 3185 944 3237 καὶ
1000 3185 1465 3254 προσδεχόμενος’
1520 3188 1750 3254 προσιρὲο

216 3287 311 3336 ρων
342 3272 457 3340 μὲν,
494 3275 584 3325 καὶ
622 3275 1079 3344 προσδεχόμενος,
1126 3278 1202 3339 ὼς
1249 3278 1414 3341 Θεὸς·
1451 3280 1760 3347 προσφερό-

218 3379 361 3430 μενος
384 3364 438 3416 δὲ
468 3363 542 3427 ὡς
575 3365 861 3435 ἄνθρωπος
884 3383 897 3397 ο
926 3367 1092 3435 ἄρτον
1119 3368 1173 3420 δὲ
1224 3372 1318 3421 καὶ
1344 3364 1489 3421 οἶνον
1520 3369 1599 3421 ἔτι
1634 3369 1762 3420 ὅντα

214 3455 273 3505 τὲ
292 3455 458 3525 δῶρα,
488 3458 791 3526 προσφέρει
837 3459 937 3526 μὲν
968 3460 993 3509 6
1028 3460 1224 3529 ἱερεὺς,
1256 3460 1618 3529 προσδέχεται
1647 3460 1705 3513 δὲ
1734 3460 1762 3511 6

217 3546 425 3612 Κύριος.

280 3640 382 3691 Καὶ
410 3641 465 3691 τί
509 3641 683 3692 ποιῶν
720 3640 786 3693 τὰ
834 3641 982 3710 δῶρα
1041 3642 1440 3713 προσδέχεται;
1496 3642 1764 3710 Ἀγιάζων

216 3729 359 3789 αὐτὰ,
397 3733 475 3794 εἰς
525 3732 586 3784 τὸ
637 3733 802 3785 αὐτοῦ
858 3734 1013 3800 σῶμα
1048 3738 1141 3788 καὶ
1193 3729 1332 3802 αἷμα
1388 3734 1760 3804 μεταϐάλλων.

218 3820 376 3876 Τοῦτο
425 3826 531 3895 γὰρ
583 3826 645 3877 τὸ
694 3826 966 3895 δέχεσθαι,
1016 3827 1078 3880 τὸ
1115 3826 1472 3890 οἰκειοῦσθαι,
1526 3830 1666 3882 κατὰ
1695 3830 1765 3883 τὰ

218 3917 575 3984 πμιρημένα
601 3933 616 3947 ·
654 3912 806 3980 οὗτος
828 3918 857 3969 6
882 3916 1084 3987 τρόπος
1118 3918 1242 3971 καθ’
1272 3918 1330 3971 ὃν
1356 3919 1383 3971 6
1408 3919 1639 3988 Χριστος
1668 3918 1765 3988 τὴν

221 4004 512 4073 ἱερουργίαν
565 4008 771 4075 ταύτην
807 4010 1118 4076 ίερουργεί’
1164 4007 1340 4063 ταῦτά
1384 4010 1536 4062 ἐστιν
1574 4009 1610 4063 ἃ
1666 4010 1767 4080 τὴν

224 4096 505 4166 ἱερωσύνην
538 4097 690 4167 αὐτῷ
722 4100 900 4150 ποιεῖ’
943 4100 991 4151 εί
1032 4100 1090 4152 δὲ
1120 4100 1254 4168 πρὸς
1287 4101 1401 4162 τοῖς
1427 4100 1763 4170 εἰρημένοις,

223 4189 307 4237 καὶ
334 4190 425 4251 τὰς
456 4191 513 4241 ὲν
544 4193 609 4259 τῇ
652 4192 1014 4259 μυσταγωγία
1060 4190 1245 4260 εὐχὰς,
1276 4192 1308 4261 ἢ
1353 4192 1532 4253 πάσας
1559 4192 1589 4261 ἢ
1617 4192 1768 4252 τινὰς

223 4278 304 4329 τοῦ
335 4280 561 4348 Χριστοῦ
588 4282 708 4351 θείη
747 4298 830 4342 τις
860 4278 999 4335 εἶναι
1027 4286 1233 4351 φωνὰς,
1262 4284 1412 4335 οὐδὲν
1440 4282 1581 4336 κατὰ
1611 4284 1771 4337 τοῦτο

222 4370 391 4424 ὂ;οίσει
440 4374 551 4427 τῶν
581 4375 815 4436 ἀσεϐῶν,
845 4376 894 4427 οἳ
923 4376 1023 4444 τὴν
1077 4375 1236 4440 δόξαν
1266 4376 1431 4429 αὐτοῦ
1483 4378 1769 4448 καθαιρεῖν

1853 1914 1977 1952 men
2015 1900 2197 1953 omnia
2228 1913 2349 1967 quae
2375 1882 2764 1953 illic'dicuntur
2793 1910 2849 1953 et
2877 1900 3031 1961 ﬁunt,
3064 1900 3111 1953 ei
3162 1900 3427 1953 attribue-

1853 2007 1993 2045 mus.
2019 1990 2257 2061 Mysterii
2280 1992 2422 2044 euim
2476 2007 2612 2059 opus
2640 2001 2689 2045 et
2720 1991 2900 2050 ﬁnem,
2955 1993 3252 2045 sacriﬁcari
3291 1992 3432 2044 scili-

1858 2093 1944 2138 cet
1982 2094 2035 2137 et
2075 2085 2405 2138 sanctiﬁcari
2431 2084 2635 2145 ﬁdeles,
2692 2086 2804 2153 ipse.
2854 2094 2934 2138 est
2979 2086 3127 2139 solus
3159 2086 3249 2149 qui
3302 2101 3427 2152 per-

1853 2176 1983 2241 agit.
2015 2173 2085 2226 De
2108 2176 2192 2230 his
2216 2185 2391 2229 autem
2425 2191 2610 2245 preces
2632 2187 2757 2231 sunt
2782 2178 3052 2231 orationes
3080 2186 3131 2230 et
3156 2178 3430 2246 supplica—

1854 2266 2033 2320 tiones
2064 2267 2382 2321 sacerdOtis.
2415 2268 2507 2321 llla
2536 2268 2678 2320 enim
2712 2278 2839 2322 sunt
2889 2267 3125 2333 Domini,
3169 2268 3282 2320 haec
3306 2282 3433 2321 vero

1855 2360 1993 2415 servi
2022 2378 2035 2425 ;
2074 2368 2126 2414 et
2155 2360 2242 2414 hic
2270 2360 2485 2427 quidem
2520 2368 2789 2427 precatur,
2831 2359 2918 2413 ille
2949 2375 3074 2412 vero
3106 2374 3293 2426 preces
3318 2374 3436 2427 per-

1856 2454 1985 2518 ﬁcit;
2012 2463 2061 2508 et
2098 2453 2357 2507 Dominus
2392 2453 2607 2521 quidem
2644 2452 2847 2516 donat,
2884 2453 3140 2505 sacerdos
3172 2466 3297 2503 vero
3340 2467 3433 2516 pro

1857 2544 1925 2600 iis
1956 2560 2077 2615 quae
2107 2545 2230 2599 data
2266 2545 2542 2614 sunt,agit
2573 2545 2813 2613 gratias;
2846 2554 2900 2597 et
2932 2543 3187 2597 sacerdos
3214 2542 3431 2611 quidem

1855 2637 2031 2701 oﬂ'ert,
2111 2627 2371 2690 Dominus
2434 2650 2563 2689 vero
2616 2634 2756 2687 dona
2804 2630 3018 2700 accipit.
3071 2632 3236 2685 OlTert
3290 2634 3432 2685 enim

1855 2729 2016 2784 etiam
2072 2727 2353 2791 Dominus,
2386 2726 2477 2779 sed
2529 2726 2769 2794 Seipsum
2816 2722 2987 2788 Patri,
3056 2735 3108 2776 et
3148 2723 3285 2776 dona
3324 2721 3439 2775 haec

1856 2820 2079 2891 quando
2119 2819 2235 2883 ipse
2266 2818 2403 2872 facta
2438 2816 2656 2879 fuerint,
2690 2813 2906 2884 quando
2933 2814 2984 2867 in
3012 2816 3126 2884 ejus
3150 2828 3344 2879 corpus
3387 2817 3440 2863 et

1860 2911 2179 2980 sanguinem
2207 2924 2466 2963 conversa
2507 2916 2559 2960 ct
2598 2918 2825 2959 mutata.
2854 2903 2989 2970 Quia
3026 2904 3168 2956 enim
3198 2904 3438 2969 seipsum

1860 3004 2034 3064 otTert,
2052 3001 2171 3053 ideo
2194 2999 2391 3052 dicitur
2410 3000 2547 3051 idem
2577 3013 2698 3051 esse
2720 3006 2773 3050 et
2795 2998 2885 3064 qui
2904 2996 3080 3051 offert.
3099 3004 3151 3049 et
3168 2995 3260 3063 qui
3286 2992 3443 3045 oder-

1863 3092 2280 3158 turctsuscipit,
2314 3087 2778 3157 oﬁerensquidem
2798 3088 3165 3154 etsuscipiens
3202 3093 3257 3137 ut
3280 3082 3439 3153 Deus.

1861 3184 2073 3236 oblatus
2096 3192 2272 3233 autem
2295 3187 2352 3232 ut
2377 3182 2562 3230 homo.
2587 3178 2789 3229 Panem
2814 3184 2991 3229 autem
3017 3184 3071 3228 et
3090 3174 3439 3237 vinum,dum

1862 3274 2036 3327 adhuc
2079 3270 2219 3325 dona
2257 3279 2406 3333 sunt,
2440 3270 2596 3322 ollert
2635 3268 2852 3336 quidem
2914 3266 3184 3327 sacerdos,
3219 3266 3443 3333 suscipit

1864 3376 2041 3420 autem
2071 3350 2377 3417 Dominus.‘
2401 3359 2465 3413 Et
2491 3359 2617 3428 quid
2675 3372 2837 3426 agens
2865 3358 3005 3411 dona
3063 3356 3340 3423 suscipit?
3372 3355 3441 3407 Ea

1866 3458 2238 3521 sanctiﬁcans,
2266 3455 2319 3507 in
2350 3469 2510 3507 suum
2550 3466 2749 3519 corpus
2781 3450 3171 3517 etsauguincm
3198 3456 3437 3500 mutans.

1866 3552 1979 3603 Hoc
2024 3547 2167 3601 enim
2214 3556 2298 3600 est
2359 3544 2655 3611 suscipere,
2715 3539 2994 3608 prOpriuin
3062 3548 3115 3592 et
3176 3538 3443 3591 familiare

1865 3645 2096 3706 eﬂicere,
2131 3650 2187 3695 ut
2220 3640 2427 3694 dictum
2455 3646 2560 3692 est.
2591 3633 2689 3688 llic
2710 3642 2793 3687 est
2830 3632 3022 3687 modus
3050 3648 3158 3701 quo
3192 3633 3442 3686 Christus

1868 3737 1970 3790 hoc
1999 3733 2326 3788 sacriﬁcium
2361 3730 2618 3784 celebrat.
2648 3726 2773 3779 llaec
2810 3733 2937 3779 sunt
2959 3740 3077 3792 qua:
3102 3725 3148 3777 ei
3179 3723 3439 3777 sacerdo-

1870 3830 2002 3881 tium
2047 3826 2412 3880 constituuut.
2476 3824 2529 3875 Si
2565 3830 2744 3874 autem
2787 3828 2981 3887 ιιι-αξιοι·
3034 3832 3097 3872 ea
3131 3832 3248 3883 (μιιυ
3301 3814 3441 3866 dicta

1870 3926 2015 3979 sunt,
2044 3915 2205 3969 etiam
2236 3912 2513 3965 orationes
2538 3926 2659 3979 qum
2684 3909 2818 3962 ﬁuut
2843 3907 2895 3960 in
2925 3906 3170 3976 mysterii
3199 3902 3442 3957 celebra-

1872 4009 2038 4070 tione,
2058 4006 2141 4059 vcl
2164 4018 2355 4058 omnes
2403 4003 2488 4058 vel
2514 4003 2726 4077 aliquas
2747 3999 2949 4055 Christi
2977 4012 3134 4051 voces
3156 4010 3275 4049 esse
3295 3996 3445 4047 dixe—

1869 4101 1961 4165 rit,
1983 4099 2115 4153 nihil
2146 4100 2197 4151 in
2218 4099 2317 4151 hac.
2345 4111 2404 4150 re
2433 4096 2500 4149 ab
2523 4095 2703 4157 impiis
2734 4092 2963 4155 differet,
2989 4089 3080 4157 qui
3107 4090 3223 4158 ejus
3259 4086 3445 4156 gloriic

1871 4188 2153 4243 detrahere
2183 4184 2297 4239 ausi
2330 4192 2475 4238 sunt.
2513 4181 2650 4249 Lege
2672 4194 2863 4234 omnes
2895 4177 3190 4239 orationes,
3224 4184 3277 4228 et
3304 4175 3443 4226 scies

1872 4282 2033 4335 verba
2110 4280 2200 4334 illa
2258 4277 2443 4331 omnia
2518 4289 2640 4329 esse
2700 4284 2983 4327 servorum
3060 4267 3243 4320 verba.
3304 4265 3445 4329 Lege

1872 4374 2036 4428 etiam
2063 4387 2181 4426 eam
2215 4371 2266 4424 in
2296 4384 2397 4438 qua
2430 4375 2748 4421 sanctorum
2812 4362 3084 4420 meminit,
3142 4373 3305 4421 quam
3350 4373 3447 4408 au-

224 4463 521 4533 ὲτᾶλμησαν.
570 4466 875 4533 Ἀνάγνωθι
908 4469 1007 4531 τὰς
1041 4470 1206 4538 εὐχὰς
1235 4469 1478 4534 ἁπάσας,
1524 4471 1618 4522 καὶ
1650 4450 1758 4539 είσγ

1875 4465 2003 4518 deut
2031 4463 2250 4519 Clu-isto
2286 4461 2543 4519 tribuere,
2566 4465 2620 4511 et
2654 4454 2898 4509 invenies
2936 4454 3065 4505 nihil
3095 4453 3203 4505 illic
3252 4465 3449 4504 com-e-

223 4554 279 4605 τά
323 4560 530 4627 βήματα
613 4562 796 4613 ἐκεῖνα
848 4562 1025 4615 πάντα
1075 4563 1277 4615 δούλων
1317 4558 1454 4615 εἶναι
1505 4564 1766 4634 ῥήματα·

221 4646 473 4713 ἀνάγνωθι
526 4652 623 4704 καὶ
652 4651 862 4722 ταύτην
888 4652 922 4721 ἢ
956 4654 1285 4721 μνημονεύει
1336 4654 1443 4707 τῶν
1477 4654 1669 4722 ἁγίων,
1703 4655 1768 4723 ἢν

218 4738 285 4805 τῷ
312 4742 524 4811 Χριστῷ
570 4743 885 4798 ἀνατιθέναι
926 4745 1193 4813 τολμῶσι,
1232 4744 1325 4798 καὶ
1360 4746 1615 4816 εὑρήσεις
1654 4748 1770 4799 ἐκεῖ

216 4830 354 4883 οὐδὲν
390 4835 486 4901 μὲν
512 4833 615 4902 υίῷ
666 4834 879 4903 πρέπον
911 4834 1187 4905 ὁμοτίμῳ,
1228 4836 1406 4889 πάντα
1453 4836 1509 4888 δὲ
1540 4836 1764 4891 δούλων.

216 4922 421 4989 Πρῶτον
476 4926 738 4995 μὲνγὰρ,
793 4926 891 4979 οὐκ
927 4924 1023 4992 ἀφ’
1074 4926 1192 4989 ἐνὸς
1248 4924 1571 4997 προσώπου,
1627 4926 1767 4979 ἀλλὰ

214 5014 354 5083 κοινὴ
394 5015 485 5066 τοῦ
515 5017 709 5082 γένους
736 5015 887 5067 ἐστὶν
916 5016 948 5085 ἡ
984 5015 1327 5085 εὐχαριστία,
1370 5018 1461 5068 καὶ
1491 5016 1563 5077 ὡς
1592 5017 1768 5084 ἁμαρ-

214 5104 491 5173 τήσαντες,
540 5106 742 5176 καὶμὴ
797 5107 1184 5176 περιοφθέντες
1214 5107 1318 5159 ὑπὸ
1363 5109 1461 5177 τῆς
1505 5109 1599 5160 τοῦ
1629 5107 1765 5159 Θεοῦ

214 5196 632 5268 φιλανθρωπίας,
682 5200 1099 5270 εὐχαριστοῦσι·
1129 5200 1285 5269 καὶὴ
1328 5200 1652 5269 εὐχαριστία
1703 5199 1764 5252 οὐ

214 5290 337 5357 πρὸς
365 5293 457 5345 τὸν
485 5294 706 5363 Πατέρα
741 5294 925 5363 μόνον,
954 5293 1091 5346 ἀλλὰ
1118 5295 1211 5347 καὶ
1244 5293 1377 5364 πρὸς
1400 5294 1490 5346 τὸν
1517 5293 1645 5346 Υίδν
1671 5295 1767 5345 αὐ-

210 5382 317 5444 τοῦ,
357 5386 453 5437 καὶ
475 5386 533 5438 τὸ
572 5386 798 5456 Πνεῦμα
839 5387 900 5439 τὸ
949 5389 1106 5455 ἅγιον
1134 5404 1149 5419 ο
1189 5388 1285 5439 καὶ
1340 5388 1438 5457 τῆς
1490 5386 1581 5439 τοῦ
1626 5387 1763 5440 Θεοῦ

211 5473 442 5547 Μητρὸς,
503 5478 580 5541 ὡς
642 5482 939 5550 Δεσποίνης
997 5480 1191 5545 δοῦλοι,
1266 5481 1613 5550 μέμνηνταιο
1668 5482 1763 5533 καὶ

212 5568 321 5629 10!;
363 5569 685 5637 πρεσϐείαις
710 5570 884 5639 αὐτῆς
914 5572 1007 5624 καὶ
1047 5570 1156 5623 τῶν
1202 5571 1372 5638 ἁγίων
1427 5571 1525 5638 τῆς
1610 5572 1762 5641 παρὰ

212 5659 295 5709 τοῦ
337 5662 471 5715 Θεοῦ
528 5663 873 5731 ἐπισκέψεως
905 5667 999 5717 καὶ
1040 5663 1295 5735 προνοίας
1345 5663 1621 5717 αἰτοῦνται
1671 5680 1763 5715 ’τυ-ι

212 5752 569 5816 χεῑν,ιΤαῦτα
601 5757 654 5809 δὲ
691 5757 740 5810 τί
785 5758 961 5811 κοινὸν
1006 5758 1115 5827 ἔχει
1166 5757 1299 5826 προς
1352 5757 1441 5810 τὸν
1498 5755 1592 5808 ’ἕνα
1646 5755 1754 5809 K6-

1878 4560 1996 4612 nire
2047 4554 2206 4617 Filio,
2239 4555 2330 4621 qui
2389 4559 2475 4605 est
2504 4547 2651 4602 Patri
2692 4545 2898 4599 honore
2951 4545 3211 4612 zequalis;
3269 4544 3447 4593 omnia

1877 4662 2058 4705 autem
2092 4660 2400 4701 servorum.
2429 4643 2672 4695 Primum
2705 4643 2848 4693 enim
2878 4652 2988 4691 non
3027 4637 3094 4690 ab
3133 4652 3236 4688 una
3262 4649 3451 4703 perso-

1876 4760 1967 4807 na,
1994 4741 2086 4796 sed
2123 4735 2427 4791 communis
2490 4743 2572 4786 est
2612 4732 2824 4801 generis
2889 4729 3189 4800 gratiarum
3248 4728 3390 4781 actio
3427 4742 3441 4787 ;

1874 4844 2018 4891 etut
2078 4833 2172 4900 qui
2232 4832 2551 4898 peccaruut,
2593 4834 2778 4876 etnon
2810 4829 2942 4877 sunt
2969 4820 3211 4889 despecti
3264 4832 3294 4871 a
3357 4817 3447 4869 Dei

1874 4924 2250 4982 misericordia
2284 4931 2337 4975 et
2359 4919 2664 4982 clementia,
2708 4924 2873 4986 agunt
2906 4913 3107 4984 gratias
3133 4929 3148 4978 ;
3170 4922 3223 4965 et
3253 4910 3444 4979 gratia-

1875 5037 1992 5075 rum
2027 5020 2166 5073 actio
2201 5031 2307 5070 non
2361 5015 2425 5069 ad
2459 5011 2672 5066 Patrem
2708 5010 2908 5072 solum,
2941 5008 3035 5062 sed
3063 5006 3223 5060 etiam
3254 5003 3321 5056 ad
3360 4999 3447 5053 Fi-

1875 5115 2005 5168 lium
2042 5112 2158 5182 cjus
2184 5119 2237 5165 et
2267 5117 2517 5163 sanctum
2557 5104 2819 5173 Spiritum
2858 5118 2872 5166 ;
2900 5110 2956 5155 et
2984 5098 3075 5151 Dei
3103 5095 3295 5150 matris
3326 5102 3449 5146 tan-

1873 5218 2035 5272 quam
2066 5202 2300 5255 dominae
2324 5196 2489 5258 servi,
2516 5194 2901 5255 meminerunt,
2929 5196 2981 5242 et
3001 5187 3119 5255 ejus
3147 5192 3203 5237 et
3227 5190 3446 5237 sancto-

1872 5309 1995 5349 rum
2074 5286 2563 5346 intercessionibus
2597 5323 2611 5348 ,
2663 5292 2722 5337 ut
2772 5296 2801 5335 a
2840 5281 2950 5335 Deo
3016 5277 3322 5339 visitentur,
3383 5275 3437 5320 ct

1871 5399 2060 5441 eorum
2094 5396 2226 5437 cura
2258 5380 2546 5443 habeatur,
2585 5385 2791 5446 petunt.
2818 5372 2943 5426 llmc
2974 5376 3155 5423 autem
3186 5362 3445 5432 quidnam

1872 5492 2160 5533 commune
2187 5474 2385 5530 habent
2428 5486 2552 5527 cum
2606 5485 2715 5523 uno
2764 5465 2992 5520 Domino
3023 5455 3319 5524 unigenito,
3354 5450 3450 5506 Dei

1871 5572 2259 5639 Filio,peccato
2297 5582 2403 5620 non
2436 5565 2694 5627 obnoxio,
2729 5558 2968 5612 omnium
3002 5549 3252 5607 Domino?
3285 5546 3450 5602 «Gra-

1872 5664 1975 5718 tias
2002 5662 2235 5731 agimus,
2270 5659 2464 5727 inquit,
2494 5655 2612 5717 tibi,
2671 5654 2717 5706 ci
2751 5650 2886 5703 Filio
2923 5657 3019 5701 tuo
3082 5644 3385 5713 unigenito.
3416 5658 3438 5691 ι

1870 5753 2124 5814 Christus
2152 5765 2282 5820 ergo
2317 5747 2519 5819 gratias
2554 5744 2660 5814 agit
2715 5740 2853 5796 Filio
2896 5740 2985 5795 Dei
3037 5736 3339 5809 unigenito,
3389 5742 3451 5789 ct
