3992 6202
480 312 590 373 ἔιτθ

1707 308 2018 370 NlCOLAI
2054 306 2444 367 CABASILZE

3623 290 3734 354 £33

482 429 772 494 ecce,duo
808 436 962 481 erunt
1020 427 1132 486 lilii,
1189 426 1432 478 utvelni:
1497 425 1708 478 insania
1778 425 2055 479 Nestorii:

2171 442 2300 495 ριον,
2343 425 2431 475 τὸν
2489 422 2616 474 Υἱίιν
2659 420 2751 473 τοῦ
2799 420 2933 472 Θεοῦ
2978 418 3067 471 τὸν
3127 416 3411 486 μονογενῆ,
3445 415 3534 496 τον
3601 416 3736 466 ἀνσ-

483 521 617 574 adeo
644 530 719 573 est
750 520 970 585 impium
1007 527 1058 570 et
1120 519 1341 570 stultum
1397 518 1712 570 existimare
1772 517 2051 570 Christum

483 626 583 679 pro
625 610 828 662 sanctis
863 609 1219 671 intercedere,
1260 607 1636 677 ejusmodique
1683 608 1971 677 legationis
2001 616 2053 660 et

485 700 896 752 intercessionis
958 715 1159 752 mimus
1186 701 1232 752 ei
1305 702 1566 753 tribuere.
1622 700 1916 754 Ostensum
1969 709 2052 752 est

482 799 662 842 autem
721 793 830 845 haec
883 809 948 845 ne
1008 808 1131 845 esse
1163 793 1381 861 quidem
1440 795 1804 846 sacerdotum.
1863 792 2054 846 Restat

481 897 612 948 ergo
646 884 758 936 hazc
793 887 952 938 vei-lia
992 901 1096 937 non
1140 899 1260 938 esse
1292 884 1769 953 supplicationem,
1800 883 1892 936 sed
1925 897 2048 950 gra-

483 971 678 1024 tiarum
707 973 997 1037 actionem.
1036 993 1051 1024 ι
1095 973 1494 1041 Certe,»inqnit
1523 991 1537 1037 ;
1577 973 1668 1026 sed
1703 988 1810 1026 non
1834 973 2058 1040 permit—

479 1061 542 1114 tit
601 1061 766 1115 dictio
804 1103 818 1126 ,
880 1081 1000 1132 quae
1065 1075 1250 1132 aperte
1317 1063 1762 1132 supplicationem
1832 1063 2058 1116 indicat.

481 1149 584 1203 Pro
617 1153 758 1205 enim
795 1155 1104 1223 praepositio
1137 1157 1237 1207 hoc
1261 1155 1371 1206 vult
1407 1154 1725 1220 signiﬁcari.

2166 514 2464 583 μάρτητον,
2516 512 2606 566 τὸν
2658 512 2876 564 πάντων
2919 510 3237 575 Δεσπότην;
3293 526 3310 558 ι
3364 506 3738 576 Εὐχαριστοῦο

2164 607 2263 675 μέν
2293 623 2396 668 σοι,
2418 606 2572 674 φησι,
2599 606 2693 659 καὶ
2713 605 2788 674 τῷ
2807 604 2918 671 Υίῷ
2943 620 3033 654 σου
3055 603 3130 671 τῷ
3155 601 3450 670 μονογενεῖ.
3481 621 3496 650 ι
3522 600 3737 652 Οὐκοῦν

2158 699 2184 750 ὁ
2222 697 2456 766 Χριστὸς
2501 698 2816 764 εὐχαριστεῖ
2851 695 2925 763 τῷ
2965 693 3079 762 Υἱῷ
3130 691 3225 743 τοῦ
3276 684 3410 742 Θεοῦ
3461 689 3535 758 τῷ
3573 706 3738 757 μονο-

2162 791 2352 856 γενεῖ;
2386 793 2482 840 καὶ
2515 790 2623 840 ἰδοὺ
2649 787 2740 839 δύο
2772 787 2985 839 ἔσονται
3023 785 3155 848 θεοὶ,
3204 785 3342 835 κατὰ
3381 784 3476 852 τὴν
3520 784 3733 834 Νεστο-
3784 821 3798 831 .

2165 877 2281 946 ρίου
2327 877 2563 947 μανίανι
2614 877 2788 939 οὕτως
2820 876 3013 930 ἀσεϐὲς
3052 875 3147 927 καὶ
3209 876 3436 942 ἀνόητον
3481 875 3567 925 τὸν
3595 874 3740 942 Χρι-

2167 970 2292 1023 στὸν
2349 972 2590 1039 νομίζειν
2653 970 2793 1039 ὑπὲρ
2845 970 2952 1022 τῶν
3013 970 3186 1033 ἁγίων
3235 967 3578 1033 πρεσϐεύειν,
3639 967 3739 1018 καὶ

2169 1062 2430 1131 τοιαύτην
2455 1063 2752 1131 πρεσῦείαν
2781 1062 2876 1115 καὶ
2906 1063 3186 1130 μεσιτείαν
3209 1062 3357 1131 αὐτῷ
3383 1061 3735 1129 περιάπτειν.

2185 1153 2430 1223 Ἐδείχθη
2459 1154 2515 1206 δὲ
2555 1155 2727 1208 ταῦτα
2759 1155 2895 1224 μηδὲ
2927 1155 3033 1206 τῶν
3065 1155 3228 1222 ἱερῶν
3277 1151 3436 1206 εἶναι.
3473 1151 3738 1204 Λείπεται

482 1242 546 1308 δὴ
582 1244 657 1312 μὴ
686 1245 893 1296 ἱκεσίαν
925 1246 1037 1298 ἀλλ’
1070 1248 1424 1316 εὐχαριστίαν
1454 1244 1593 1298 εἶναι
1643 1247 1814 1300 ταῦτα
1849 1247 1916 1298 τὰ
1948 1248 2193 1317 ῥήματα.
2233 1265 2252 1298 ι
2283 1248 2413 1312 Ναὶ,
2453 1267 2470 1298 ι
2513 1250 2698 1318 φησιν,
2726 1247 2841 1301 ἀλλ’
2972 1248 3116 1314 λέξις
3187 1249 3285 1301 οὐκ
3328 1249 3390 1318 ἑᾷ
3457 1248 3556 1316 τὴν
3617 1249 3739 1298 ἱκε-

483 1340 600 1389 σῖσιν
658 1341 841 1408 σαφῶς
891 1343 1214 1411 δυναμένην.
1253 1343 1317 1396 Ἢ
1372 1347 1477 1414 γὰρ
1509 1344 1660 1413 ὑπὲρ
1720 1344 1975 1414 πρόθεσις
2013 1341 2170 1394 τοῦτο
2203 1341 2448 1412 βούλεται
2480 1345 2788 1413 σημαίνειν.

556 1433 671 1486 Non
710 1437 975 1502 omnino;
1013 1455 1120 1492 non
1146 1455 1361 1508 semper
1401 1442 1544 1504 cnim
1573 1455 1698 1494 cum
1751 1441 1842 1508 qui
1887 1446 2061 1508 rogat,

484 1527 747 1579 ostendit.
773 1526 887 1580 Non
921 1531 1065 1582 enim
1100 1531 1274 1584 solum
1308 1533 1525 1598 quando
1553 1531 1944 1602 supplicamus,
1968 1532 2060 1586 sed

484 1621 647 1672 etiam
685 1622 904 1689 quando
935 1623 1138 1690 gratias
1167 1624 1401 1693 agimus,
1429 1625 1528 1678 hac
1566 1625 1804 1679 dictione
1832 1623 2059 1677 utimur.

488 1708 553 1762 Et
586 1711 686 1766 hoc
715 1729 777 1765 ex
813 1713 1000 1769 multis
1029 1714 1157 1768 sciri
1187 1726 1383 1783 potest,
1412 1728 1463 1771 et
1495 1717 1563 1770 ab
1594 1717 1710 1785 ipsa
1738 1717 1896 1770 etiam
1936 1729 2061 1784 pro-

2237 1439 2310 1492 Οὐ
2348 1445 2606 1504 πάντως·
2636 1441 2696 1492 οὗ
2740 1441 2848 1509 γὰρ
2889 1437 3168 1508 πανταχοῦ
3208 1439 3300 1491 τον
3351 1437 3602 1508 δεόμενον
3625 1436 3741 1490 δείση

2161 1547 2342 1584 κνυσι.
2384 1533 2456 1584 Οὐ
2495 1531 2604 1601 γὰρ
2635 1533 2692 1585 ὲν
2719 1530 2802 1594 οἷς
2840 1532 3163 1600 ἱκετεύομεν
3206 1532 3389 1598 μόνον,
3446 1530 3586 1583 ἀλλὰ
3634 1531 3739 1582 καὶ

2163 1624 2221 1675 ὲν
2250 1618 2330 1685 οἷς
2353 1623 2816 1693 εὐχαριστοῦμεν,
2844 1623 3020 1694 ταύτῃ
3055 1621 3314 1692 χρώμεθα
3342 1624 3407 1691 τῇ
3433 1622 3601 1688 λέξει.
3622 1622 3740 1674 Καὶ

2162 1718 2322 1770 τοῦτο
2361 1715 2519 1786 δῆλον
2555 1715 2910 1786 πολλαχόθεν,
2942 1717 3034 1767 καὶ
3063 1715 3158 1768 ἀπ’
3193 1714 3363 1782 αὐτῆς
3391 1714 3446 1766 δὲ
3474 1715 3568 1783 τῆς
3591 1731 3738 1783 προ-

487 1805 662 1872 posita
714 1806 985 1860 oratione.
1021 1826 1037 1858 ι
1080 1807 1183 1860 Pro
1242 1808 1324 1864 his
1376 1810 1667 1873 omnibus,
1712 1811 1913 1879 inquit,
1964 1808 2058 1862 tibi

2171 1807 2428 1876 κειμένης
2481 1806 2668 1876 εὐχῆς.
2705 1826 2722 1858 ι
2765 1805 2937 1874 ’Υπὲρ
2966 1805 3192 1869 τούτων,
3252 1805 3439 1873 φησιν.
3473 1804 3742 1857 ἁπάντων

488 1897 694 1962 gratias
735 1898 966 1967 agimus,
1000 1909 1053 1953 et
1095 1899 1378 1970 unigenito
1425 1911 1516 1956 tuo
1557 1901 1693 1956 Filio
1733 1911 1788 1955 et
1829 1901 2056 1971 Spiritui

488 1994 701 2048 sancto,
742 2005 760 2038 ι
797 2002 895 2054 pro
924 1989 1180 2043 omnibus
1215 2007 1332 2060 qua:
1363 1991 1568 2045 scimus
1618 2003 1670 2046 ct
1714 2008 1836 2061 qum
1883 1993 2060 2047 uesci-

495 2093 640 2140 mus,
671 2078 765 2132 tibi
799 2081 1000 2148 gratias
1025 2082 1256 2151 agimus.
1289 2083 1512 2152 Agimus
1541 2084 1633 2138 tibi
1658 2086 1860 2151 gratias
1892 2087 2056 2140 etiam

489 2185 589 2237 pro
629 2171 729 2224 hoc
771 2173 1061 2235 sacriﬁcio,
1093 2175 1234 2244 quod
1266 2191 1328 2230 ex
1361 2177 1562 2231 nostris
1597 2179 1848 2232 manibus
1886 2179 2062 2234 susci-

489 2277 618 2330 pere
652 2263 907 2333 dignatus
933 2281 1011 2320 cs.
1042 2266 1298 2320 Videmus
1333 2268 1472 2323 hanc
1500 2269 1790 2323 dictionem
1831 2272 2059 2340 proponi

491 2355 655 2407 etiam
692 2356 743 2408 in
777 2358 1076 2427 gratiarum
1104 2360 1339 2414 actione.
1374 2359 1450 2413 Ad
1491 2362 1635 2414 hunc
1685 2361 1869 2430 itaque
1908 2378 2061 2416 erro-

493 2459 607 2497 rem
643 2446 788 2500 nulla
824 2449 1151 2518 relinquitur
1176 2453 1482 2506 excusatio.
1517 2453 1590 2506 Ita
1623 2468 1753 2522 ergo
1789 2453 1903 2506 ﬁeri
1952 2469 2058 2507 non

491 2545 670 2604 potest
704 2546 763 2591 ut
786 2540 856 2593 sit
887 2542 1274 2610 supplicatoria
1311 2553 1625 2598 sanctorum
1660 2559 2057 2600 commemora-

490 2627 590 2682 tio.
619 2625 750 2682 Eam
780 2639 962 2684 autem
1011 2635 1218 2688 versari
1266 2635 1319 2687 in
1357 2637 1650 2704 gratiarum
1687 2637 1924 2702 actione,
1961 2637 2063 2694 hoc

491 2716 671 2785 ipsum
708 2721 964 2785 ostendit,
995 2725 1136 2790 quod
1171 2739 1276 2777 non
1321 2734 1405 2778 cst
1453 2727 1864 2796 supplieatoria.
1918 2727 2060 2782 Duo-

493 2819 616 2857 rum
657 2807 800 2859 enim
839 2808 1066 2862 alterum
1107 2826 1330 2864 necesse
1365 2823 1467 2878 est,
1519 2831 1580 2868 ea
1617 2816 1700 2868 vel
1742 2817 2060 2886 supplicari,

498 2894 581 2946 vel
623 2896 826 2963 gratias
857 2899 966 2967 agi.
1003 2899 1069 2954 Et
1109 2901 1197 2954 hic
1245 2900 1458 2957 duobus
1489 2906 1662 2961 modis
1711 2908 1854 2976 apud
1894 2907 2062 2965 Deum

495 2990 1069 3046 commemorationem
1114 2991 1349 3050 facimus
1383 2997 1648 3053 bonorum
1688 3015 1810 3068 qua:
1839 3003 1998 3058 nobis
2034 3018 2061 3057 a

495 3075 604 3128 Deo
635 3077 790 3144 ﬁunt,
839 3082 922 3134 vel
966 3092 1024 3136 ut
1056 3098 1116 3137 ea
1157 3087 1518 3155 accipiamus,
1550 3090 1631 3143 vel
1666 3092 1810 3160 quod
1850 3109 1912 3148 ea
1948 3093 2060 3162 jam

2163 1897 2597 1968 εὐχαριστοῦμεν
2618 1915 2722 1962 σοι,
2759 1897 2852 1950 καὶ
2878 1896 2954 1966 τῷ
2983 1899 3263 1964 μονογενεῖ
3311 1911 3406 1948 σον
3435 1894 3574 1963 Υῐῷ,
3635 1894 3744 1947 καὶ

2159 1991 2237 2060 τῷ
2265 1992 2538 2061 Πνεύματὶ
2567 2009 2659 2046 σου
2688 1992 2764 2060 τῷ
2787 1990 2946 2060 ἁγίῳ,
2989 2010 3008 2042 ι
3067 1989 3206 2057 ὑπὲρ
3241 1990 3452 2042 πάντων
3474 1981 3547 2040 ὧν
3570 1986 3744 2056 ἴσμεν

2162 2086 2254 2137 καὶ
2285 2077 2358 2137 ὧν
2407 2085 2507 2136 οὐκ
2572 2085 2754 2153 ἴσμεν,
2811 2083 3247 2152 εὐχαριστοῦμέν
3300 2097 3416 2132 σοι·
3459 2080 3552 2132 καὶ.
3591 2079 3740 2148 ὑπὲρ

2161 2176 2261 2244 τῆς
2293 2175 2640 2246 λειτουργίας
2667 2176 2893 2246 ταύτης,
2949 2175 3010 2244 ἣν
3041 2176 3104 2226 ὲκ
3165 2173 3276 2226 τῶν
3327 2174 3524 2243 χειρῶν
3574 2174 3741 2241 ἡμῶν

2161 2267 2417 2330 δέξασθαι
2449 2266 2818 2336 κατηξίωσας.
2863 2267 3027 2336 Ὁρᾷς
3051 2267 3146 2336 τὴν
3179 2265 3372 2332 (ὑπὲρ)
3407 2266 3500 2318 καὶ
3520 2265 3610 2317 ἐπὶ
3631 2265 3741 2332 τῆς

2163 2356 2511 2424 εὐχαριστίας
2546 2356 2836 2426 κειμένην;
2869 2355 3075 2408 Οὐκοῦν
3104 2356 3237 2422 πρὸς
3255 2353 3349 2423 τὴν
3377 2354 3584 2423 πλάνην
3601 2354 3743 2405 ταύ-

2162 2463 2260 2514 την
2283 2445 2510 2516 οὐῖεμία
2555 2445 2944 2500 καταλείπεται
2979 2445 3270 2514 πρότασις.
3321 2443 3474 2496 Οῦτω
3516 2445 3614 2513 μὲν
3635 2443 3740 2496 οὐν

2164 2538 2427 2592 ἀδύνατον
2461 2538 2665 2590 ἱκέσιον
2693 2533 2954 2607 εἶναιτὴν
2989 2539 3119 2607 περὶ
3148 2539 3254 2589 τῶν
3291 2536 3461 2602 ἁγίων
3481 2536 3734 2605 μνήμην.

2167 2629 2290 2681 ’Ότι
2322 2629 2375 2680 δὲ
2417 2627 2774 2698 χαριστήριός
2805 2629 2946 2690 ἐστι,
2987 2628 3264 2697 δείκνυσι-ν
3299 2627 3427 2679 αὐτὸ
3483 2626 3641 2679 τοῦτο
3673 2626 3740 2678 τὸ

2169 2719 2244 2790 μὴ
2274 2717 2417 2773 εἶναι
2454 2723 2676 2774 ἱκέσιον.
2739 2720 2982 2789 ’Δνόιγκη
3031 2721 3140 2791 γὰρ
3190 2721 3334 2772 δυοῖν
3391 2720 3637 2787 θάτερον,
3698 2718 3734 2786 ἢ

2169 2809 2372 2860 ἱκέσιον
2407 2806 2566 2875 εἶναι,
2604 2811 2635 2881 ἦ
2687 2813 3098 2881 χαριστήριονι
3137 2812 3222 2863 ὅτι
3279 2813 3419 2863 κατὰ
3463 2811 3591 2871 τούς
3635 2809 3737 2862 δύο

2169 2900 2330 2969 μόνον
2354 2901 2582 2965 τούτους
2613 2903 2850 2971 τρόπους
2891 2900 3220 2972 μεμνήμεθα
3278 2901 3413 2971 πρὸς
3458 2902 3547 2954 τὸν
3595 2901 3738 2953 Θεὸν

2164 2994 2275 3046 τῶν
2309 2996 2440 3063 παρ’
2477 2996 2689 3048 ἐκείνου
2716 2997 3027 3064 γενομένων
3084 2997 3215 3065 ἡμῖν
3263 2993 3505 3062 ἀγαθῶν,
3560 2994 3592 3062 ἢ
3639 2993 3737 3047 ῖνα

2171 3087 2428 3156 λάϐωμεν
2478 3087 2699 3157 αὐτὰ,ἢ
2751 3088 2829 3141 ὅτι
2885 3087 2984 3156 ἤδη
3043 3087 3328 3154 ἐλὰῦομεν.
3379 3086 3486 3139 Καὶ
3527 3084 3588 3138 τὸ
3630 3085 3736 3151 μὲν

495 3171 894 3239 acceperimus.
928 3173 994 3229 Et
1034 3185 1118 3230 est
1163 3177 1290 3232 illud
1323 3181 1542 3249 quidem
1577 3185 1923 3253 supplicatio,
1958 3187 2063 3243 hoc

2171 3178 2316 3234 ἔστιν
2353 3179 2627 3243 ἱκεσία,τὸ
2652 3178 2707 3232 δὲ
2755 3179 3097 3249 εὐχαριστία.
3151 3179 3402 3231 Δεῐκνυσι
3453 3177 3508 3230 δὲ
3549 3178 3638 3229 καὶ
3667 3176 3737 3229 τὸ

497 3273 626 3312 Vero
663 3261 962 3327 gratiarum
1004 3267 1169 3322 actio.
1201 3267 1470 3332 ,Ostendit
1508 3285 1693 3329 autem
1737 3277 1840 3333 hoc
1877 3278 2062 3344 etiam,
2096 3329 2099 3333 .

495 3351 640 3418 quod
674 3353 770 3406 Dei
796 3354 848 3408 in
877 3357 1128 3413 homines
1155 3360 1421 3417 donorum
1453 3365 1523 3419 sit
1558 3366 1716 3436 longe
1767 3371 2062 3424 maximum

493 3455 814 3500 sanctorum
860 3455 1278 3517 consummatio,
1318 3465 1369 3510 et
1415 3457 1537 3512 ideo
1571 3474 1679 3514 non
1726 3461 1826 3531 ipsi
1883 3462 2064 3520 Eccle-

497 3536 631 3588 siam
685 3536 791 3592 hoc
841 3540 1064 3596 nomine
1102 3548 1308 3614 gratias
1357 3562 1539 3618 agere,
1574 3562 1724 3607 esset
1768 3553 2060 3610 nefarium.

499 3629 564 3682 Et
591 3631 720 3699 quid
760 3633 881 3688 dico
923 3651 1043 3691 esse
1069 3638 1338 3696 donorum
1393 3646 1715 3709 maximum,
1749 3659 2063 3703 sanctorum

497 3725 1059 3782 consummationem?
1080 3728 1204 3787 llazc
1225 3743 1370 3788 certe
1396 3745 1480 3789 est
1511 3736 1818 3792 universum
1853 3739 1943 3794 Dei
1965 3743 2064 3795 do.

497 3829 652 3868 num.
707 3815 964 3874 Omnium
1021 3823 1165 3876 enim
1220 3824 1488 3880 bonorum
1542 3845 1662 3896 qua;
1715 3831 1766 3883 in
1818 3841 2062 3886 nostrum

499 3907 623 3965 fecit
662 3927 854 3981 genus,
891 3915 978 3969 hic
1017 3926 1099 3970 est
1130 3916 1274 3982 ﬁnis,
1333 3919 1420 3972 hic
1468 3919 1700 3982 fructus,
1741 3923 1896 3977 chori
1940 3939 2066 3978 san-

500 4009 733 4063 ctorum,
767 4014 819 4058 et
850 4006 949 4060 hac
975 4006 1042 4061 de
1073 4022 1238 4062 causa
1267 4010 1462 4063 caelum
1507 4014 1664 4065 nobis
1705 4023 1786 4066 est
1834 4013 2063 4069 fabrica-

496 4104 638 4159 tum,
677 4103 847 4158 terra,
889 4107 943 4152 et
990 4100 1262 4170 quidquid
1287 4104 1500 4157 videtur
1539 4123 1554 4171 ;
1587 4115 1876 4175 .pmpterca
1909 4123 2066 4176 para-

501 4186 673 4252 disus,
711 4199 996 4256 propter-ca
1025 4191 1137 4258 ipse
1169 4192 1316 4245 Deus
1349 4195 1400 4246 in
1434 4211 1618 4260 carne,
1647 4207 1700 4250 et
1730 4196 1824 4251 Dei
1854 4214 2065 4254 sermo-

504 4294 602 4332 nes
635 4289 687 4332 et
719 4295 905 4349 opera,
934 4293 988 4335 et
1026 4284 1334 4350 passiones,
1363 4295 1415 4338 et
1451 4302 1620 4350 mors,
1655 4299 1714 4341 ut
1745 4305 1772 4342 a
1808 4299 1950 4344 terra
2011 4293 2065 4347 in

503 4371 701 4426 coelum
768 4373 997 4441 migrent
1053 4375 1324 4440 homines,
1368 4387 1420 4430 et
1455 4381 1603 4448 regni
1641 4382 1786 4449 quod
1819 4383 1930 4438 illic
1981 4395 2066 4439 est

503 4465 635 4516 ﬁant
667 4462 924 4518 lizercdes.
967 4466 1021 4519 Si
1055 4475 1137 4522 est
1165 4483 1294 4532 ergo
1327 4472 1552 4524 omnino
1594 4473 1892 4541 gratiarqu
1925 4477 2067 4531 actio

505 4555 558 4607 in
593 4570 752 4610 sacro
785 4559 1070 4626 mysterio,
1117 4569 1171 4614 et
1202 4560 1316 4613 inre
1347 4563 1488 4616 dona
1523 4572 1630 4615 tam
1665 4565 1717 4618 in
1769 4567 2066 4633 gratiarum

503 4649 718 4704 actione
743 4666 905 4720 quam
935 4651 988 4704 in
1047 4654 1442 4722 supplicatione
1493 4667 1796 4732 versantur,
1849 4661 2071 4716 omnino

507 4756 731 4797 necesse
761 4753 842 4798 est
882 4745 1178 4813 gratiarum
1228 4747 1562 4815 agendarum
1609 4759 1662 4801 et
1711 4765 1978 4805 summam
2018 4760 2072 4807 et

504 4847 726 4888 causam
749 4836 1040 4906 esseipsos
1076 4848 1296 4892 sanctos
1321 4849 1732 4894 consummatos

577 5015 813 5073 Omnino
842 5027 1022 5073 autem
1052 5019 1179 5089 quid
1203 5021 1253 5073 in
1282 5020 1436 5075 nobis
1463 5035 1625 5076 causa
1655 5031 1734 5076 est
1766 5025 2062 5091 gratiarum

507 5110 736 5163 actionis
761 5152 774 5170 .
808 5126 874 5164 an
907 5126 1014 5164 non
1049 5113 1192 5179 quod
1223 5113 1598 5181 acceperimus
1625 5115 1767 5180 quod
1802 5115 2074 5182 petimus?

509 5200 695 5255 Cuivis
726 5201 828 5256 hoc
857 5201 1062 5255 clarum
1097 5213 1198 5258 est.
1233 5203 1375 5273 Ergo
1395 5203 1534 5256 idem
1556 5214 1636 5258 est
1667 5214 1890 5272 propter
1923 5204 2071 5275 quod

510 5293 713 5360 gratias
758 5293 995 5362 agimus,
1028 5305 1078 5348 et
1114 5297 1257 5363 quod
1307 5295 1565 5362 petimus.
1599 5293 1741 5359 Quid
1777 5310 1909 5364 ergo
1939 5298 2074 5364 petit

506 5399 535 5437 ν
591 5383 698 5438 Deo
749 5384 1026 5439 Ecclesia?
1070 5385 1224 5451 Quod
1275 5387 1340 5440 ab
1394 5386 1513 5455 ipso
1558 5397 1741 5454 petere
1782 5387 1935 5454 jussa
1967 5396 2071 5440 est.

511 5476 634 5543 cius
679 5494 924 5546 regnum,
961 5479 1208 5532 videlicet
1235 5492 1288 5532 ut
1320 5479 1501 5532 lideles
1525 5478 1642 5546 ejus
1665 5477 1772 5531 sint
1792 5478 2030 5533 limredes
2059 5496 2072 5531 :

505 5577 568 5618 ιιι
607 5568 736 5622 ﬁant
766 5571 960 5634 sancti,
996 5570 1138 5624 sicut
1175 5571 1218 5623 is
1239 5569 1330 5638 qui
1359 5584 1450 5624 eos
1469 5569 1701 5630 vocarit,
1730 5577 1952 5622 sanctus
1973 5578 2075 5634 est,

507 5658 577 5711 Si
616 5661 727 5714 luce
757 5674 939 5716 autem
971 5680 999 5716 a
1039 5663 1145 5717 Deo
1174 5671 1328 5731 regat
1370 5671 1421 5718 et
1464 5661 1722 5731 postulat,
1757 5661 1965 5714 clarum
1995 5671 2078 5716 est

509 5752 666 5817 quod
717 5769 813 5822 pro
866 5759 929 5809 iis
977 5757 1108 5826 ipsis
1144 5771 1358 5826 quoque
1395 5754 1499 5826 agit
1547 5752 1776 5825 gratias.
1832 5752 1963 5809 Orat
2020 5761 2076 5807 ul.

2098 4515 2145 4573 υ

2170 3270 2360 3323 πασῶν
2391 3270 2658 3339 μεγίστην
2706 3266 2846 3322 εἶναι
2906 3270 3014 3322 τῶν
3055 3268 3150 3322 τοῦ
3201 3269 3336 3322 Θεοῦ
3387 3268 3609 3338 δωρεῶν
3645 3269 3735 3327 εἱς

2168 3363 2296 3426 τοὺς
2331 3362 2652 3432 ἀνθρώπους
2692 3362 2793 3433 τὴν
2824 3363 2933 3415 τῶν
2957 3361 3130 3429 ἁγίων
3167 3359 3467 3414 τελείωσιν.
3501 3360 3607 3412 Καὶ
3639 3359 3736 3412 διὰ

2169 3452 2327 3505 τοῦτο
2351 3455 2425 3522 μὴ
2459 3454 2692 3523 χάριτας
2722 3453 3011 3520 ὁμολογεῖν
3056 3450 3206 3521 αὐτῷ
3253 3453 3353 3522 τὴν
3399 3452 3736 3518 Ἐκκλησίαν

2170 3544 2300 3614 περὶ
2329 3543 2530 3609 αὐτῶν,
2577 3545 2652 3615 μὴ
2697 3545 2920 3614 θεμιτὸν
2951 3542 3111 3598 εῖναι.
3145 3544 3253 3598 Καὶ
3283 3545 3335 3597 τί
3359 3544 3500 3612 λέγω
3539 3544 3737 3610 μεγίσ-

2169 3655 2268 3708 την
2300 3637 2408 3689 τῶν
2442 3637 2535 3689 τοῦ
2564 3637 2698 3690 Θεοῦ
2750 3637 2970 3706 δωρεῶν
2995 3639 3096 3706 τὴν
3142 3635 3250 3690 τῶν
3293 3637 3462 3704 ἁγίων
3517 3634 3740 3688 τελείω-

2174 3746 2296 3796 σιν;
2330 3728 2476 3799 Αὐτη
2525 3728 2622 3797 μὲν
2656 3727 2749 3782 οῦν
2778 3730 2924 3782 ἐστιν
2953 3730 3138 3782 ἅπασα
3171 3730 3201 3798 ή
3231 3728 3321 3781 τοῦ
3353 3729 3485 3781 Θεοῦ
3522 3729 3726 3796 δωρεά.

2174 3822 2397 3874 Πάντων
2433 3822 2537 3888 γὰρ
2551 3816 2628 3874 ὧν
2650 3823 2726 3883 είς
2757 3820 2818 3872 τὸ
2843 3823 2998 3886 γένος
3030 3820 3186 3889 ἡμῶν
3209 3820 3465 3887 ἐποίησεν
3487 3819 3732 3886 ἀγαθῶν,

2172 3912 2328 3966 τοῦτό
2352 3915 2468 3964 ἐστι
2501 3913 2562 3965 τὸ
2589 3912 2761 3975 τέλος,
2815 3911 2976 3966 τοῦτο
3031 3911 3261 3982 καρπδς,
3318 3913 3366 3963 οἱ
3423 3913 3572 3980 χοροὶ
3622 3911 3739 3964 τῶν

2173 4002 2344 4068 ἁγίων
2366 4019 2378 4032 ·
2409 4003 2504 4055 καὶ
2540 4001 2733 4054 τούτου
2759 4001 2924 4053 ἕνεκα
2979 4000 3206 4066 οὐρανὸς
3261 4001 3391 4067 ἡμῖν
3444 3998 3742 4066 ἐδημιουρ-

2172 4095 2314 4163 γήθη
2343 4093 2460 4165 lyp.
2509 4090 2868 4163 ὲστερεώθη],
2901 4091 2998 4144 καὶ
3027 4093 3060 4161 ἡ
3095 4091 3186 4158 γῆ,
3229 4091 3322 4142 καὶ
3361 4089 3420 4142 τὸ
3456 4090 3740 4159 ὁρώμενον

2174 4186 2340 4241 ἅπαν.
2392 4186 2492 4239 Διὰ
2521 4187 2680 4239 τοῦτο
2706 4187 3036 4256 παράδεισος
3061 4201 3074 4214 ⁸
3104 4185 3192 4239 διὰ
3225 4185 3383 4240 τοῦτο
3416 4182 3740 4256 προφῆται·

2173 4279 2261 4332 διὰ
2302 4281 2459 4332 τοῦτο
2485 4279 2647 4342 αὐτὸς
2680 4281 2707 4331 ὁ
2742 4278 2876 4341 Θεὸς
2904 4279 2962 4331 ὲν
2995 4281 3184 4348 σαρκὶ,
3223 4279 3318 4331 καὶ
3379 4279 3512 4330 Θεοῦ
3554 4278 3734 4345 λόγος,

2175 4373 2270 4424 καὶ
2301 4370 2459 4440 ἔργα,
2490 4371 2587 4422 καὶ
2609 4370 2782 4440 πάθη,
2819 4372 2913 4423 καὶ
2967 4370 3214 4433 θάνατος·
3247 4371 3332 4422 ἵνα
3368 4369 3474 4422 ἀπὸ
3513 4369 3610 4439 τῆς
3636 4371 3740 4436 γῆς

2176 4464 2254 4526 εἱς
2280 4463 2369 4515 τὸν
2400 4464 2629 4534 οὐρανὸν
2685 4464 3086 4533 μετοικήσωσιν
3149 4463 3446 4531 ἄνθρωποι,
3497 4463 3593 4515 καὶ
3640 4464 3740 4529 τῆς

2176 4555 2293 4606 ἐκεῖ
2345 4554 2624 4624 βασιλείας
2687 4554 2952 4622 γένωνται
3016 4553 3367 4623 κληρονόμοι.
3438 4555 3499 4605 Ei
3560 4553 3743 4607 τοίνυν

2177 4646 2313 4703 ὅλως
2343 4647 2662 4716 εὐχαριστία
2688 4647 2838 4700 ἐστὶν
2861 4648 2918 4700 ἐν
2942 4649 3007 4717 τῇ
3059 4646 3271 4716 τελετῇ,
3331 4643 3426 4698 καὶ
3473 4646 3540 4698 τὰ
3589 4647 3742 4717 δῶρα

2180 4739 2350 4792 ταῦτα
2395 4741 2748 4809 χαριστῆρια,
2802 4741 3054 4808 καθάπερ
3122 4741 3500 4804 ἱκέσια,πᾶσα
3525 4739 3743 4808 ἀνάγκη

2177 4831 2237 4883 τὸ
2262 4833 2554 4898 κεφάλαιον
2573 4834 2670 4900 τῆς
2703 4834 3075 4903 εὐχαριστίας,
3107 4835 3196 4885 καὶ
3217 4835 3313 4904 τὴν
3337 4835 3612 4904 ἀφορμὴν,
3644 4835 3746 4886 αὐο

2178 4923 2305 4985 τοὺς
2327 4920 2465 4976 εἶναι
2492 4926 2619 4985 τοὺς
2657 4923 3046 4986 τελειωθέντας
3079 4925 3279 4991 ἁγίοις.

2251 5014 2428 5078 ’Όλως
2445 5015 2500 5067 δὲ
2527 5016 2580 5066 τί
2599 5017 2711 5067 ἐστι
2738 5015 2795 5066 τὸ
2819 5014 3003 5067 ποιοῦν
3029 5015 3084 5065 ἐν
3105 5016 3231 5083 ἡμῖν
3254 5017 3352 5084 τὴν
3371 5016 3742 5085 εὐχαριστίαν·

2178 5107 2239 5160 οὐ
2272 5106 2331 5159 τὸ
2354 5109 2545 5168 αἰτεῖν,
2567 5109 2658 5158 καὶ
2683 5106 2868 5158 λαόεἰν
2901 5108 3032 5176 Ξπερ
3051 5107 3308 5174 αἰτοῦμεν
3334 5122 3346 5169 ;
3378 5109 3442 5159 Τί
3475 5104 3570 5161 οὖν
3595 5108 3745 5176 παρὰ

2180 5202 2269 5253 τοῦ
2303 5199 2489 5268 Θεοῦὴ
2531 5199 2830 5268 Ἐκκλησία
2861 5201 3093 5250 αἰτεῖται
3121 5216 3136 5263 ;
3173 5199 3352 5269 Ὅπερ
3379 5200 3555 5251 αἰτεῖν
3590 5201 3743 5267 παρίι

2181 5291 2346 5344 αὐτοῦ
2372 5289 2690 5357 ἐκελεύσθη,
2731 5291 2829 5360 τὴν
2862 5290 3143 5359 βασιλείαν
3169 5289 3334 5344 αὐτοῦ
3369 5291 3632 5359 δηλονότι,
3659 5291 3744 5343 ἴνα

2181 5383 2230 5434 οἱ
2256 5382 2436 5434 πιστοὶ
2469 5381 2675 5450 ταύτης
2711 5381 3214 5452 κληρονομήσωσιν·
3253 5381 3340 5433 ἵνα
3373 5382 3520 5448 ἅγιοι
3543 5382 3748 5449 γένων-

2181 5491 2293 5536 ται,
2329 5473 2466 5526 κατὰ
2495 5473 2586 5526 τὸν
2638 5474 2942 5527 κχλέσαντα
2999 5474 3172 5541 ἆγιον.
3221 5474 3282 5526 Ei
3336 5474 3389 5525 δὲ
3444 5473 3616 5527 ταῦτα
3655 5473 3746 5526 τοῦ

2181 5568 2316 5620 Θεοῦ
2351 5567 2522 5620 δεῖται
2549 5567 2639 5619 καὶ
2680 5567 2934 5628 ἱκετεύει,
2992 5563 3267 5634 πρόδηλον¹
3308 5565 3391 5617 ὅτι
3457 5554 3566 5617 καῖ’
3606 5565 3750 5633 ὑπὲρ

2185 5659 2363 5713 αὐτῶν
2391 5657 2596 5711 τούτων
2627 5659 2961 5727 εὐχαριστῶ
2992 5656 3211 5727 εὔχεται
3258 5660 3379 5719 τοῦς
3417 5656 3645 5718 πιστοὺς
3691 5658 3749 5707 ἑν

2187 5752 2462 5824 ἁγιωσύνῃ
2522 5751 2884 5820 τελειωθῆναι,
2921 5755 3006 5807 καἱ
3030 5752 3125 5805 διὰ·
3152 5752 3300 5805 τοῦτο
3330 5752 3452 5818 πῖρὶ
3494 5747 3602 5802 τῶν
3650 5748 3750 5818 ἤδη
