3992 6202
229 253 332 319 εἴ]

1434 269 1830 329 LITURGLE
1871 272 2299 337 EXPOSlTiO.

3379 299 3489 360 482

219 372 625 425 τελειωθέντων
651 374 822 441 ἁγίων
858 375 934 446 τῷ
962 377 1316 432 τελειώσαντι
1351 381 1580 450 χάριτας
1610 383 1790 450 ὁμολο-

1911 384 2090 437 lidelcs
2138 389 2189 439 in
2223 392 2510 445 sanctitate
2569 396 2944 463 perﬁciantur,
2985 409 3033 454 et
3069 415 3354 474 propterea
3389 427 3489 480 pro

221 464 349 525 γεῖν
396 463 699 519 ἀκόλουθόν
727 469 878 519 ἐστιν
911 468 972 533 ἐξ
999 472 1263 540 ἀνάγκης.
1319 475 1417 524 Διὰ
1473 473 1676 539 ταύτην
1709 473 1806 542 τὴν

217 552 366 621 ίπὲρ
399 553 506 605 τῶν
547 555 721 622 ἁγίων
751 560 1130 630 εὐχαριστίαν,
1170 564 1201 631 ὴ
1239 563 1386 630 αὐτῆ
1424 562 1614 633 τελετὴ
1648 565 1807 632 εὐχα-

217 644 410 712 ριστία
455 646 718 700 καλεῖται·
753 651 802 701 εἰ
831 651 942 720 γὰρ
965 652 1057 702 καὶ
1094 652 1270 705 ἄλλων
1295 652 1537 707 ἐνταῦθα
1595 657 1805 708 πολλῶν

218 739 525 808 μέμνηται,
563 740 678 794 ἀλλ’
712 741 762 793 οἱ
791 741 938 809 ἅγιοι
961 743 1022 796 τὸ
1054 745 1204 807 τέλος
1229 746 1505 811 ἁπάντων,
1527 751 1624 798 καὶ
1664 749 1803 818 ὑπὲρ

216 824 298 883 ῶν
334 833 519 884 ἐκεῖνα
539 832 807 902 ζητεῖται·
841 835 963 886 ὅθεν
991 836 1122 888 ὅταν
1153 837 1294 906 ὑπὲρ
1319 837 1544 890 ἐκείνων
1572 839 1802 908 εὐχαρι-

218 925 346 991 στῇ,
389 923 530 993 ὑπὲρ
559 926 659 993 τῆς
688 925 1022 990 τελειώσεως
1070 928 1179 979 τῶν
1238 929 1412 995 ἁγίων
1469 932 1800 1000 εὐχαριστεῖ.

220 1010 487 1082 Καθάπερ
519 1018 629 1085 γὰρ
657 1017 684 1068 6
720 1015 925 1085 Κύριος
957 1018 1054 1069 ὅσα
1103 1019 1379 1088 ἐποίησεν,
1435 1021 1522 1073 ἴνα
1556 1026 1799 1093 συστήσῃ

191 1105 315 1190 ,τὶν
338 1104 446 1156 τῶν
481 1105 654 1172 ἁγίων
689 1108 870 1176 χορὸν,
897 1109 1174 1178 ἐποίησενο
1203 1109 1349 1164 οὕτω
1373 1113 1518 1184 καὶὴ
1568 1113 1800 1185 Ἐκκλη-

218 1196 316 1247 σία
343 1197 405 1248 ὲν
432 1192 511 1260 οἷς
543 1199 710 1251 αὐτὸν
741 1201 883 1271 ὑπὲρ
908 1201 1132 1254 ἐκείνων
1159 1203 1414 1257 ἁπάντων
1453 1207 1630 1275 ὑμνεῖ,
1671 1209 1799 1276 πρὸς

213 1292 313 1344 τὸν
349 1295 510 1361 χορὸν
545 1295 826 1363 βλέπουσα
863 1298 972 1349 τῶν
1012 1299 1185 1366 ἁγίων
1213 1301 1369 1354 τοῦτο
1392 1305 1552 1354 ποιεῖ.
1597 1303 1798 1356 Τούτου

213 1385 382 1453 χάριν
406 1387 494 1438 ὅτε
526 1389 815 1456 παρεδίδου
865 1390 1022 1443 τοῦτο
1071 1393 1131 1443 τὸ
1170 1396 1471 1462 μυστήριον
1521 1397 1547 1448 6
1576 1397 1796 1464 Σωτὴρ,

211 1473 564 1542 εὐχαριστῶν
597 1478 673 1546 τῷ
707 1479 878 1547 Πατρὶ
909 1481 1212 1548 παρεδίδου.
1245 1484 1325 1535 ὅτι
1360 1485 1427 1536 δι’
1449 1485 1613 1536 αὐτοῦ
1639 1486 1797 1554 ἐμελ-

210 1565 308 1614 λεν
347 1568 476 1633 ἡμῖν
508 1568 744 1633 ἀνοίγειν
776 1572 864 1620 τὸν
889 1571 1141 1638 οὐρανὸν,
1180 1574 1274 1624 καὶ
1311 1574 1516 1641 ταύτην
1559 1575 1655 1644 τὴν
1683 1593 1792 1628 πα-

208 1655 450 1724 νήγυριν
478 1656 554 1726 τῷ
585 1659 916 1727 πρωτοτόκῳ
954 1662 1205 1726 συνάγειν
1239 1665 1377 1716 ἐκεῖ.
1403 1664 1599 1716 Τοῦτον
1621 1667 1654 1735 ή
1673 1667 1792 1718 Ἑκ‹

211 1745 421 1812 κλησίσ.
457 1749 792 1818 μιμουμένη,
818 1751 916 1818 οὐχ
952 1751 1152 1804 ἱκέσιον
1185 1753 1365 1820 μόνον,
1402 1755 1538 1808 ἀλλὰ
1568 1758 1661 1809 καὶ
1690 1775 1792 1826 χα-

212 1835 504 1904 ριστήριον
539 1836 634 1907 τὴν
698 1841 1100 1910 προσταγωγῆν
1144 1846 1379 1896 ποιεῖται
1426 1845 1534 1897 τῶν
1583 1847 1790 1916 δώρων.

212 1925 329 1976 Καὶ
352 1925 510 1978 τοῦτο
541 1927 750 1982 δείκυσι
781 1930 880 1997 μὲν
906 1931 1204 2002 ἑτέρωθεν,
1240 1934 1472 2002 μάλιστα
1495 1937 1550 1990 δὲ
1570 1939 1674 1990 ἀπὸ
1697 1939 1794 2006 τῆς

214 2017 409 2085 εὐχῆς,
445 2013 568 2092 ὲνῇ
607 2036 725 2083 πως
778 2023 1030 2084 ὁσκοπὸς
1077 2025 1388 2093 περιέχεται
1435 2028 1530 2096 τῆς
1573 2029 1811 2098 ἱερουρ-’

215 2110 369 2174 γὶας.
397 2111 789 2181 Διηγησαμένη
836 2114 945 2182 γὰρ
969 2113 1181 2166 ἅπαντα
1209 2116 1275 2166 τὰ
1322 2118 1473 2185 παρὰ
1528 2119 1622 2171 τοῦ
1658 2120 1792 2172 Θεοῦ

208 2197 437 2250 δοθέντα
473 2201 620 2268 ὑμῖν,
657 2204 749 2256 καὶ
776 2205 916 2276 ὑπὲρ
947 2211 1178 2264 πάντων
1213 2214 1675 2284 εὐχαριστήσασα,
1699 2218 1794 2268 καὶ

209 2290 525 2344 τελευταῖον
585 2291 890 2363 προσθεῖσα
931 2301 1028 2368 τὴν
1057 2302 1150 2355 τοῦ
1199 2304 1408 2375 Κυρίου
1464 2305 1553 2357 διὰ
1588 2308 1791 2375 σαρκὸς

209 2380 537 2448 παρουσίαν,
568 2385 665 2435 καὶ
701 2385 804 2454 τὴν
855 2389 948 2440 τοῦ
978 2393 1278 2462 μυστηρίου
1337 2397 1652 2464 παράδοσιν,
1701 2400 1795 2452 καὶ

207 2472 286 2533 ὡς
322 2473 625 2527 ἐνετείλατο
652 2477 747 2528 καὶ
774 2479 920 2546 ἡμᾶς
949 2482 1103 2534 τοῦτο
1133 2488 1326 2550 ποιεῖν,
1360 2487 1632 2555 ἐπήγαγε,
1693 2505 1791 2556 με·

210 2564 482 2630 μνημένοι
511 2566 692 2619 τοίνυν
735 2567 833 2638 τῆς
869 2573 1134 2642 σωτηρίου
1186 2576 1390 2644 ταύτης
1427 2576 1666 2647 ἐντολῆς,
1703 2581 1796 2632 καὶ

206 2655 438 2708 πάντων
467 2657 573 2709 τῶν
598 2659 740 2727 ὑπὲρ
767 2661 797 2730 ἡ
808 2661 926 2729 μῶν
954 2665 1285 2731 γενομένων,
1311 2666 1405 2719 τοῦ
1438 2668 1674 2738 σταυροῦ
1700 2671 1794 2722 καὶ

207 2746 364 2815 ἑξῆςο
401 2750 578 2800 πάντα
632 2752 982 2817 καταλέξασα
1037 2757 1179 2823 μετὰ
1238 2759 1329 2810 τὸν
1365 2759 1616 2828 σταυρὸν,
1674 2757 1796 2814 sua

207 2855 369 2906 φησι.
457 2857 475 2889 ι
518 2841 600 2892 Ti
671 2841 738 2895 σὰ
793 2844 855 2895 ἐκ
915 2843 1024 2896 τῶν
1094 2846 1200 2898 σῶν
1255 2849 1336 2899 σοὶ
1412 2850 1794 2919 προσφέρομεν

208 2929 332 2997 ξπ).
369 2931 794 3004 προσφέροντες]
842 2936 983 2988 κατὰ
1016 2937 1211 3001 πάντα,
1245 2939 1336 2990 καὶ
1369 2937 1455 2991 διὰ
1503 2942 1681 2993 πάντα
1735 2959 1794 2994 σε

1912 479 2116 530 sanctis
2141 479 2254 545 jam
2292 481 2552 549 perfectis
2583 497 2636 539 et
2684 492 3105 559 consummatis,
3140 497 3188 548 ei
3236 501 3328 566 qui
3365 479 3486 569 pcr-

1912 566 2059 628 fecit,
2095 569 2299 636 gratias
2337 587 2496 639 agere
2536 585 2618 628 est
2663 580 2974 630 noeessario
3026 566 3486 643 consentaneum.

1913 660 2133 726 l’rnptcr
2169 663 2309 714 hanc
2343 679 2439 730 pro
2471 673 2670 719 sanctis
2698 671 2994 734 gratiarum
3058 679 3326 731 actionem
3387 684 3486 735 hoc

1907 762 2124 800 sacrum
2166 753 2481 819 mysterium
2535 754 2878 810 linclraristia
2912 760 3135 816 dicitur.
3181 766 3294 819 Etsi
3339 786 3404 822 en
3435 789 3483 822 tu

1907 833 2138 886 aliorum
2185 853 2404 907 quoque
2434 842 2730 896 multorum
2785 845 2873 898 liic
2915 851 3245 906 mentionem
3297 857 3480 918 faciat,

1906 926 2077 977 sancti
2112 934 2289 980 tamen
2325 939 2446 983 sunt
2486 933 2609 985 linis
2661 934 2920 998 omnium,
2964 947 3016 990 et
3047 955 3143 1006 pro
3167 945 3366 1008 quibus
3395 948 3482 998 illa

1907 1020 2190 1078 petuntur.
2233 1012 2383 1068 Unde
2416 1020 2637 1085 quando
2677 1035 2774 1088 pro
2812 1022 2919 1075 illis
2967 1028 3080 1093 agit
3111 1035 3336 1094 gratias,
3366 1047 3479 1101 agit

1905 1104 2110 1168 gratias
2148 1121 2242 1173 pro
2261 1117 2576 1162 sanctorum
2615 1111 2977 1178 perfectione.
3005 1121 3474 1180 Quemadmodum

1904 1193 2050 1245 enim
2081 1212 2420 1267 qumcnnque
2461 1201 2592 1254 fecit
2621 1201 2910 1269 Dominus,
2931 1223 2992 1258 ea
3028 1208 3148 1262 fecit
3170 1222 3226 1264 ut
3251 1214 3475 1269 chorum

1905 1294 2222 1339 sanctornm
2257 1298 2547 1353 statueret,
2586 1292 2656 1344 ita
2689 1295 2854 1344 etiam
2909 1293 3172 1363 Ecclesia,
3203 1301 3292 1352 ubi
3327 1302 3474 1355 illum

1904 1374 2089 1428 laudat
2120 1394 2218 1446 pro
2265 1381 2540 1442 omnibus,
2572 1384 2642 1434 ad
2678 1392 2991 1436 sanctorum
3033 1388 3256 1441 chorum
3309 1394 3482 1457 σοι-ειιὶ-

1904 1466 2054 1520 ciens
2104 1467 2207 1522 hoc
2238 1471 2366 1539 agit.
2427 1470 2498 1524 Ea
2535 1473 2600 1523 de
2635 1489 2798 1526 causa
2832 1477 3052 1541 quando
3087 1481 3312 1532 tradidit
3355 1482 3478 1535 Ser-

1904 1569 2060 1612 vator
2091 1573 2520 1626 sacrann-ntum,
2565 1563 2708 1617 l’atri
2766 1568 2972 1632 gratias
3016 1584 3180 1637 agens
3225 1572 3474 1636 tradidit,

1905 1652 2048 1720 quod
2089 1668 2182 1718 per
2231 1653 2408 1720 ipsum
2456 1656 2614 1708 notis
2665 1658 2861 1710 coelum
2895 1669 3039 1714 esset
3075 1672 3389 1729 aperturas,
3425 1675 3480 1718 et

1899 1743 2042 1797 hunc
2093 1743 2580 1812 primogenitorum
2619 1757 2822 1801 euttutn
2867 1750 2974 1803 illic
3021 1765 3473 1821 congregatnrns.

1897 1835 2032 1888 Eum
2086 1835 2309 1888 imitans
2359 1836 2625 1901 Ecclesia,
2678 1854 2783 1892 non
2825 1842 3000 1894 solum
3049 1845 3472 1912 supplicantem,

1895 1926 1990 1980 sed
2023 1927 2183 1980 etiam
2223 1929 2426 1995 gratias
2453 1937 2701 1997 agentem
2741 1929 2870 1984 facit
2910 1931 3182 1986 donorum
3235 1935 3470 1989 oblatio.

1896 2032 2042 2071 nem.
2081 2017 2143 2070 Et
2179 2018 2279 2070 hoc
2311 2019 2526 2086 quidem
2558 2019 2776 2072 aliunde
2809 2023 3068 2084 ostendit,
3116 2025 3350 2078 maxime
3379 2041 3472 2078 au-

1896 2119 2000 2162 tem
2057 2124 2120 2161 ex
2177 2109 2442 2172 oratione,
2487 2109 2538 2162 in
2594 2126 2699 2178 qua
2754 2112 2922 2167 totius
2969 2115 3224 2168 sacrificii
3271 2132 3469 2184 scopus

1895 2199 2232 2254 continetur.
2291 2199 2424 2252 Cum
2479 2203 2624 2253 enim
2682 2203 3052 2256 recensuisset
3107 2204 3297 2256 omnia
3351 2219 3474 2273 qua:

1897 2289 2054 2343 nobis
2083 2303 2110 2340 a
2149 2290 2257 2342 Deo
2283 2290 2405 2342 data
2436 2300 2584 2349 sunt,
2620 2300 2673 2343 et
2706 2293 2912 2361 gratias
2939 2292 3137 2361 egisset
3165 2310 3264 2363 pro
3293 2298 3474 2350 enmi-

1898 2383 2018 2442 bus,
2085 2387 2139 2433 et
2219 2388 2494 2449 postremo
2551 2378 2854 2433 addidisset
2924 2380 3142 2434 Domini
3206 2385 3259 2436 in
3308 2399 3472 2438 carne

1899 2473 2218 2535 adventum,
2269 2482 2321 2524 et
2369 2470 2533 2538 hujus
2591 2472 2922 2524 sacramenti
2979 2472 3364 2539 traditionem,
3417 2483 3472 2528 et

1897 2563 2042 2632 quod
2091 2562 2248 2617 nobis
2299 2579 2517 2632 quoque
2561 2563 2664 2615 hoc
2691 2563 2854 2630 jussit
2893 2563 3092 2623 facere,
3133 2565 3462 2632 subjunxit:

1896 2652 2268 2708 Recordantes
2297 2667 2428 2720 ergo
2465 2652 2728 2705 salutaris
2763 2653 2929 2720 hujus
2959 2656 3238 2722 pra:cepti,
3267 2663 3320 2708 ct
3355 2672 3473 2708 oni-

1897 2747 2048 2799 nium
2097 2761 2218 2815 qua:
2254 2758 2352 2812 pro
2397 2743 2552 2796 nobis
2595 2743 2738 2798 facta
2795 2754 2944 2808 sunt,
2979 2746 3182 2808 crucis,
3231 2755 3364 2812 etc.,
3417 2757 3474 2802 et

1898 2837 2240 2892 enumeratis
2285 2836 2546 2905 deinceps
2577 2837 2830 2890 erunibus
2874 2853 2994 2906 qua:
3027 2853 3247 2892 crucem
3278 2855 3472 2894 conse~

1899 2936 2021 2981 ('uta
2053 2935 2205 2988 sunt,
2239 2925 2439 2979 deinde
2476 2917 2648 2978 dicit:
2690 2943 2708 2976 ι
2747 2925 2860 2980 Tua
2894 2942 2957 2979 ex
2997 2929 3105 2981 tuis
3145 2929 3238 2980 tibi
3287 2930 3472 2983 offeri-

206 3021 516 3092 ὐμνοῦμεν,
561 3025 618 3076 σὲ
648 3025 998 3096 εὐλογοῦμεν,
1050 3031 1134 3082 col.
1173 3031 1628 3102 εὐχαριστοῦμεν,
1673 3033 1790 3086 Κύ-

1900 3034 2023 3072 mus
2055 3036 2069 3071 :
2107 3017 2174 3071 de
2205 3017 2482 3080 omnibus,
2519 3029 2571 3072 et
2619 3033 2711 3080 per
2756 3018 2936 3072 omnia
2987 3028 3036 3073 te
3080 3019 3389 3086 laudamus,
3422 3031 3472 3076 te

208 3130 318 3180 ριε,
346 3115 440 3165 καὶ
467 3114 699 3183 δεόμεθὰ
727 3134 842 3182 σου,
876 3120 902 3170 6
929 3119 1060 3183 Θεὸς
1087 3121 1264 3190 ἡμῶν,
1298 3140 1316 3172 ι
1370 3123 1530 3191 Ὀρᾶς
1563 3141 1576 3188 ;
1612 3141 1630 3175 ι
1663 3125 1784 3176 Τῶν

203 3205 561 3273 εὐεργεσιῶν,
587 3207 741 3276 φησὶ,
769 3212 1124 3279 μεμνημένοι,
1145 3212 1344 3284 ταύτην
1368 3212 1670 3282 ποιούμεθα
1693 3213 1791 3283 τὴν

203 3293 570 3362 δωροφορίαν.
599 3315 617 3347 ι
659 3295 828 3349 Τοῦτο
858 3298 917 3350 δέ
944 3302 1059 3352 ὲστι
1085 3301 1144 3351 τὸ
1168 3300 1529 3370 εὐχαριστεῖν,
1555 3303 1615 3355 τὸ
1638 3303 1778 3376 ὑπὲρ

206 3385 316 3436 ’.ῶν
359 3386 461 3455 ἤδη
491 3387 710 3453 ἀγαθῶν
735 3389 995 3442 δοθέντων
1045 3392 1198 3460 ἡμῖν,
1230 3393 1421 3461 δώροις
1447 3393 1535 3446 τὸν
1565 3395 1803 3464 εὐεργέ-’

205 3494 308 3545 την
335 3480 520 3549 τιμᾷν.
554 3476 686 3533 Εἶτα
726 3481 820 3534 καὶ
850 3483 1180 3552 σαφέστερον
1214 3484 1469 3536 δεικνῦσα
1492 3487 1589 3554 τὴν
1624 3487 1786 3555 εὐχα-

209 3569 448 3634 ριστίαν,
477 3571 632 3640 φησὶ.
668 3589 685 3621 ι
732 3574 1144 3640 Προσφέροντες
1168 3573 1266 3645 τὴν
1299 3576 1618 3644 προσφορὰν
1651 3577 1784 3630 ταύ-

203 3673 332 3726 την,
373 3660 434 3711 σὲ
469 3661 765 3731 ὑμνοῦμεν,
800 3664 859 3716 σὲ
902 3664 1254 3735 εὐλογοῦμεν,
1312 3667 1394 3718 σοὶ
1427 3667 1781 3738 εὐχαριστοῦ-

209 3769 354 3820 per;
377 3751 572 3822 Κύριε,
608 3756 701 3806 καὶ
726 3754 960 3825 δεόμεθά
990 3773 1108 3821 σου,
1143 3759 1170 3809 ὁ
1193 3757 1323 3820 Θεὸς
1358 3759 1566 3828 ημῶν.»

274 3925 456 3991 Οἰτος
487 3931 513 3982 6
541 3929 685 3996 νοῦς,
725 3933 884 4001 φησὶ,
907 3930 1005 4000 τῆς
1031 3932 1396 4001 προσαγωγῆς
1433 3932 1545 3984 τῶν
1572 3933 1786 4003 δώρων,

198 4020 265 4072 τὸ
305 4020 519 4088 ὑμνεῖν,
551 4022 613 4074 τὸ
679 4022 1042 4092 εὐχαριστεῖν,
1071 4023 1132 4074 τὸ
1191 4023 1477 4086 ἱκετεύειν,
1531 4025 1669 4094 ὅπερ
1727 4026 1789 4092 ἐξ

199 4110 394 4180 ἀρχῆς
454 4112 735 4184 ἐλέγομεν,
759 4113 898 4166 ὥστε
927 4111 1189 4169 εἶναικαὶ
1227 4117 1639 4187 εὐχαριστήριον
1694 4118 1790 4170 καὶ

203 4202 418 4254 ἱκέσιον
446 4201 541 4270 τὴν
597 4203 790 4274 αὐτήν.
827 4205 936 4258 Καὶ
974 4205 1147 4258 ταῦτα
1181 4205 1456 4275 ποιοῦμεν,
1492 4208 1647 4275 φησὶ,
1698 4207 1792 4261 δίο

200 4293 374 4345 τινῶν
404 4295 764 4364 μεμνημένοι,
798 4296 894 4364 τῆς
929 4298 1168 4365 ἐντολῆς,
1198 4298 1266 4366 ἢν
1297 4299 1427 4368 ἡμῖν
1468 4299 1785 4364 ἐνετείλατο,

201 4386 422 4452 λέγων·
468 4405 484 4436 ι
509 4386 682 4438 Τοῦτο
723 4390 925 4439 ποιεῖτε
971 4390 1051 4451 εἰς
1078 4388 1174 4458 τὴν
1200 4389 1337 4459 ἐμὴν
1390 4390 1694 4460 ἀνάμνησιν
1719 4408 1732 4422 ·
1765 4411 1781 4442 ι

202 4480 304 4530 καὶ
335 4480 551 4530 πάντων
584 4479 693 4531 τῶν
724 4479 862 4548 ὑπὲρ
916 4481 1074 4549 ἡμῶν
1109 4483 1434 4550 γενομένων
1461 4483 1491 4551 ἡ
1553 4484 1647 4549 μὲν
1678 4484 1785 4551 γὰρ

208 4568 406 4635 μνήμη
433 4568 540 4620 τῶν
595 4569 926 4638 εὐεργεσιῶν
971 4571 1152 4634 ἁπλῶς
1211 4573 1290 4633 εἰς
1346 4572 1578 4641 ἀμοιϐὴν
1639 4575 1785 4642 ἡμᾶς

205 4659 600 4726 προτρέπεται,
636 4663 730 4711 καὶ
760 4659 820 4710 τὸ
844 4659 980 4720 ὅλως
1011 4677 1064 4711 τι
1097 4665 1486 4730 προσενεγκεῖν
1513 4661 1586 4730 τῷ
1641 4662 1784 4714 οὕτω

209 4748 424 4815 μυρίων
452 4747 752 4816 ὑπάρξαντι
792 4749 937 4800 αἰτία
969 4749 1206 4819 χαρίτων
1238 4751 1399 4818 ἡμῖν·
1432 4752 1465 4819 ἡ
1493 4751 1550 4802 δὲ
1598 4752 1782 4820 μνήμη

203 4839 301 4906 τῆς
337 4838 575 4907 ἐντολῆς,
615 4841 704 4889 καὶ
737 4840 867 4890 αὐτὸ
897 4840 956 4890 τὸ
984 4836 1121 4902 εἶδος
1147 4840 1244 4908 τῆς
1271 4841 1507 4909 ἀμοιϐῆς
1545 4841 1784 4893 διδάσκει

205 4931 377 4997 ἡμᾶς,
412 4933 504 4981 καὶ
538 4931 659 4981 τίνα
693 4931 771 4982 δεῖ
811 4930 958 5000 δῶρα
1007 4931 1323 5000 προσάγειν.
1347 4931 1524 5000 Αὐτὴν
1573 4931 1783 5000 ἐκείνην

204 5023 304 5091 τὴν
325 5027 643 5092 προσφορὰν
669 5025 985 5091 προσίομεν,
1005 5024 1070 5092 ἣν
1092 5025 1251 5084 αὐτὸς
1281 5025 1308 5074 6
1326 5023 1633 5092 Μονογεειὴς
1659 5024 1780 5074 ἀνε-

208 5109 345 5176 δειξέ
369 5131 474 5178 σοι,
502 5118 576 5182 τῷ
610 5115 727 5184 Θεῷ
747 5116 840 5165 καὶ
862 5115 1031 5184 ιιατρὶ
1055 5117 1146 5166 καί
1171 5115 1595 5182 εὐχαριστοῦμεν
1623 5131 1726 5180 προ
1739 5133 1786 5165 :-

213 5210 461 5271 ἁγοντες,
483 5208 563 5258 ὅτι
587 5206 682 5258 καὶ
715 5206 874 5267 αὐτὸς
902 5206 1217 5266 ἀναδεικνύς
1252 5207 1419 5274 αὐτὴν
1444 5205 1782 5275 ηὐχαρίστει.

212 5298 303 5351 Διά
331 5297 505 5350 ταῦτα
538 5296 691 5348 οὐδὲν
715 5295 924 5348 οἴκοθεν
981 5296 1273 5364 εἰσάγομεν
1340 5297 1417 5356 εἰς
1451 5295 1652 5362 ταύτην
1686 5295 1784 5364 τὴν

211 5388 571 5458 δωροφορίανο
590 5386 712 5439 οὐτε
745 5387 854 5453 γὰρ
884 5387 1020 5455 ἔργα
1049 5387 1205 5455 ἡμῶν
1233 5388 1300 5438 τὰ
1325 5385 1470 5454 δῶρα
1499 5384 1656 5450 ἀλλὰ,
1689 5385 1781 5438 σοῦ

215 5480 299 5532 τοῦ
325 5484 546 5534 πάντων
589 5469 939 5549 δρτμιουργοῦ.
976 5477 1111 5530 Οὔτε
1166 5477 1408 5546 ἡμετέρα
1444 5477 1654 5528 ἐπίνοια
1684 5477 1782 5545 τῆς

218 5572 467 5646 λατρείας
507 5575 535 5626 6
585 5575 784 5641 τρόπος
840 5565 1016 5636 οὗτος,
1047 5570 1157 5623 ἀλλ’
1192 5569 1311 5622 οὐξὲ
1363 5568 1781 5639 προσεθυμήίιηο

225 5684 333 5734 μεν,
368 5668 478 5719 oio-5’
512 5665 725 5718 οίκούεν
755 5665 845 5716 καὶ
877 5665 1002 5732 παρ’
1035 5662 1239 5715 ἑαυτῶν
1268 5664 1343 5724 εἰς
1395 5662 1561 5731 αὐτὴν
1590 5664 1773 5730 ἐκίνη-

1818 4356 1868 4414 D

1897 3111 2288 3171 benedicimus,
2331 3111 2422 3165 tibi
2463 3113 2665 3177 gratias
2695 3111 2931 3180 agimus,
2973 3113 3218 3179 Demine,
3257 3126 3308 3168 et
3350 3130 3472 3168 ora-

1904 3220 2028 3258 mus
2064 3213 2138 3268 te,
2197 3203 2340 3258 Deus
2395 3215 2602 3258 noster.
2663 3222 2680 3254 ι
2716 3201 2915 3258 Vides?
2972 3223 2990 3256 ι
3050 3205 3468 3272 Beneficiorum,

1895 3294 2091 3364 inquit,
2125 3293 2493 3357 recordantes,
2521 3293 2664 3346 hanc
2697 3292 2792 3346 tibi
2825 3293 3096 3346 donorum
3137 3296 3466 3351 oblat’oncm

1896 3386 2166 3448 facimus;
2204 3403 2222 3435 ι
2266 3385 2368 3438 hoc
2401 3395 2578 3438 attem
2611 3393 2692 3438 est
2719 3387 2918 3454 gratias
2957 3402 3136 3455 agere,
3182 3403 3279 3455 pro
3308 3387 3470 3442 bonis

1889 3478 2005 3544 jam
2055 3477 2212 3529 nobis
2264 3475 2501 3539 donatis,
2532 3476 2691 3530 donis
2723 3477 3127 3530 benefactorent
3167 3482 3463 3534 honorate.

1903 3569 2108 3622 Deinde
2141 3569 2585 3635 etiam'apettins
2624 3570 2922 3624 ostendens
2964 3571 3258 3639 gratiarum
3295 3572 3467 3624 actio-

1897 3676 2019 3714 nem
2054 3660 2129 3712 ait
2165 3675 2179 3711 :
2215 3678 2231 3709 ι
2269 3657 2570 3712 Offerentcs
2605 3660 2937 3713 oblationem
2981 3661 3144 3723 hanc,
3183 3670 3232 3714 te
3277 3663 3467 3714 lauda-

1896 3767 2039 3813 tnns,
2080 3760 2128 3802 te
2159 3749 2558 3810 benedieinius,
2585 3749 2678 3804 tibi
2705 3752 2910 3819 gratias
2939 3753 3178 3819 agimus,
3215 3749 3463 3810 Domine.

1895 3855 1949 3896 et
1982 3857 2238 3909 rogamus
2270 3850 2338 3905 te,
2393 3843 2532 3894 Deus
2567 3849 2774 3894 noster.
2815 3858 2834 3890 ι

1965 3933 2082 3986 llnc
2131 3947 2262 4002 ergo
2314 3943 2397 3985 est
2443 3933 2748 3986 institutum
2804 3931 3072 3986 donorum
3124 3933 3418 3986 oblationis
3451 3976 3466 3999 ,

1894 4027 2156 4086 laudare,
2199 4023 2400 4094 gratias
2440 4039 2616 4091 agere,
2664 4024 2992 4091 supplicare,
3039 4030 3095 4074 ut
3129 4037 3157 4075 a
3193 4025 3312 4090 prin
3341 4027 3465 4091 'ipIO

1896 4116 2156 4181 diximus,
2182 4123 2239 4168 ut
2272 4115 2455 4167 eadem
2488 4123 2540 4166 et
2577 4113 2629 4166 in
2663 4113 3054 4182 supplicatione
3083 4125 3132 4165 et
3168 4117 3464 4182 gratiarum

1899 4210 2113 4262 actione
2151 4217 2418 4260 versetur;
2458 4204 2522 4258 Et
2558 4204 2673 4258 haec
2711 4205 2964 4268 facimus,
2998 4207 3198 4272 inquit,
3233 4207 3464 4258 duorum

1899 4301 2272 4362 recordantes,
2305 4309 2356 4350 et
2383 4298 2638 4366 pra‘ccpti
2675 4297 2819 4364 quod
2854 4296 3012 4350 nobis
3043 4297 3211 4360 dedit,
3243 4298 3462 4350 dicens:

1902 4412 1919 4442 ι
1959 4390 2072 4443 Hoc
2095 4390 2330 4443 facitein
2356 4404 2528 4442 meam
2564 4387 3000 4442 recordationem
3029 4429 3043 4451 ,
3086 4407 3103 4439 ›
3136 4399 3186 4442 et
3219 4391 3464 4442 omnium

1891 4495 2012 4549 qua:
2053 4494 2152 4547 pro
2189 4479 2349 4533 nobis
2384 4477 2523 4532 facta
2563 4487 2710 4531 sunt.
2745 4476 3136 4531 Bent-liciorum
3184 4480 3367 4543 enitn,
3408 4488 3468 4532 ιιι

1889 4571 2056 4623 semel
2121 4569 2339 4632 dicam,
2409 4570 2723 4622 recordatio
2784 4585 2882 4622 nos
2929 4569 2995 4621 ad
3050 4570 3462 4622 retributionem

1888 4663 2235 4720 adhortatur,
2279 4669 2331 4712 et
2377 4658 2442 4711 ad
2499 4659 2699 4726 aliquid
2745 4658 2968 4710 omnino
3031 4655 3369 4711 offerendum
3413 4658 3463 4710 ei

1886 4752 1976 4819 qui
2023 4766 2122 4804 nos
2154 4750 2298 4818 prior
2329 4749 2813 4802 innumerabilibus
2842 4749 3122 4800 beneficiis
3145 4750 3223 4801 sic
3259 4749 3460 4800 aflecit.

1888 4842 2143 4909 Pr:cc«:pti
2172 4852 2350 4892 autem
2405 4840 2665 4898 memoria
2706 4850 2758 4892 et
2795 4840 2908 4906 ipsa
2944 4837 3116 4890 forma
3142 4839 3460 4892 retributio-

1889 4937 1972 4987 nis
2007 4951 2106 4987 nns
2135 4934 2311 4993 docet,
2340 4947 2586 5001 qnwnazn
2638 4930 2738 5000 ipsi
2782 4931 2921 4983 dona
2957 4930 3155 4983 offerre
3188 4939 3460 4999 oporteat.

1887 5028 2034 5081 lilam
2063 5029 2230 5095 ipsam
2257 5025 2588 5077 oblatione-ii
2624 5021 3160 5090 adniittimus,qnam
3193 5024 3304 5092 ipse
3332 5021 3458 5076 Uni-

1889 5119 2106 5186 genitus
2136 5115 2233 5168 tibi
2261 5115 2499 5168 ostendit
2524 5113 2631 5165 Deo
2650 5124 2701 5165 et
2725 5113 2896 5177 Patri,
2923 5120 2974 5165 et
2996 5112 3199 5181 gratias
3220 5112 3457 5180 agimus,

1887 5210 2014 5276 quia
2075 5208 2188 5276 ipse
2236 5206 2400 5260 etiam
2435 5220 2553 5259 eam
2592 5207 2888 5258 ostendens
2923 5205 3033 5272 egit
3070 5204 3292 5274 gratias.
3333 5203 3461 5254 l'ro-

1888 5309 2069 5368 pterea
2105 5299 2170 5352 ad
2205 5297 2346 5352 hanc
2380 5299 2644 5350 donorum
2704 5296 3039 5350 oblationem
3095 5295 3226 5348 nihil
3291 5293 3456 5346 domo

1889 5393 2186 5446 afferimus.
2234 5389 2421 5460 Neque
2462 5391 2608 5444 enim
2657 5391 2798 5444 dona
2847 5398 2975 5444 sunt
3027 5397 3210 5442 nostra
3267 5399 3455 5454 opera.

1888 5486 1980 5539 sed
2014 5494 2104 5536 tua
2138 5483 2380 5536 omnium
2408 5482 2640 5551 opificis.
2667 5481 2774 5534 Nec
2800 5494 3042 5534 nosmnn
3065 5487 3150 5531 est
3175 5480 3451 5530 inwntum

1888 5574 2001 5626 hzee
2041 5571 2252 5627 colendi
2304 5572 2499 5633 forma,
2539 5570 2633 5626 sed
2671 5586 2848 5638 neque
2883 5581 3068 5621 nosrra
3123 5572 3314 5633 sponte
3348 5563 3453 5616 hoc

1889 5665 2160 5716 voluimus
2191 5703 2204 5729 ,
2243 5679 2418 5733 neque
2467 5663 2628 5716 ιξοιιιο
2677 5670 2727 5715 ct
2773 5675 2834 5713 ex
2877 5657 3029 5710 nobis
3064 5656 3196 5721 ipsis
3225 5652 3289 5705 ad
3329 5663 3452 5707 cum
