3838 6192
536 223 639 284 4'3

1768 215 2076 276 NlCOLAl
2117 210 2508 270 CABASILIE
2563 259 2566 266 .
3611 220 3689 279 ιιι

541 335 758 405 impulsi
787 349 1004 400 sumus,
1031 333 1124 392 sed
1149 333 1261 402 ipse
1284 331 1541 396 docuisti,
1569 331 1682 400 ipse
1705 329 2026 384 adhortatus
2053 343 2111 381 es

2221 326 2388 394 θημεν
2413 340 2425 352 ’
2456 323 2570 377 ἀλλ’
2611 324 2768 386 αὐτὸς
2827 323 3093 388 ἐδίδαξας,
3125 325 3272 388 αὐτὸς
3321 330 3594 396 προετρέξω
3629 335 3694 389 δά

542 444 638 498 per
675 427 1049 494 Unigenitum.
1104 425 1168 478 Et
1212 425 1333 480 ideo
1387 440 1505 489 quae
1553 424 1648 478 tibi
1695 422 1997 485 oﬂ'erimus,
2042 436 2106 475 cx

539 521 650 575 uiis
681 535 803 588 quae
836 518 992 572 nobis
1023 517 1247 578 dedisti,
1276 525 1364 570 tua
1399 524 1529 570 sunt
1556 515 1610 569 in
1645 513 1897 568 omnibus
1926 523 1982 566 et
2015 527 2110 580 per

544 611 747 664 omnia.
776 609 856 664 Ita
883 609 1044 663 etiam
1073 621 1172 675 pro
1202 608 1319 675 ipsa
1353 623 1459 675 qua
1495 615 1730 674 aguntur
1750 605 1936 676 gratiae
1961 603 2110 658 obla-

547 703 713 762 tione,
752 698 908 752 aliam
940 711 1134 752 rursus
1162 697 1458 768 gratiarum
1499 697 1767 751 actionem
1799 695 1907 751 Deo
1942 694 2110 749 debeo

551 804 698 850 mus,
733 788 862 854 quia
894 785 1028 839 nihil
1060 785 1180 854 ejus
1213 798 1456 842 nostrum
1489 794 1594 850 est,
1637 786 1730 840 sed
1763 793 1875 838 tota
1926 793 2009 838 est
2049 782 2114 836 il-

544 881 649 932 lius
683 878 914 942 donum,
943 884 998 931 et
1023 876 1123 931 hoc
1145 877 1322 945 ipsum
1357 876 1503 946 quod
1542 877 1592 930 id
1624 877 1876 929 volumus
1905 883 1958 928 et
1981 888 2112 940 ope-

545 985 767 1033 rantur,
808 969 950 1023 idem
993 977 1074 1022 est
1117 967 1211 1036 qui
1261 968 1316 1021 in
1383 967 1539 1021 nobis
1595 975 1877 1038 operatur.
1931 974 1992 1020 ut
2040 963 2114 1017 ait

543 1065 762 1118 divinus
805 1062 1120 1130 Apostolus.
1159 1060 1452 1128 Propterea
1495 1060 1597 1114 hoc
1636 1072 1856 1128 quoque
1887 1058 1941 1111 in
1984 1071 2113 1111 ora-

547 1153 798 1207 tionibus
832 1152 1076 1205 dicitur:
1112 1168 1129 1200 ι
1172 1149 1386 1204 Gratias
1421 1148 1634 1217 agimus
1668 1149 1763 1202 tibi
1810 1162 1910 1217 pro
1940 1144 2115 1200 sacri-

547 1243 690 1305 ﬁcio,
727 1242 871 1310 quod
917 1256 946 1294 e
987 1239 1192 1293 nostris
1237 1239 1487 1292 manibus
1524 1238 1805 1302 suscipere
1858 1236 2115 1304 dignatus

545 1346 625 1385 es.
683 1349 700 1381 ι
759 1330 890 1394 Quae
934 1344 1062 1396 ergo
1108 1331 1325 1393 docent,
1371 1339 1688 1384 sanctorum
1736 1329 1788 1381 in
1842 1325 2117 1381 sacriﬁcio

547 1421 1128 1475 commemorationem
1181 1435 1286 1473 non
1331 1434 1454 1473 esse
1506 1420 1574 1473 ad
1629 1419 1796 1472 Deum
1849 1432 1947 1487 pro
1985 1417 2118 1485 ipsis

548 1511 1026 1580 supplicationem,
1058 1511 1151 1565 sed
1177 1510 1473 1580 gratiarum
1503 1511 1802 1574 actionem,
1825 1509 1940 1564 haec
1964 1516 2116 1564 sunt.

1207 1623 1363 1679 CAP.
1402 1625 1462 1679 L.

552 1717 694 1784 Quot
731 1717 898 1771 modis
918 1717 976 1785 ﬁt
993 1718 1043 1770 in
1063 1718 1328 1784 sacriﬁcio
1346 1729 1647 1770 sanctorum
1667 1725 2118 1782 commemoratio,

1015 1797 1019 1800 '
1057 1798 1106 1840 et
1139 1803 1256 1855 qua:
1285 1787 1610 1855 differentia.

617 1877 914 1934 Videamus
938 1889 1117 1934 autem
1149 1880 1365 1948 quoties
1397 1888 1451 1933 et
1479 1880 1532 1933 in
1567 1894 1676 1948 quo
1706 1877 1965 1934 sacriﬁcii
1999 1877 2120 1931 loco

553 1967 610 2022 ﬁt
640 1968 754 2024 hac
787 1972 1260 2025 commemoratio.
1281 1969 1366 2025 Fit
1395 1971 1537 2026 enim
1577 1973 1662 2024 bis
1687 1986 1702 2024 :
1733 1970 1970 2040 primum
1998 1969 2121 2040 qui-

557 2057 680 2112 dem
717 2059 769 2110 in
817 2059 938 2127 ejus
989 2058 1278 2128 principio,
1317 2061 1536 2129 quando
1582 2060 1726 2114 dona
1773 2058 2119 2123 offeruntur,

551 2149 796 2203 secundo
827 2161 1029 2215 autem,
1054 2154 1272 2217 quando
1298 2153 1698 2208 sacriﬁcantur.

622 2238 761 2304 Quia
795 2241 941 2295 enim
973 2243 1169 2311 duplex
1202 2253 1285 2297 est
1329 2243 1558 2310 oblatio,
1591 2245 1707 2300 haec
1741 2245 1963 2315 quidem
1999 2254 2122 2298 tan-

551 2345 713 2398 quam
746 2332 1091 2386 solummodo
1120 2333 1390 2387 donorum
1425 2344 1478 2388 et
1533 2351 1848 2401 munerum,
1875 2345 1934 2391 ut
1964 2343 2120 2390 antea

551 2422 756 2474 dictum
783 2432 886 2482 est,
944 2423 1032 2476 illa
1060 2431 1246 2476 autem
1279 2433 1540 2492 tanquam
1572 2425 1824 2480 sacriﬁcii
1851 2441 1870 2494 ;
1900 2440 2124 2480 necesse

551 2521 635 2567 est
678 2513 839 2567 etiam
885 2529 980 2568 ens
1022 2530 1120 2583 pro
1156 2516 1356 2584 quibus
1401 2516 1725 2581 oﬂ‘eruntur,
1757 2527 1810 2571 et
1851 2519 2037 2587 primae
2070 2527 2124 2572 et

554 2606 809 2659 secundae
839 2606 1134 2661 oblationis
1169 2608 1507 2662 meminisse.
1540 2609 1726 2678 Itaque
1769 2610 2124 2679 quemadmo-

555 2693 683 2746 dum
720 2693 771 2744 in
807 2694 1004 2759 prima,
1038 2712 1056 2745 (
1095 2693 1150 2746 In
1181 2695 1643 2761 recordationem,
1674 2699 1868 2766 inquit,
1907 2698 2121 2751 Domini

554 2790 608 2830 et
639 2781 732 2833 Dei
763 2779 1080 2834 Servatoris
1125 2783 1300 2836 nostri
1342 2781 1473 2838 Jesu
1513 2785 1760 2854 Christi;
1794 2807 1814 2839 ι
1846 2789 1917 2841 ita
1957 2789 2120 2842 etiam

555 2871 610 2922 iu
643 2871 908 2936 secunda,
962 2889 981 2922 ι
1042 2869 1416 2928 Recordantes
1454 2889 1586 2944 ergo
1627 2890 1819 2930 eorum
1862 2893 1979 2946 qua:
2027 2892 2124 2946 pro

555 2959 716 3011 nobis
763 2958 905 3013 facta
944 2969 1093 3022 sunt,
1147 2963 1330 3015 crucis
1368 2971 1422 3017 et
1449 2963 1679 3017 aliorum
1717 2979 1837 3032 quae
1872 2965 2122 3023 Christus

553 3063 653 3117 pro
689 3048 845 3100 nobis
883 3049 1168 3105 sustinuit.
1205 3069 1222 3103 ι
1265 3052 1396 3117 Qua:
1423 3053 1568 3108 enim
1602 3054 1691 3108 hic
1714 3055 1818 3110 sibi
1851 3057 1968 3110 vult
1997 3073 2122 3113 cru-

554 3142 635 3195 cis
693 3145 978 3208 memoria,
1017 3151 1070 3197 et
1103 3143 1334 3198 aliorum
1385 3161 1506 3215 quae
1556 3162 1778 3202 crucem
1828 3161 2120 3207 consecuta

552 3242 700 3294 sunt,
726 3234 825 3285 hoc
849 3233 961 3286 illic
983 3243 1066 3288 est
1084 3235 1298 3289 Domini
1328 3239 1795 3294 commemoratio.
1817 3238 1932 3294 Non
1951 3243 2120 3304 enim,

556 3335 614 3377 ut
645 3325 907 3379 miracula
944 3325 1191 3381 facientis
1226 3328 1556 3393 Servatoris,
1585 3330 1678 3386 sed
1713 3339 1771 3384 ut
1797 3333 2042 3387 cruciﬁxi
2067 3343 2120 3386 et

553 3415 861 3480 morientis,
897 3425 1028 3470 tunc
1082 3420 1340 3474 sacerdos
1376 3422 1647 3488 meminit,
1677 3432 1736 3477 ut
1778 3424 1833 3478 in
1871 3425 1963 3479 illo
1999 3425 2121 3481 loco

553 3521 651 3574 per
679 3507 846 3560 multa
875 3501 1164 3563 estensum
1193 3519 1295 3566 est.
1335 3510 1402 3566 Et
1436 3528 1627 3570 rursus
1659 3515 1804 3580 sicut
1838 3516 1888 3569 in
1923 3517 2118 3586 prima,

557 3613 578 3644 ‹
632 3596 710 3648 Ad
771 3598 1000 3665 gloriam
1063 3598 1474 3669 Sanctissimae,
1528 3604 1595 3658 ad
1663 3605 2116 3665 intercessionem

551 3695 896 3749 sanctorum,
939 3704 957 3738 ι
1001 3687 1165 3752 dicit,
1225 3688 1300 3742 ita
1347 3690 1510 3744 etiam
1561 3692 1612 3744 in
1640 3695 1879 3749 seciindo
1909 3715 1921 3750 :
1951 3714 1969 3747 ι
2013 3697 2119 3752 Pro

551 3773 758 3824 sanctis
811 3775 1103 3840 omnibus,
1153 3779 1423 3846 praecipue
1464 3779 1844 3838 Sanctissitna.
1887 3804 1906 3837 ι
1964 3785 2119 3841 Sicut

539 3865 693 3914 enim
721 3863 831 3918 illic
863 3866 1238 3921 excellentiam
1272 3871 1535 3936 ostendit,
1556 3888 1675 3928 eam
1707 3875 1828 3930 aliis
1857 3879 2115 3932 omnibus

551 3959 887 4028 praeferens,
941 3962 1012 4016 ita
1071 3965 1158 4019 bic
1213 3969 1474 4035 quoniam
1525 3980 1649 4039 post
1706 3973 1920 4043 aliquos
1973 3976 2110 4030 alios

539 4052 670 4121 ejus
706 4054 973 4121 meminit,
1017 4055 1148 4110 illud
1214 4061 1476 4128 praecipue
1506 4061 1691 4132 adjicit
1729 4081 1744 4118 :
1776 4075 1828 4120 et
1857 4069 2119 4134 quemad-

553 4142 769 4194 modum
798 4143 849 4195 in
881 4144 1076 4211 prima,
1110 4155 1232 4214 post
1263 4158 1505 4216 sanctos,
1532 4165 1721 4205 eorum
1755 4169 1860 4222 que
1884 4155 2116 4223 agebant

550 4231 1019 4298 misericordiam,
1057 4236 1330 4303 meminit,
1360 4249 1414 4292 et
1445 4254 1542 4308 pro
1573 4241 1775 4310 quibus
1823 4243 2110 4311 supplicat,

2211 414 2304 467 τοῦ
2339 416 2694 482 Μννογενοῦς.
2753 416 2956 468 Τούτου
3017 415 3174 484 χάριν
3207 416 3241 472 ἃ
3276 420 3606 489 προσφέρομεν
3636 441 3697 475 σοι

2212 508 2276 558 ὲκ
2304 506 2413 558 τῶν
2450 506 2556 556 σῶν
2591 507 2720 575 ἡμῖν
2742 505 3002 567 δέδωκας,
3051 505 3121 558 σά
3149 508 3260 558 ἐστι
3288 508 3418 562 κατὰ
3451 511 3596 563 πάντα
3627 517 3698 565 καί

2213 597 2299 652 διὰ
2335 577 2533 651 πάντα.
2560 595 2718 650 Οὕτω
2751 599 2844 650 καὶ
2884 597 3021 667 ὑπὲρ
3071 597 3236 665 αὒτῆς
3271 599 3363 667 τῆς
3410 603 3700 671 χαριστηρίου

2215 689 2550 756 προσφορᾶς,
2580 687 2747 752 ἄλλην
2781 688 2944 740 πάλιν
2993 687 3333 757 εὐχαριστίαν
3381 689 3621 760 ὀφείλομεν
3644 695 3702 763 τῷ

2217 777 2358 847 Θεῷ,
2388 779 2469 831 ὅτι
2499 778 2652 831 οὐδὲν
2684 777 2852 848 αὐτῆς
2899 777 3186 846 ἡμέτερον,
3213 777 3342 830 ἀλλὰ
3375 781 3509 834 πᾶσα
3542 783 3705 835 ἐκείνου

2214 868 2404 938 δῶρον,
2438 868 2532 921 καὶ⁵
2563 869 2692 923 αὐτὸ
2719 869 2780 922 τὸ
2837 868 3011 924 θέλειν
3065 868 3232 938 αὐτὴν
3281 869 3370 923 καὶ
3413 872 3469 923 τὸ
3497 872 3706 940 ἐνεργεῖν,

2217 960 2378 1022 αὐτός
2401 963 2545 1012 ἐστιν
2574 962 2601 1012 ὁ
2632 959 2870 1029 ἐνεργῶν
2893 962 3050 1029 ἡμῖν,
3083 961 3220 1016 κατὰ
3250 961 3336 1014 τὸν
3368 961 3710 1015 θεῖονἈπόστοο

2219 1052 2331 1106 λον.
2361 1052 2456 1104 Διὰ
2513 1052 2669 1105 τοῦτο
2701 1053 2757 1105 ἐν
2810 1055 2932 1116 ταῖς
2966 1052 3155 1120 εὐχαῖς
3186 1053 3277 1104 καὶ
3319 1050 3462 1104 τοῦτο
3503 1051 3707 1118 λέγεται·

2225 1161 2245 1192 ‹
2283 1143 2721 1213 Εὑχαριστοῦμέν
2752 1160 2834 1196 σοι
2874 1145 2969 1198 καὶ
3012 1144 3152 1212 ὑπὲρ
3199 1142 3360 1212 αὐτῆς
3395 1145 3482 1213 τῆς
3519 1144 3713 1211 ist-mur.-

2219 1235 2362 1303 γίας,
2381 1233 2446 1304 ἢν
2475 1235 2538 1286 ἐκ
2571 1235 2680 1287 τῶν
2708 1235 2904 1307 χειρῶν
2925 1236 3083 1306 ἡμῶν
3107 1235 3353 1299 δέξασθαι
3379 1236 3706 1306 κατηξίωσες.»

2225 1324 2294 1375 "A
2333 1324 2432 1392 μὲν
2485 1319 2578 1377 οὖν
2627 1326 2774 1395 ἡμᾶς
2826 1326 3064 1379 διδάσκει
3112 1327 3210 1395 τὴν
3265 1328 3321 1378 έν
3360 1329 3424 1397 τῇ
3466 1327 3716 1396 λειτουργίᾳ

2224 1417 2444 1483 μνήμην
2483 1418 2587 1468 τῶν
2623 1417 2812 1484 ἁγίων,
2847 1418 2922 1486 μὴ
2963 1418 3171 1471 ἱκεσίαν
3195 1414 3330 1472 εἶναι
3377 1420 3500 1488 πρὸς
3524 1421 3598 1474 τον
3618 1420 3716 1472 Salv

2221 1504 2361 1574 ὑπὲρ
2387 1496 2585 1572 αὐτῶν,
2617 1506 2733 1560 ἀλλ’
2766 1507 3135 1579 εὐχαριστίαν,
3163 1510 3330 1566 ταῦτά
3357 1512 3510 1564 ἐστιν.

2814 1621 3038 1674 ΚΕΦΔΔ
3062 1660 3076 1674 .
3127 1618 3212 1676 N'.

2294 1709 2563 1777 Ποσάκις
2585 1711 2692 1778 τῆς
2741 1713 3070 1781 ἱερουργίας
3113 1711 3232 1768 τῶν
3279 1713 3452 1782 ἁγίων
3491 1713 3523 1778 ἡ
3577 1711 3719 1779 κνήμη

2561 1783 2805 1851 γίνεται,
2840 1783 2936 1836 καὶ
2968 1784 3058 1848 τΙς
3102 1784 3141 1850 ἡ
3174 1782 3437 1851 διαφορά.

2297 1873 2527 1943 Ἴδωμεν
2577 1874 2633 1926 δὲ
2691 1876 2924 1938 ποσάκις
2957 1875 3051 1928 καὶ
3111 1875 3215 1928 ποῦ
3260 1876 3355 1944 τῆς
3399 1875 3723 1945 ἱερουργίσςή

2224 1964 2410 2032 μνήμη
2441 1964 2576 2034 αὕτη
2607 1965 2836 2032 γίνεται.
2870 1967 3082 2020 Γίνεται
3120 1967 3231 2036 γὰρ
3277 1966 3355 2030 δίς
3375 1983 3387 1998 ·
3419 1967 3607 2033 πρῶτον
3651 1968 3725 2036 μὲν

2224 2055 2280 2110 ὲν
2312 2058 2432 2120 ταῖς
2460 2059 2653 2126 ἀρχαῖς
2685 2060 2878 2130 αὐτῆς,
2915 2060 3006 2113 ὅτε
3036 2060 3348 2113 ἀνατίθεται
3375 2061 3437 2118 τὰ
3461 2059 3726 2132 δῶρα·δεύ-

2221 2164 2377 2217 τερον
2405 2148 2481 2208 δὲ,
2521 2149 2606 2202 ὅτε
2639 2150 2848 2206 θύεται.

2305 2237 2460 2290 Ἐπεὶ
2493 2239 2601 2308 γὰρ
2625 2238 2775 2310 διττὴ
2807 2243 2838 2311 ἡ
2878 2246 3238 2316 προσαγωγὴ,
3272 2250 3304 2318 ἠ
3333 2246 3446 2315 μὲν,
3483 2248 3549 2312 ὡς
3581 2248 3726 2317 δώρων

2223 2327 2317 2378 καὶ
2341 2326 2706 2396 ἀναθημάτων
2734 2330 2938 2394 ἁπλῶς,
2977 2334 3236 2407 καθάπερ
3277 2340 3333 2392 ὲν
3355 2342 3458 2402 τοῖς
3482 2338 3730 2408 ἔμπροσθεν

2224 2418 2438 2489 εἴρηται
2459 2435 2474 2452 υ
2504 2421 2535 2486 ἡ
2562 2420 2638 2487 δὲ,
2667 2421 2742 2485 ὡς
2769 2422 2955 2488 θυσίας
2976 2441 2990 2456 ⁸
3027 2429 3245 2500 ἀνάγκη
3284 2432 3376 2484 καὶ
3405 2431 3597 2494 τούτους
3621 2431 3727 2498 ὑπὲρ

2225 2504 2299 2562 ὧν
2342 2511 2732 2580 προσάγονται,
2764 2517 2856 2568 καὶ
2877 2517 2971 2572 ἐπὶ
3011 2519 3115 2588 τῆς
3150 2521 3388 2592 πρώτης,
3415 2523 3500 2577 καὶ
3541 2525 3616 2574 ἐπὶ
3658 2521 3730 2588 τῆς

2223 2599 2481 2668 δευτέρας
2541 2606 2908 2674 προσαγωγῆς
2965 2613 3438 2678 μνημονεύεσθαι·
3467 2615 3549 2667 καὶ
3593 2614 3730 2665 τοίνυν

2225 2691 2473 2762 καθάπερ
2502 2692 2593 2745 ἐπὶ
2620 2694 2717 2763 τῆς
2748 2699 2990 2768 πρώτης,
3019 2718 3039 2752 ι
3065 2703 3164 2766 Et;
3186 2705 3494 2773 ἀνάμνησιν,
3523 2703 3732 2774 φησι,τῶ

2225 2780 2454 2849 Κυρίου,
2483 2781 2579 2834 καὶ
2605 2783 2761 2842 Θεοῦ.
2804 2785 2897 2838 καὶ
2947 2789 3207 2861 Σωτῆρος
3260 2791 3412 2862 ἡμῶν
3445 2792 3596 2858 ’1ησοῦ
3634 2792 3734 2860 Χριο

2238 2871 2435 2924 στοῦοι
2465 2873 2606 2927 οὕτω
2653 2875 2748 2928 καὶ
2782 2878 2874 2933 ἐπὶ
2932 2879 3033 2948 τῆς
3085 2883 3368 2955 δευτέρας,
3403 2903 3420 2936 ι
3448 2885 3736 2953 Μεμνημένοι

2172 3009 2190 3032 ,
2225 2965 2406 3017 τοίνυν
2431 2967 2539 3019 τῶν
2573 2968 2712 3038 ὑπὲρ
2745 2969 2900 3040 ἡμῶν
2929 2974 3262 3040 γενομένων,
3297 2975 3387 3028 τοῦ
3420 2974 3624 3044 σταυροῦ
3663 2973 3734 3024 καὶ

2223 3056 2332 3109 τῶν
2368 3057 2545 3112 ἄλλων
2576 3053 2651 3113 ὧν
2686 3060 2826 3132 ὑπὲρ
2883 3063 3042 3133 ἡμῶν
3111 3067 3404 3135 ὑπέμεινεν
3430 3069 3455 3120 ὁ
3504 3065 3732 3138 Χριστός.»

2230 3150 2295 3202 Ὀ
2321 3148 2429 3216 γὰρ
2457 3149 2690 3204 ἐνταῦθα
2727 3152 2975 3222 βούλεται
3001 3156 3034 3225 ἡ
3068 3156 3171 3211 τοῦ
3201 3158 3431 3227 σταυροῦ
3465 3160 3643 3228 μνήμη,
3667 3154 3737 3206 καὶ

2223 3239 2332 3294 τῶν
2374 3241 2548 3296 ἄλλων
2579 3243 2686 3296 τῶν
2719 3245 2858 3313 μετὰ
2886 3245 2977 3299 τὸν
3011 3248 3275 3318 σταυρὸν,
3303 3251 3456 3303 τοῦτο
3480 3251 3631 3316 ἐκεῖὴ
3670 3243 3739 3298 τοῦ

2226 3332 2440 3401 Κυρίου
2494 3334 2816 3402 ἀνάμνησις,
2858 3338 2933 3390 Οὐ
2989 3339 3103 3410 γὰρ
3148 3341 3226 3401 ὡς
3273 3340 3738 3413 θαυματουργοὼτος

2224 3423 2320 3475 τοῦ
2374 3424 2646 3494 Σωτῆρος,
2679 3426 2793 3481 ἀλλ’
2823 3428 2895 3492 ὡς
2945 3435 3382 3504 σταυρουμένου,
3420 3436 3508 3488 xal
3553 3431 3742 3498 ἀποθνή-

2224 3530 2464 3580 σκοντος,
2488 3517 2786 3584 τηνικαῦτα
2815 3521 2843 3573 ὁ
2876 3523 3052 3591 ἱερεὺς
3091 3526 3386 3594 μέμνηται,
3411 3526 3482 3590 ὡς
3512 3525 3562 3577 ἐν
3587 3523 3738 3589 ἐκείνῳ

2221 3601 2302 3671 τῷ
2334 3603 2483 3676 τόπῳ
2514 3605 2600 3658 διὰ
2639 3606 2849 3662 πολλῶν
2900 3611 3224 3685 ἀπεδείχθη.
3259 3616 3362 3670 Καὶ
3400 3615 3548 3670 πάλιν
3598 3613 3744 3679 ὥσπερ

2222 3693 2312 3746 ἐπὶ
2334 3695 2433 3763 τῆς
2469 3695 2714 3766 πρώτης.
2757 3718 2775 3751 ι
2813 3701 2903 3763 El;
2926 3701 3090 3767 δόξαν
3118 3707 3222 3776 τῆς
3250 3707 3530 3774 Παναγίας,
3561 3707 3744 3767 elaps-

2223 3779 2409 3834 σϐείαν
2441 3783 2548 3835 τῶν
2575 3785 2798 3853 ἁγίων,ι
2829 3791 3010 3859 φησιν,
3043 3793 3195 3847 οὕτω
3245 3797 3340 3850 καὶ
3367 3796 3453 3848 ἐπὶ
3478 3799 3564 3865 τῆς
3601 3795 3746 3847 δευτέο

2222 3887 2362 3942 ραςο
2403 3872 2614 3942 ι’Υπὲρ
2663 3875 2773 3929 τῶν
2820 3879 2993 3946 ἁγίων
3036 3883 3321 3948 ἁπάντων,
3362 3885 3626 3954 ἐξαιρέτως
3668 3883 3743 3947 τῆς

2221 3962 2552 4031 Παναγίας.»
2585 3967 2796 4039 Ὥσπερ
2829 3970 2940 4041 γὰρ
2967 3972 3068 4043 τὴν
3106 3976 3386 4048 ὑπεροχὴν
3420 3977 3579 4046 αὐτῆς
3610 3972 3744 4036 ἔδειξε

2218 4053 2325 4108 τῶν
2354 4054 2528 4109 ἄλλων
2552 4059 2827 4129 προτιθεὶς
2859 4063 3139 4133 ἁπάντων,
3175 4069 3351 4132 οὕτως
3373 4067 3620 4130 ἐνταῦθα,
3647 4064 3745 4117 ἐπεὶ

2220 4150 2359 4213 μετά
2383 4165 2532 4211 τινας
2563 4150 2750 4214 ἄλλους
2776 4153 2945 4225 αὐτῆς
2971 4157 3378 4228 ἐμνημόνευσε,
3409 4161 3465 4214 τὸ
3484 4155 3746 4226 ἐξαιρέτως

2223 4235 2500 4303 προσθεὶς,
2525 4239 2621 4293 καὶ
2667 4239 2858 4314 ὥσπερ
2909 4246 3002 4299 ἐπὶ
3037 4247 3139 4319 τῆς
3201 4251 3444 4321 πρώτης,
3485 4250 3606 4322 μετὰ
3643 4249 3743 4307 τοὺς

545 4324 796 4376 virorum
843 4333 895 4376 et
935 4332 1306 4391 mortuorum,
1333 4327 1405 4380 ita
1437 4330 1601 4383 etiam
1637 4332 1689 4384 in
1724 4333 1984 4387 secunda.
2021 4334 2114 4390 Est

2221 4325 2431 4412 αγίους,
2463 4328 2569 4382 τῶν
2615 4331 2798 4395 ἐλέους
2847 4334 3121 4404 δεομένων
3171 4340 3464 4412 μέμνηται,
3511 4339 3597 4393 καὶ
3639 4336 3746 4403 ὑπὲρ

541 4421 732 4464 autent
764 4413 1066 4470 diﬁ‘ereutia
1098 4431 1113 4481 ;
1146 4417 1198 4470 in
1227 4421 1467 4476 secunla
1497 4423 1641 4477 enim
1672 4433 1858 4478 narrat
1885 4426 2114 4480 oblatio-

541 4519 712 4569 nem;
759 4506 892 4560 dicit
942 4509 1137 4564 enim:
1177 4529 1196 4562 ι
1236 4511 1526 4570 ΟίΪοι-ἰιηυε
1561 4515 1656 4569 tibi
1713 4517 1859 4572 hunc
1905 4519 2113 4575 cultum

542 4594 908 4664 rationalem;
948 4617 968 4650 ι
1026 4611 1080 4656 et
1125 4602 1286 4657 simul
1317 4607 1481 4659 etiam
1537 4609 1686 4676 ponit
1718 4624 1915 4664 causas
1961 4613 2114 4666 obla-

537 4687 735 4751 tionis,
766 4691 846 4744 vel
891 4692 1042 4761 prius
1093 4695 1304 4761 dicens,
1338 4697 1417 4751 vel
1451 4699 1788 4771 subjungens
1839 4705 2115 4759 memoria:

542 4781 860 4849 passionum
896 4783 1225 4862 Servatoris,
1254 4791 1571 4846 memoriam
1609 4803 1950 4850 sanctorum.

614 5043 677 5097 ἰη
708 5045 883 5113 prima
917 5058 1099 5102 autem
1153 5051 1309 5118 ponit.
1342 5053 1489 5109 solas
1520 5069 1717 5110 causas
1768 5057 2064 5116 oblationis
2094 5077 2109 5115 :

537 5151 566 5185 ‹
607 5135 662 5189 In
691 5138 1008 5192 memoriam
1041 5140 1278 5202 Domini.
1311 5144 1363 5196 in
1389 5145 1620 5213 gloriam
1651 5145 2051 5216 Sanctissimae,
2087 5169 2106 5204 ι

533 5238 595 5280 et
631 5243 751 5292 qua:
797 5241 1116 5298 sequuntur.
1150 5232 1424 5303 luquibus
1451 5240 1696 5294 meminit
1718 5249 1978 5296 eteorum
2014 5258 2113 5311 pro

541 5315 745 5381 quibus
773 5319 884 5387 agit
914 5323 1137 5388 gratias,
1165 5334 1218 5377 et
1252 5341 1440 5399 eorum
1467 5344 1565 5398 pro
1585 5331 1782 5400 quibus
1821 5335 2108 5403 supplicat.

529 5409 670 5472 Quae
685 5420 906 5478 estergo
932 5414 1090 5479 ratio,
1107 5415 1248 5484 quod
1266 5419 1315 5471 in
1331 5419 1432 5472 hoc
1447 5420 1664 5488 quidem
1688 5423 1827 5478 facto
1842 5440 1900 5479 se
1917 5426 2113 5482 offerre

538 5500 820 5552 ostendit?
848 5500 918 5555 lle
940 5518 1079 5571 pane
1101 5506 1243 5559 enim
1275 5508 1590 5575 detrahens,
1615 5511 1667 5564 id
1703 5513 1810 5565 Deo
1840 5512 2034 5578 oﬁ'ert;
2059 5523 2112 5568 ct

531 5587 658 5642 ilco
687 5608 792 5645 non
823 5608 961 5662 opus
982 5592 1084 5648 fuit
1117 5597 1294 5652 verbis
1337 5602 1586 5667 quaedam:
1619 5603 1986 5672 signiﬁcarent
2013 5624 2026 5671 ;
2057 5605 2107 5659 iu

2218 4409 2292 4470 ὧν
2325 4418 2572 4485 ἱκετεύει,
2607 4423 2700 4476 καὶ
2723 4424 2960 4491 ζώντων,
2991 4430 3087 4481 καὶ
3114 4433 3485 4500 τεθνηκότων·
3515 4432 3639 4485 οὕτω
3672 4428 3745 4480 καὶ

2217 4511 2310 4564 ἐπὶ
2332 4513 2432 4578 τῆς
2459 4514 2743 4584 δευτέρας.
2784 4520 2941 4589 Ἔχει
2969 4522 3026 4575 δὲ
3051 4524 3348 4597 διαφοράν.
3395 4528 3510 4580 Ἐπὶ
3539 4527 3624 4596 μὲν
3664 4521 3746 4588 γὰρ

2215 4606 2313 4674 τῆς
2337 4605 2623 4676 δευτέρας,
2661 4611 2754 4663 καὶ
2785 4610 3054 4682 διηγεῖται
3084 4609 3190 4687 τῆν
3229 4619 3613 4689 προσαγωγὴν·
3639 4614 3747 4682 φησι

2216 4697 2343 4766 γὰρ,
2385 4715 2402 4748 t
2435 4699 2790 4770 Προσάγομέν
2831 4720 2914 4757 σοι
2942 4704 3040 4775 τὴν
3061 4707 3294 4781 λογικὴν
3347 4709 3544 4779 ταύτην
3571 4703 3748 4774 λατρεί-

2216 4804 2282 4841 αν
2301 4803 2312 4816 ’
2331 4807 2349 4840 ι
2390 4789 2508 4858 μεθ’
2536 4784 2610 4844 ὧν
2640 4793 2821 4862 τίθησι
2851 4796 2950 4860 τὰς
2982 4799 3246 4871 ἀφορμὰς
3277 4804 3372 4871 τῆς
3403 4796 3742 4871 προσαγωγῆἕ.

2216 4879 2250 4949 ἦ
2287 4882 2414 4952 προ)
2428 4882 2586 4950 ἐγων,
2615 4884 2648 4954 ἢ
2678 4886 2947 4955 ἐπιλέγων
2973 4891 3072 4960 τὴν
3111 4895 3340 4964 μνήμην
3362 4896 3467 4948 τῶν
3495 4891 3579 4947 τοῦ
3600 4889 3749 4955 Σωτῖτ

2218 4988 2310 5042 ρος
2333 4972 2535 5039 παθῶν,
2557 4975 2656 5046 τὴν
2680 4979 2901 5050 μνήμην
2936 4984 3042 5036 τῶν
3078 4986 3279 5052 ἁγίων.

2301 5063 2424 5117 Ἐπὶ
2457 5067 2512 5118 δὲ
2539 5070 2636 5138 τῆς
2667 5069 2890 5142 πρώτης
2945 5076 3114 5144 μόνας
3169 5078 3354 5147 τίθησι
3393 5079 3486 5141 τὰς
3533 5070 3749 5144 ἀφορμὰς

2215 5153 2313 5222 τῆς
2362 5164 2754 5231 προσαγωγῆς,
2781 5163 2985 5233 λέγων’
3023 5169 3152 5232 «Εἰς
3185 5171 3492 5241 ἀνάμνησιν
3515 5169 3602 5223 τοῦ
3652 5167 3748 5218 Ku-

2219 5247 2357 5312 ρίου,
2406 5249 2486 5311 είς
2537 5250 2694 5314 δόξαν
2739 5254 2840 5321 τῆς
2881 5257 3231 5326 Παναγίαςό
3269 5263 3363 5315 καὶ
3389 5262 3454 5314 τὰ
3496 5261 3639 5329 ἑξῆς,
3678 5255 3749 5306 Ἐν

2213 5331 2291 5399 οἷς
2325 5338 2596 5408 μέμνηται
2625 5344 2719 5395 καὶ
2747 5344 2886 5415 ὑπὲρ
2922 5341 2997 5400 ὧν
3035 5349 3373 5421 εὐχαριστεῖ,
3399 5352 3503 5404 Καὶ
3549 5348 3670 5415 ὑπὲρ
3691 5337 3750 5396 ὧν

2217 5428 2470 5483 ἱκετεύει.
2501 5431 2595 5492 Τίς
2624 5431 2713 5484 οὖν
2745 5437 2771 5487 ὀ
2796 5435 2950 5503 λόγος
2981 5438 3056 5491 ὅτι
3088 5441 3148 5491 ἐν
3185 5426 3362 5510 ταύτῇ
3391 5441 3488 5509 μὲν
3513 5440 3643 5509 ἔργῳ
3661 5430 3752 5486 δεί·

2215 5535 2401 5572 κνυσιν
2429 5521 2508 5572 ὅτι
2545 5525 2874 5595 προσφέρεις
2908 5527 2997 5580 καὶ
3032 5527 3144 5597 γὰρ
3193 5529 3446 5598 ἀφαιρῶν
3485 5526 3571 5579 τοῦ
3613 5524 3751 5592 ἄρτου

2217 5609 2501 5681 ἀνατίθησι
2553 5613 2628 5681 τῷ
2659 5614 2796 5684 Θ-ᾦ,
2835 5617 2937 5669 Καὶ
2961 5617 3044 5670 διὰ
3098 5618 3262 5672 τοῦτο
3307 5620 3403 5673 οὐκ
3453 5614 3632 5687 ἐδεήθη
3667 5610 3756 5665 τῶν
