3992 6202
313 281 425 338 485

1513 274 1914 335 ιιτυΒουΕ
1960 275 2392 337 ΕΧΡΟΞΙΤΙΟ.

3455 287 3566 355 486

309 393 616 463 δηλούντων
651 391 944 461 ῥημάτων·
973 392 1068 445 ἐπὶ
1097 391 1272 460 eam;
1315 391 1575 460 δευτέρας
1608 410 1874 461 προσαγω

2004 395 2239 447 secunda
2279 403 2458 448 autem
2488 394 2763 451 oblatione
2795 398 2930 454 nihil
2964 400 3143 456 facere
3174 403 3439 469 cernitur,
3471 412 3568 464 sed

312 486 412 552 γῆς
437 483 587 537 οὐδὲν
618 483 870 552 φαίνεται
895 486 1068 536 ποιεῖν
1089 497 1102 511 ⁸
1132 482 1268 535 ἀλλὰ
1292 485 1502 550 γίνετλι
1535 484 1634 552 μὲν
1664 486 1694 554 ἠ
1721 502 1890 554 προσ·

310 575 474 643 φορὰ,
507 573 716 641 γίνεται
735 573 790 626 δὲ
823 573 1088 643 ἀοράτως.
1117 573 1226 643 Τὴν
1264 573 1375 643 γὰρ
1423 574 1615 627 θυσίαν
1668 575 1889 643 ἀφανῶς

311 667 535 735 ήχάρις
567 665 863 733 ἐργάζεται
914 666 1002 718 διὰ
1034 667 1143 717 τῶν
1197 665 1528 718 τελεστικῶν
1579 666 1751 736 εὐχῶν
1795 666 1888 718 τοῦ

311 758 521 825 ἱερέως.
553 755 763 808 Οὐκοῦν
806 755 915 809 ἔδει
967 755 1140 823 λόγων
1201 756 1312 810 τῶν
1359 757 1738 826 κηρυττόντων
1790 757 1890 826 τὴν

313 847 389 917 μὴ
419 850 753 918 φαινομένην
779 850 1171 918 προσαγωγὴν.

898 964 1155 1017 ΚΕΦΑΛ.
1175 963 1304 1015 Νεν.

308 1031 415 1084 Διά
462 1032 520 1085 τί
563 1034 824 1104 ,λογικὴν
866 1035 1230 1157 λατρεὲιῖψό
1277 1032 1470 1100 ίερεὺς
1513 1033 1628 1100 τὴν
1665 1032 1888 1086 θυσίαν

1002 1120 1037 1154 κ
1121 1119 1190 1156 ει.

379 1195 585 1249 Τούτου
619 1195 780 1265 χάριν
816 1197 910 1248 καὶ
945 1195 1171 1264 λογικὴν
1206 1193 1460 1264 λατρείαν
1492 1193 1660 1264 αὐτὴν
1692 1193 1882 1259 καλεῖ,

305 1285 388 1337 ὅτι
431 1285 584 1338 οὐδὲν
618 1287 776 1354 ἔργον
818 1287 1048 1352 εἰσάγει,
1095 1285 1276 1354 μόνοις
1315 1285 1369 1336 δὲ
1402 1287 1516 1346 τοῖς
1550 1285 1883 1346 τελεστικοῖς

308 1378 522 1446 ῥήμασι
550 1375 832 1447 χρώμενος
859 1378 956 1444 τὴν
987 1376 1310 1446 προσφορὰν
1332 1374 1536 1444 ταύτην
1560 1375 1881 1445 προσφέρει.

318 1468 384 1522 Ἥ
419 1470 638 1539 μὲνγὰρ
662 1468 852 1539 πρώτη
879 1469 1212 1538 προσαγωγή
1239 1467 1398 1536 ἔργον
1447 1467 1591 1519 ἐστὶν
1610 1464 1883 1536 ἀνθρώπῳ

304 1560 566 1612 δυνατόν’
603 1559 696 1611 καὶ
724 1560 812 1612 διὰ
842 1559 998 1610 τοῦτο
1025 1558 1128 1611 ὑπὸ
1151 1557 1242 1610 τοῦ
1278 1557 1466 1626 ἱερέως
1498 1555 1875 1626 πραττομένη.

306 1651 589 1722 πρακτικὴ
621 1651 688 1706 ἂν
718 1650 803 1719 εἴη
836 1650 1059 1722 λατρεία
1087 1667 1100 1680 ·
1131 1651 1229 1720 τὴν
1265 1650 1321 1702 δὲ
1348 1649 1610 1720 δευτέραν
1629 1688 1644 1715 ,
1674 1649 1772 1718 τὴν
1803 1649 1885 1711 είς

2001 486 2059 538 lit
2075 487 2292 554 quidem
2313 489 2538 555 oblatio,
2555 490 2614 543 ﬁt
2634 498 2812 544 autem
2838 492 3396 551 invisibiliter.Gratia
3421 503 3566 554 ettim

2002 577 2336 630 sacriﬁcium
2399 579 2634 634 latenter
2688 595 2948 649 operatur
2999 600 3094 653 per
3145 592 3570 646 sacramentalos

2001 667 2277 724 Orationes
2323 671 2648 725 sacerdotis.
2689 672 2838 741 Opus
2877 691 3005 743 ergo
3051 675 3151 731 fuit
3197 682 3399 744 verbis,
3451 698 3573 751 qua:

1994 759 2354 828 prtedicarent
2379 775 2522 826 eam,
2561 779 2682 832 quae.
2721 780 2830 819 non
2859 769 3174 835 apparebat,
3211 771 3566 828 oblationem.

2646 960 2798 1015 CAP.
2832 962 2915 1018 LI.

1996 1048 2105 1102 Cur
2146 1053 2391 1105 sacerdos
2421 1063 2566 1106 voca!
2605 1053 2925 1122 sacriﬁcium
2964 1058 3163 1111 cultum
3222 1065 3564 1120 rationalem.

2068 1208 2138 1262 Ea
2176 1209 2243 1262 de
2273 1224 2440 1262 causa
2472 1224 2596 1262 eum
2621 1209 2786 1263 etiam
2821 1220 2974 1265 vocat
3003 1215 3209 1269 cultum
3244 1220 3563 1277 rationalem

1995 1309 2091 1351 aut
2142 1299 2438 1361 rerbalem,
2484 1301 2629 1368 quod
2685 1301 2896 1355 nullum
2944 1303 3156 1360 inducit
3204 1306 3430 1376 factum,
3471 1315 3566 1368 sed

1993 1389 2125 1442 Solis
2174 1398 2336 1445 utens
2401 1391 2579 1445 verbis
2641 1395 3154 1462 sacramentaiibus,
3214 1399 3354 1453 hanc
3407 1401 3566 1456 oﬁ'ert

1993 1480 2352 1566 oblationem.
2391 1479 2571 1536 Prima
2607 1483 2750 1538 enim
2793 1485 2995 1541 oblatio
3037 1497 3120 1542 est
3159 1489 3362 1544 factum
3417 1494 3559 1561 quod

1993 1571 2108 1624 ﬁeri
2142 1580 2324 1642 potest
2352 1572 2421 1626 ab
2453 1573 2696 1638 homine,
2721 1585 2773 1630 et
2811 1576 2934 1632 ideo
2969 1593 3095 1633 cum
3131 1580 3224 1634 ﬁat
3271 1583 3339 1636 ab
3389 1583 3566 1639 homi-

1991 1677 2083 1728 ne,
2120 1664 2332 1719 activus
2363 1663 2543 1719 cultus
2576 1665 2762 1722 fuerit.
2802 1667 3055 1723 Secunda
3097 1680 3302 1740 autem,
3334 1679 3564 1734 mutatio

303 1747 367 1800 τδ
393 1747 534 1799 θεῖον
561 1747 723 1816 σῶμα
757 1747 852 1800 καὶ
881 1743 1022 1816 αἷμά
1052 1745 1356 1816 μεταϐολὴν
1388 1745 1496 1798 τῶν
1523 1743 1732 1814 δώρων,
1763 1743 1874 1813 ἥτις

1989 1755 2260 1808 donorum
2313 1755 2365 1808 in
2413 1755 2658 1811 divinum
2709 1775 2910 1829 corpus
2959 1771 3012 1817 et
3044 1767 3391 1833 sanguinem,
3440 1785 3565 1840 qua:

302 1839 455 1891 ἐστὶν
483 1841 515 1907 ἠ
547 1837 732 1903 θυσία,
755 1839 894 1907 ὑπὲρ
922 1837 1213 1903 ἀνθρώπου
1243 1838 1474 1908 δύναμιν
1502 1836 1689 1901 οὖσαν,
1715 1834 1882 1902 ὲργάο

303 1929 458 1990 {stat
481 1929 581 1997 μὲν
602 1931 635 1998 ὴ
670 1930 827 1998 χάρις
851 1943 864 1958 ·
897 1927 1116 1998 εὔχεται
1140 1928 1197 1981 δὲ
1231 1929 1390 1998 μόνον
1420 1929 1448 1980 ὀ
1488 1925 1690 1996 ἱερεύς.
1716 1925 1882 1978 Ὅθεν

303 2023 352 2073 εἰ
382 2023 478 2074 καὶ
510 2022 670 2091 ἔργον
697 2020 815 2074 ἐστὶ
844 2022 937 2073 καὶ
971 2021 1204 2090 πρᾶγμα
1235 2018 1451 2089 ἀληθῶς
1480 2020 1512 2090 ή
1554 2017 1736 2080 θυσία,
1765 2013 1882 2068 ἀλλ’

302 2114 469 2176 αὐτὸς
496 2113 648 2166 οὐδὲν
679 2117 755 2176 εἰς
787 2113 958 2184 αὐτὴν
993 2112 1384 2183 ἐργαζόμενος.
1415 2112 1551 2167 ἀλλὰ
1575 2111 1750 2178 λέγων
1785 2108 1879 2178 μό-

300 2223 411 2268 νον,
443 2206 668 2267 είκότως
694 2206 753 2257 ού
785 2204 1206 2275 πραγματικῶς,
1223 2205 1357 2257 ἀλλᾶ
1378 2202 1604 2273 λογικὴν
1621 2199 1881 2270 λατρείαν

301 2300 606 2370 προσάγειν
632 2299 790 2368 φησί.

874 2393 1132 2447 KE'I'AA.
1167 2391 1292 2444 NB’.

371 2494 478 2544 Διὰ
507 2491 564 2543 τί
595 2487 946 2555 εὐχαριστία
975 2485 1165 2552 μόνον
1195 2480 1466 2535 καλεῖται
1500 2481 1537 2547 ἡ
1571 2478 1805 2548 τελετή.

376 2586 615 2638 Κάκεῖνο
640 2581 697 2633 δὲ
741 2580 1023 2648 ζητήσεως
1069 2576 1240 2641 ἀξιον.
1299 2573 1451 2625 Ἐπεὶ
1493 2571 1602 2639 γάρ
1650 2572 1745 2625 καὶ
1779 2587 1878 2639 χα-

304 2680 592 2750 ριστήριός
623 2677 772 2727 ἐστιν
805 2673 838 2742 ὴ
865 2668 1080 2736 τελετὴ,
1111 2669 1207 2720 καὶ
1239 2667 1458 2728 ἱκέσιος,
1487 2665 1573 2718 διά
1603 2664 1655 2716 τί
1687 2663 1762 2734 μὴ
1784 2663 1879 2716 καὶ

299 2771 613 2839 ἀμφότερα,
635 2765 747 2821 ἀλλ’
769 2760 1102 2832 Εὑχαριστία
1131 2758 1378 2813 καλεῖται
1412 2758 1568 2826 μόνον
1586 2773 1600 2818 ;
1621 2755 1754 2808 Ἀπὸ
1783 2752 1877 2806 τοῦ

299 2863 574 2922 πλείονος.
615 2855 835 2919 Πλείους
864 2854 975 2923 γὰρ
1014 2856 1068 2907 αἱ
1102 2851 1345 2921 ἀφορμαὶ
1373 2851 1470 2918 τῆς
1499 2845 1876 2917 εὐχαριστίας,

297 2956 334 3025 ἢ
376 2957 476 3024 τῆς
522 2952 763 3012 ἱκεσίας·
798 2949 969 3002 πλείω
1011 2946 1122 3016 γάρ
1155 2944 1442 3014 ἐλάϐομεν,
1474 2943 1506 3011 ἢ
1542 2935 1615 2994 ὧν
1647 2940 1727 2991 ἔτι
1765 2937 1878 2990 δεό-

299 3047 471 3117 μεθα.
517 3046 596 3098 Τά
647 3042 746 3113 μὲν
780 3041 887 3111 γὰρ
929 3039 1114 3111 μέρος,
1155 3038 1335 3090 ἐκεῖνα
1372 3035 1427 3088 δὲ
1464 3035 1601 3088 ὃλςν.
1652 3033 1719 3084 Ἃ
1767 3032 1875 3099 γὰρ

297 3139 622 3207 ἱκετεύομεν
655 3135 862 3195 λαϐεῖν,
910 3135 1074 3202 μέρος
1105 3131 1246 3185 εἰσὶν
1280 3125 1354 3184 ὧν
1387 3127 1671 3194 ἐλάϐομεν.
1717 3123 1875 3176 Ἐλά-

296 3233 471 3300 σομεν
517 3230 625 3299 γὰρ
675 3227 916 3289 ἅπαντα,
960 3225 1086 3291 τόγε
1133 3224 1210 3285 είς
1255 3222 1346 3275 τὸν
1395 3220 1527 3272 θεὸν
1571 3213 1726 3288 ἧκον,
1779 3214 1875 3268 καὶ

292 3323 453 3378 οὐδὲν
495 3323 745 3392 παρῆκεν
769 3320 798 3373 ὃ
840 3320 914 3390 μὴ
942 3317 1174 3371 δέδωκεν
1199 3333 1212 3346 ο
1245 3314 1379 3367 ἀλλὰ
1422 3314 1528 3365 τῶν
1561 3312 1661 3380 μὲν
1691 3309 1874 3377 τυχεῖν

292 3417 453 3469 timui
494 3413 686 3484 καιρὸν
715 3413 928 3481 ἔχομεν,
975 3407 1166 3476 ὥσπερ
1209 3408 1241 3476 ή
1287 3405 1560 3474 ἀφθαρσία
1601 3403 1710 3456 τῶν
1767 3421 1876 3457 σωο

298 3508 512 3578 μάτων,
545 3505 695 3574 καὶὴ
729 3501 1016 3562 ἀθανασία,
1049 3500 1144 3552 καὶ
1171 3499 1204 3570 ἠ
1229 3500 1285 3551 ὲν
1315 3499 1562 3566 οὐρανοῖς
1592 3497 1871 3566 βασιλεία·

289 3599 364 3651 τὰ
397 3598 456 3650 δὲ
483 3596 737 3654 λαϐόντες
771 3592 830 3646 οὑ
864 3591 1219 3660 κατέσχομεν,
1255 3588 1442 3656 ὥσπερ
1469 3589 1501 3657 ἠ
1529 3586 1720 3654 ἄφεσις
1761 3588 1872 3639 τῶν

293 3687 584 3760 ἁμαρτιῶν
603 3727 618 3750 ,
651 3684 746 3738 καὶ
781 3684 850 3736 τὰ
878 3683 1014 3737 ἄλλα
1040 3683 1109 3735 τά
1139 3681 1224 3733 διὰ
1252 3681 1360 3732 τῶν
1395 3679 1708 3748 μυστηρίων
1739 3681 1872 3750 ημῖν

290 3763 683 3851 χορηγούμενα
731 3775 912 3844 δῶρα·
956 3774 1026 3826 τὰ
1057 3773 1114 3826 δὲ
1139 3770 1510 3840 ἀπεϐάλομεν,
1549 3773 1633 3824 ὅτι
1682 3771 1873 3834 κακῶς

290 3869 677 3942 ἐχρησάμεθα,
715 3867 800 3921 ἵνα
837 3865 912 3937 μὴ
946 3862 1234 3932 γενώμεθα
1263 3863 1500 3933 χείρους,
1534 3862 1720 3928 ὥσπερ
1751 3862 1874 3914 ἄνε-

291 3981 402 4025 σιν,
447 3964 537 4014 καὶ
579 3960 784 4026 ὑγείαν,
833 3954 1211 4026 καὶῃιλοὺτον,
1251 3953 1298 4005 οἱ
1342 3952 1557 4022 τρυφῆς
1595 3952 1728 4019 ὕλην
1777 3950 1874 4003 καὶ

290 4053 568 4123 πονηρίας
599 4050 958 4121 ποιησάμενοι
986 4046 1192 4100 ταῦτα’
1225 4044 1256 4114 ἢ
1292 4045 1382 4097 ἐπὶ
1407 4033 1602 4112 ’κέρδει
1643 4042 1869 4110 μείζονι.

289 4149 486 4214 ὥσπερ
515 4146 544 4197 ὁ
580 4141 720 4207 Ἰὼϐ,
753 4141 863 4193 τῶν
892 4138 1112 4206 ἀγαθῶν
1143 4131 1596 4204 ἀποστερούμεθα
1629 4133 1735 4184 τῶν
1768 4149 1872 4184 παο

292 4241 520 4309 ρῦντων.
566 4234 727 4288 Ὅθεν
761 4231 918 4301 δῆλον
965 4229 1040 4292 ὡς
1071 4228 1279 4289 ἱκεσίας
1329 4227 1426 4298 μὲν
1473 4226 1664 4278 οὐδένα
1707 4226 1872 4277 τόπον

286 4331 511 4400 ἀφῆκεν
536 4330 563 4382 ὁ
595 4327 746 4389 Θεὸς,
774 4322 1125 4394 εὐχαριστίας
1152 4321 1208 4374 δὲ
1245 4321 1425 4374 πᾶσαν
1452 4320 1712 4387 ἀφορμὴν
1743 4317 1874 4368 ἔδω-

286 4441 391 4477 κεν
410 4439 426 4453 ⁸
459 4421 619 4492 ἡμεῖς
649 4419 705 4472 δὲ
731 4418 828 4488 τὴν
853 4415 1062 4468 ἔνδειαν
1093 4414 1222 4484 ἡμῖν
1256 4411 1437 4472 αὐτοῖς
1467 4410 1570 4463 ὑπὸ
1596 4408 1867 4478 ῥᾳθυμίας
1898 4437 1943 4496 D

287 4512 801 4574 κατασκευάζοντες
829 4509 926 4577 τῆς
964 4505 1173 4566 ἱκεσίας
1204 4503 1455 4570 δεόμεθα.
1493 4501 1720 4570 Ἱόωμεν
1755 4500 1864 4569 γὰρ

287 4608 424 4676 περὶ
468 4605 629 4658 τίνων
682 4599 1018 4670 ἱκετεύομεν.
1076 4599 1208 4664 Περὶ
1246 4595 1494 4665 ἀφέσεως
1543 4594 1864 4663 ἀμαρτιῶν;

298 4699 466 4755 Ἀλλά
495 4696 699 4764 ταύτην
734 4691 994 4759 πλουσίαν
1019 4689 1306 4756 ἐλάϐομεν,
1339 4686 1430 4740 καὶ
1463 4686 1631 4756 μηδὲν
1663 4687 1868 4752 ἀγωνι-

287 4796 521 4858 σάμενοι
555 4788 641 4842 διά
685 4785 778 4839 τοῦ
826 4783 982 4851 ἁγίου
1026 4779 1420 4850 βαπτίσματος.
1463 4777 1527 4830 Τί
1567 4775 1658 4830 οὖν
1703 4774 1866 4827 πάλιν

287 4884 468 4952 αὐτὴν
520 4877 819 4947 αἱτοῦμενς
863 4875 945 4927 ὃτι
998 4871 1160 4925 πάλιν
1220 4868 1512 4923 ὑπεύθυνοι
1562 4863 1868 4935 γεγόναμῖεν

287 4975 616 5047 ἁμαρτίαις.
673 4969 834 5024 Ἀλλὰ
887 4968 939 5020 τί
981 4967 1042 5019 τὸ
1092 4966 1263 5018 αἴτιον
1317 4965 1448 5030 ἡμῖν
1489 4963 1587 5032 τῆς
1633 4961 1866 5029 εὐθύνης

285 5068 498 5136 ταύτης
523 5084 536 5130 ;
567 5066 728 5136 ἡμεῖς
753 5059 928 5114 αὐτοί.
960 5056 1169 5112 Οὐκοῦν
1187 5055 1280 5108 καὶ
1309 5053 1406 5122 τῆς
1437 5054 1641 5112 ἱκεσίας
1665 5054 1826 5121 ἡμεῖς
1847 5067 1864 5082 ο

287 5163 370 5212 ἔτι
401 5132 533 5226 περὶ
559 5132 658 5224 ﬁt;
682 5151 979 5224 βασιλείας,
1013 5151 1101 5202 ἵνα
1129 5149 1629 5218 κληρονομήσωμεν
1660 5146 1825 5213 αὐτῆς
1848 5183 1864 5209 ,

287 5245 641 5311 ἱκετεύομενς
671 5241 764 5294 καὶ
808 5240 915 5308 μὴν
953 5238 1165 5290 δέδοται
1206 5237 1338 5306 ἡμῖν
1375 5236 1512 5304 αὕτη
1545 5237 1577 5302 ἡ
1611 5234 1867 5302 κληρονο-

290 5337 418 5405 μία.
458 5335 563 5387 Καὶ
598 5334 703 5404 γὰρ
738 5334 904 5384 τέκνα
936 5330 1072 5384 Θεοῦ
1109 5331 1415 5398 γεγόναμεν
1447 5327 1610 5381 αὑτοῦ
1643 5325 1734 5378 τοῦ
1768 5341 1863 5377 πε-

291 5424 610 5494 ρικειμένου
637 5422 732 5494 τὴν
755 5421 1050 5489 βασιλείαν.
1074 5422 1170 5484 Τίς
1197 5421 1305 5490 γὰρ
1333 5420 1686 5489 κληρονόμος,
1718 5418 1765 5468 εί
1790 5415 1864 5486 μὴ

287 5520 350 5570 τό
383 5518 574 5572 τέκνον
597 5536 612 5583 ;
646 5517 708 5570 Τί
737 5517 790 5569 δὲ
817 5515 925 5568 τῶν
947 5513 1214 5584 πατρῴων
1242 5512 1525 5581 διαφεύγει
1553 5511 1640 5564 τὸν
1671 5511 1867 5579 κληρο-

291 5609 498 5678 νόμον;
551 5609 740 5662 Οὐδέν.
790 5607 914 5669 Πῶς
961 5605 1054 5659 οὖν
1101 5606 1362 5673 αἰτοῦμεν
1419 5604 1478 5656 τὸ
1533 5603 1630 5671 ἤδη
1679 5601 1860 5664 δοθένς

305 5699 586 5771 Ἀλλότρια
626 5699 722 5768 τῆς
771 5697 1041 5759 υἱοθεσίας
1079 5697 1482 5767 ἐτολμήσαμεν,
1523 5694 1660 5767 μετὰ
1701 5692 1758 5744 τὸ
1804 5693 1864 5743 ὲκ

1986 1856 2069 1902 est
2127 1847 2486 1913 sacriﬁcium,
2539 1864 2664 1902 cum
2722 1852 2794 1905 sit
2848 1867 3010 1922 supra
3065 1857 3208 1912 vires
3260 1864 3561 1925 humanas;

1985 1946 2249 2004 operatur
2289 1936 2434 1992 enim
2472 1938 2669 2007 gratia,
2699 1949 2819 1994 orat
2861 1955 3041 1996 autem
3073 1945 3250 1999 solum
3280 1951 3561 2004 sacerdos.

1990 2027 2142 2083 Unde
2173 2031 2274 2085 elsi
2309 2045 2498 2087 revera
2549 2046 2687 2099 opus
2734 2042 2819 2086 est
2851 2044 2902 2086 et
2944 2034 3145 2089 factum
3206 2039 3560 2106 sacriﬁcium,

1983 2124 2075 2177 sed
2111 2132 2290 2177 tamen
2330 2126 2457 2193 quia
2503 2125 2621 2194 ipse
2659 2127 2793 2179 nihil
2825 2128 2958 2195 agit,
3005 2128 3101 2182 sed
3150 2138 3362 2184 tantum
3406 2132 3558 2195 dicit.

1985 2214 2179 2269 merito
2213 2231 2318 2270 non
2364 2218 2626 2279 activum,
2660 2218 2754 2271 sed
2789 2221 3113 2274 rationalem
3158 2231 3250 2275 aut
3286 2222 3557 2276 Verbalcm

1983 2300 2191 2353 Cultum
2225 2316 2284 2357 so
2313 2303 2509 2357 otierre
2531 2305 2681 2358 tIIt'II.

2615 2396 2766 2450 CAP.
2814 2397 2921 2450 LII.

2080 2482 2261 2546 Quare
2295 2483 2637 2539 Eucharislia
2666 2486 2840 2540 solum
2871 2497 3089 2540 vocatur
3127 2492 3452 2558 mysterium.

2054 2573 2188 2629 Illud
2228 2591 2446 2645 quoque
2479 2586 2564 2632 est
2615 2592 2794 2646 operte
2836 2579 3072 2646 pretium
3112 2595 3375 2646 quaarcrc.
3405 2583 3557 2650 Quo-

1980 2680 2130 2718 niam
2160 2667 2308 2720 enim
2334 2682 2553 2721 sacrum
2585 2668 2904 2739 mysterium
2927 2669 2982 2722 in
3005 2670 3303 2737 gratiarum
3337 2673 3555 2728 actione

1979 2764 2036 2811 et
2078 2758 2480 2826 supplicatione
2529 2771 2812 2824 versatur,
2851 2777 2949 2815 cur
2982 2778 3090 2816 non
3132 2765 3294 2816 etiam
3337 2745 3552 2820 uti-um-

1979 2860 2106 2914 que,
2155 2846 2252 2901 sed
2305 2846 2675 2919 Eucharistia,
2737 2851 2842 2905 hoc
2899 2860 2985 2906 est
3033 2855 3331 2923 gratiarum
3384 2858 3549 2920 actio,

1979 2947 2190 2994 tantum
2225 2941 2462 2996 dicitur?
2505 2943 2588 2996 Ab
2629 2959 2692 2998 eo
2743 2944 2888 3013 quod
2937 2953 3020 3001 est
3065 2947 3322 3015 amplius.
3365 2946 3554 3001 Plures

1977 3034 2122 3089 enim
2155 3045 2284 3092 sunt
2314 3050 2494 3091 cauete
2523 3037 2826 3105 gratiarum
2859 3039 3093 3094 actionis
3137 3055 3299 3108 quam
3343 3041 3554 3109 suppli-

1979 3129 2244 3194 cationis;
2302 3132 2455 3199 plura
2501 3129 2649 3208 enim
2709 3130 3047 3198 accepimus,
3097 3146 3261 3201 quant
3308 3149 3372 3186 ea
3421 3143 3552 3187 sunt

1981 3223 2183 3291 quibus
2212 3222 2390 3276 adhuc
2423 3236 2564 3290 opus
2603 3221 2893 3275 habemus.
2927 3219 3051 3275 Hice
3089 3222 3234 3276 enim
3267 3237 3415 3292 pars,
3457 3223 3548 3277 illa

1981 3326 2109 3365 vera
2139 3320 2332 3368 totum.
2363 3310 2491 3378 Quae
2517 3311 2662 3366 enim
2689 3325 2948 3380 ragamus
2970 3311 3239 3379 accipere,
3266 3327 3390 3380 pars
3422 3322 3552 3368 sunt

1982 3417 2170 3457 eorum
2215 3418 2336 3472 qua:
2393 3404 2728 3470 accepimus.
2775 3402 2971 3457 Omnia
3021 3404 3168 3458 enim
3216 3406 3549 3471 accepimus,

1977 3497 2122 3562 quod
2158 3501 2225 3548 ad
2275 3492 2445 3548 Deum
2494 3495 2710 3560 attinet,
2742 3506 2796 3548 et
2842 3495 2978 3548 nihil
3013 3497 3363 3564 praetermisit
3401 3499 3550 3563 quod

1977 3597 2086 3636 non
2132 3584 2360 3648 dederit,
2400 3585 2493 3640 sed
2529 3585 2642 3639 lucc
2672 3585 2888 3653 quidem
2933 3587 3258 3655 assequendi
3306 3591 3548 3642 nondum

1976 3683 2190 3744 tempus
2235 3676 2523 3741 habemus,
2568 3677 2714 3731 sicut
2755 3686 2836 3732 est
2880 3692 3174 3744 corporum
3217 3679 3552 3748 incorrupti-

1975 3767 2158 3823 bilitas
2210 3776 2263 3821 et
2315 3767 2705 3822 immortalitas
2751 3779 2807 3822 et
2856 3783 3083 3836 regnum
3129 3768 3183 3820 in
3227 3769 3423 3830 cmlis;
3459 3770 3546 3822 illa

1975 3875 2104 3914 vero
2152 3871 2374 3929 accepta
2427 3874 2536 3914 non
2584 3861 2910 3923 retinemus,
2961 3860 3107 3914 sicut
3155 3867 3239 3912 est
3295 3859 3549 3913 remissio

1975 3958 2328 4019 peccatorum
2361 3960 2419 4004 et
2453 3950 2561 4004 alia
2601 3951 2767 4014 dona,
2802 3957 2923 4018 qua».
2950 3965 3045 4018 per
3071 3958 3417 4004 sacramenta
3453 3967 3550 4005 no-

1974 4041 2058 4096 bis
2109 4041 2562 4110 suppeditantur;
2609 4043 2714 4094 alia
2768 4050 2948 4118 autem
3004 4040 3366 4110 perdidimus,
3417 4043 3548 4111 quia

1973 4133 2115 4188 male
2169 4131 2252 4187 usi
2309 4147 2521 4197 Sllmlls,
2571 4145 2638 4185 ne
2697 4132 2991 4185 reddamur
3037 4131 3360 4195 deteriores,
3404 4134 3547 4188 sicut

1974 4225 2408 4281 consolationem
2437 4232 2493 4278 et
2517 4223 2806 4277 sanitatem
2835 4231 2889 4276 et
2921 4223 3161 4286 divitias,
3193 4222 3398 4292 quibus
3429 4231 3551 4278 tan-

1973 4335 2133 4390 quam
2160 4319 2481 4372 deliciarum
2523 4325 2576 4374 et
2605 4315 2860 4384 nequitiae
2899 4315 3278 4369 instrumentis
3304 4316 3410 4378 usi,
3439 4329 3546 4368 non

1974 4413 2041 4465 ad
2091 4412 2300 4465 lucrum
2341 4409 2536 4477 majus.
2574 4419 2633 4462 ut
2659 4406 2782 4471 Job,
2831 4406 3196 4476 praesentibus
3242 4405 3400 4460 bouis
3433 4409 3547 4472 pri-

1975 4516 2185 4554 vamur.
2225 4497 2379 4552 Unde
2420 4498 2627 4551 clarum
2660 4505 2745 4550 est
2781 4497 2924 4564 quod
2967 4494 3383 4562 supplicationis
3421 4498 3546 4547 nul-

1974 4592 2083 4644 lum
2133 4591 2312 4643 locum
2364 4587 2585 4656 reliquit
2633 4585 2805 4647 Deus,
2844 4586 3177 4655 agendarum
3212 4592 3391 4638 autetn
3419 4599 3544 4652 gra-

1974 4683 2172 4734 tiarum
2216 4681 2560 4733 occasionem
2613 4692 2828 4730 omnem
2874 4673 3282 4742 suppeditavit;
3316 4675 3408 4728 sed
3443 4690 3550 4728 nos

1974 4773 2132 4828 nobis
2184 4770 2316 4839 ipsis
2362 4769 2600 4835 inopiam
2655 4775 2872 4835 propter
2918 4764 3223 4818 socordiam
3269 4774 3542 4831 parantes.

1973 4878 2194 4933 egemus
2239 4858 2660 4929 supplicatione.
2698 4854 2989 4908 Videamus
3039 4854 3185 4906 enim
3232 4855 3298 4906 de
3343 4854 3548 4920 quibus

1973 4953 2368 5022 supplicamus.
2399 4949 2474 5002 De
2505 4945 2826 5000 remissione
2857 4942 3251 5011 peccatorum?
3288 4939 3390 4996 Sed
3420 4958 3541 4996 eum

1974 5047 2250 5114 copiosam
2287 5041 2597 5108 accepimus
2627 5038 2828 5104 alisque
2861 5037 2972 5088 ullo
3020 5044 3208 5089 nostro
3243 5035 3547 5088 certamine

1972 5148 2024 5190 ct
2064 5133 2432 5194 contentione,
2479 5146 2572 5199 per
2608 5144 2824 5181 sat-rum
2877 5127 3235 5194 baptismum;
3267 5142 3368 5180 cur
3410 5142 3544 5193 ergo

1975 5245 2092 5282 eam
2121 5243 2316 5280 rursus
2345 5223 2616 5293 petimus?
2653 5221 2790 5286 Quia
2824 5237 3015 5274 rursus
3052 5220 3292 5288 peccatis
3319 5215 3543 5271 obnoxii

1975 5321 2104 5376 lacti
2146 5333 2357 5374 smnus.
2394 5318 2497 5371 Sed
2535 5331 2781 5384 quzenam
2820 5329 2984 5368 causa
3025 5323 3107 5366 est
3139 5313 3282 5380 quod
3319 5307 3545 5363 obnoxii

1975 5411 2216 5468 sumus?
2247 5410 2355 5464 Nos
2402 5403 2525 5477 ipsi.
2574 5407 2717 5476 Ergo
2773 5421 2873 5461 nos
2916 5405 3078 5458 etiam
3127 5396 3544 5469 supplicationis

1971 5518 2154 5559 causa!
2178 5515 2388 5556 sumus.
2435 5498 2700 5552 I’rtetcrea
2733 5499 2799 5551 de
2829 5513 3015 5564 regno,
3052 5503 3107 5545 ut
3145 5493 3262 5558 eius
3301 5487 3543 5540 lucredes

1974 5599 2167 5658 simus,
2213 5590 2622 5664 supplicamus?
2656 5590 2806 5656 atqui
2847 5589 2969 5640 data
2995 5593 3077 5637 cst
3121 5581 3276 5634 nobis
3310 5576 3540 5631 Incredi-

1975 5701 2077 5744 tas.
2114 5686 2324 5742 Etenim
2377 5685 2469 5738 ﬁlii
2517 5682 2610 5739 Dei
2645 5681 2774 5734 facti
2803 5691 3014 5736 Sumus,
3050 5671 3141 5740 qui
3193 5683 3357 5740 regio
3388 5667 3542 5724 indu-
