3992 6202
399 248 502 310 £87

1640 240 1950 302 NlCOLAl
1992 238 2384 298 CABASILIE

3549 239 3649 299 688

395 375 486 415 ius
522 367 623 415 est.
660 358 796 424 Quis
837 357 980 413 enim
1017 357 1212 422 h:eres,
1246 356 1350 410 nisi
1389 355 1566 410 ﬁlius?
1601 354 1744 417 Quid
1789 365 1967 407 autem

2086 349 2204 404 Θεοῦ
2228 353 2577 423 γεννηθῆναι,
2599 355 2688 407 καὶ
2715 356 2792 419 είς
2818 353 3017 422 ταύτην
3047 355 3315 424 ἀναϐῆναι
3343 355 3440 426 τὴν
3465 355 3649 422 τιμὴν-

400 466 579 505 rerum
627 461 972 519 paternarum
1017 449 1284 503 heredem
1332 448 1562 517 effugit?
1610 446 1777 500 Nihil.
1826 446 1972 511 Quo-

402 543 562 598 modo
585 558 717 612 ergo
747 544 983 611 petimus
1015 541 1065 595 id
1091 541 1233 609 quod
1260 541 1371 610 jam
1404 541 1587 594 datum
1627 539 1747 594 est?
1781 539 1974 595 Aliena

401 651 430 687 τι
477 635 711 688 ﬁliorum
759 633 1050 700 adoptione
1092 633 1556 701 perpetravimus,
1589 643 1874 701 postquam
1907 646 1970 685 ex

403 729 511 780 Deo
545 726 657 779 nati
704 740 896 778 sumus
927 732 980 777 et
1013 724 1078 777 ad
1119 740 1246 778 eum
1285 725 1546 782 honorem
1579 726 1969 793 pervenimus;

403 831 500 883 pro
551 815 674 868 ﬁliis
705 814 832 867 mali
877 815 1017 867 servi
1052 815 1178 870 facti
1212 831 1422 880 sumus,
1448 825 1502 871 et
1537 824 1823 885 propterea
1857 825 1975 870 tan-

401 922 563 975 quam
599 906 665 959 de
715 921 773 959 re
825 905 998 959 aliena
1033 916 1087 961 et
1133 923 1255 976 quae
1284 907 1421 960 nihil
1468 908 1534 962 ad
1585 922 1685 960 nos
1714 909 1970 976 pertinet,

404 999 798 1068 supplicamus.
822 997 965 1068 Ergo
991 1015 1089 1053 nos
1120 1016 1336 1070 quoque
1363 1002 1527 1070 hujus
1555 1001 1974 1070 supplicationis

407 1093 562 1144 nobis
607 1106 786 1145 causa:
819 1107 1034 1147 sumus.
1068 1091 1139 1146 De
1175 1093 1333 1147 bonis
1367 1105 1548 1146 autem
1599 1095 1973 1164 corporalibus

401 1183 566 1250 jussit
591 1181 854 1237 Dominus
898 1201 910 1237 :
951 1201 968 1233 ι
997 1183 1165 1238 Petite
1216 1185 1448 1253 primum
1506 1199 1734 1254 regnum
1789 1186 1884 1238 Dei
1921 1195 1976 1240 et

402 1274 694 1342 justitiam,
731 1284 784 1328 et
830 1275 947 1328 bare
982 1275 1164 1330 omnia
1219 1275 1546 1345 adjiciuntur
1596 1278 1784 1344 vobis;
1820 1297 1837 1330 ι
1877 1289 1925 1332 et
1961 1301 1972 1333 :

411 1386 429 1416 ι
466 1365 541 1419 Ne
574 1367 695 1420 sitis
716 1367 932 1421 solliciti
963 1368 1026 1420 de
1051 1368 1407 1428 nutrimento,
1436 1378 1489 1420 et
1515 1368 1582 1422 de
1615 1367 1974 1432 indumentis,

406 1466 459 1510 et
495 1455 655 1510 Pater
685 1467 868 1511 vester
897 1457 1137 1511 cmlestis
1172 1459 1437 1528 quidquid
1467 1476 1604 1528 opus
1629 1461 1812 1532 fuerit,
1843 1479 1976 1532 sup-

407 1547 694 1616 peditabit.
725 1567 744 1600 ι
786 1547 898 1603 Nos
948 1559 1130 1604 autem
1187 1553 1406 1616 quando
1461 1555 1542 1606 eis
1600 1569 1846 1622 egemus,
1892 1556 1975 1610 vel

2075 441 2193 494 ἀντὶ
2231 442 2358 496 υἱῶν
2386 445 2611 514 πονηροὶ
2640 445 2816 499 δοῦλοι
2849 446 3158 516 γεγόναμεν
3185 464 3198 477 ο
3236 447 3331 498 καὶ
3364 447 3450 498 διὰ
3487 447 3649 500 τοῦτο

2078 534 2154 594 ὡς
2188 536 2316 605 περὶ
2355 535 2636 605 ἀλλοτρίου
2669 538 3019 608 πράγματος,
3057 539 3155 591 καὶ
3187 537 3340 591 οὐῖέν
3372 539 3504 607 ἡμῖν
3534 537 3651 590 δια-

2074 626 2329 695 φέροντος
2359 627 2696 696 ἱκετεύομεν.
2717 629 2927 683 Οὐκοῦν
2950 629 3046 683 καὶ
3065 631 3276 698 ταύτης
3302 631 3460 698 ἡμεῖς
3486 631 3655 700 ἐεμιν

2075 715 2239 768 αἴτιοι
2273 716 2374 784 τῆς
2406 719 2613 781 ἱκεσίας
2644 723 2778 790 ἡμῖν
2811 722 3018 779 αὐτοῖς.
3053 723 3188 789 Περὶ
3226 721 3282 774 δὲ
3324 722 3430 775 τῶν
3465 739 3660 788 σωμαο

2074 807 2241 860 τικῶν
2271 809 2490 876 ἀγαθῶν
2538 813 2564 864 6
2599 813 2802 884 Κύριος
2850 814 3173 866 ἐκελέυσενο
3204 833 3223 865 ι
3263 816 3470 866 Αἰτεῖτε
3506 814 3661 883 πρῶ-

2076 915 2167 951 τον
2197 899 2296 969 τὴν
2324 901 2605 970 βασιλείαν
2635 904 2728 956 τοῦ
2764 905 2919 968 Θεοῦ,
2951 905 3043 956 καὶ
3071 905 3245 958 ταῦτα
3279 906 3455 958 πάντα
3491 922 3662 971 προσο

2075 989 2362 1059 τεθήσεται
2402 993 2564 1061 ὑμῖν,
2611 1015 2628 1046 ι
2671 997 2802 1049 καίο
2852 1015 2871 1048 ι
2917 998 3000 1064 Μὴ
3037 998 3337 1066 μεριμνᾶτε
3385 996 3513 1064 περὶ
3554 1000 3656 1064 τῆς

2075 1083 2298 1149 τροφῆς,
2328 1086 2419 1137 καὶ
2440 1085 2750 1155 ἐνδυμάτων
2774 1103 2787 1118 ⁸
2819 1088 2910 1140 καὶ
2934 1089 2959 1139 6
2981 1089 3164 1157 Πατὴρ
3187 1088 3340 1157 ὐμῶν
3363 1090 3387 1138 ὁ
3409 1088 3468 1139 οὐ
3480 1089 3666 1156 ράνιος

2079 1174 2258 1224 πᾶσαν
2283 1176 2582 1246 χορηγήσει
2609 1178 2706 1244 τὴν
2729 1179 2940 1248 χρείαν.
2964 1199 2981 1231 ι
3019 1178 3208 1246 Ἡμεῖς
3229 1179 3282 1230 δὲ
3317 1179 3535 1230 ἐπειδὰν
3562 1180 3664 1230 αὐ-

2079 1264 2184 1316 τῶν
2207 1267 2398 1328 ἐνδεῶς
2418 1268 2634 1339 ἔχομεν,
2655 1272 2686 1339 ἢ
2705 1272 2790 1324 διὰ
2809 1272 3080 1341 ρᾳθυμίαν
3129 1273 3484 1324 καὶάπιστὲαν
3499 1271 3666 1324 τοῦτο

2082 1358 2384 1426 πάσχομεν,
2430 1361 2522 1412 καὶ
2546 1361 2607 1412 τδ
2641 1361 2714 1431 μὴ
2751 1362 2988 1432 τηρῆσαι
3023 1362 3122 1432 τὴν
3151 1363 3278 1428 περὶ
3309 1362 3486 1414 αὐτῶν
3515 1365 3668 1414 ivro-

2078 1445 2174 1508 )c-ﬂv
2194 1461 2206 1475 ·
2232 1449 2325 1500 καὶ
2345 1447 2464 1500 τότε
2487 1451 2518 1518 ή
2545 1449 2719 1503 ἔνδεια
2743 1451 2901 1520 ἔργον
2923 1452 3212 1522 ἡμέτερον,
3242 1453 3328 1504 καλ
3355 1452 3472 1522 ήδι’
3491 1453 3669 1522 αὐτὴν

2086 1539 2299 1592 ἱκεσία⁹
2346 1542 2378 1610 ἦ
2428 1544 2659 1612 προνοίᾳ
2701 1544 2862 1607 Θεοῦ,
2905 1545 2999 1597 καὶ
3037 1543 3436 1615 φιλανθρωπίᾳ,
3469 1544 3665 1612 ὥσπερ

407 1648 629 1707 propter
670 1640 981 1694 socordiam
1033 1649 1087 1694 et
1139 1640 1517 1695 infelicitatem
1574 1654 1821 1698 nostram
1875 1646 1975 1701 hoc

2086 1631 2106 1679 ὁ
2177 1631 2318 1695 Ἰὼϐ,
2370 1633 2455 1686 ἵνα
2521 1635 2786 1703 μειζόνων
2840 1635 3094 1705 τύχωμεν
3143 1638 3237 1688 καὶ
3291 1637 3663 1704 τιμιωτέρω-δ.

408 1727 670 1796 patimur,
694 1738 748 1783 et
782 1729 929 1798 quod
961 1729 1028 1782 de
1055 1730 1134 1783 eis
1171 1741 1496 1800 praeceptum
1526 1747 1634 1786 non
1660 1749 1975 1798 servamus;

418 1830 474 1873 et
513 1830 640 1874 tunc
667 1829 885 1889 egestas
926 1830 1171 1874 nostrum
1206 1830 1289 1875 est
1327 1837 1488 1889 opus,
1523 1832 1576 1877 et
1609 1840 1730 1892 qua:
1762 1838 1982 1894 propter

408 1927 526 1966 eam
571 1912 628 1965 ﬁt
664 1913 990 1981 supplicatio
1032 1929 1048 1966 :
1081 1913 1164 1966 vel
1203 1923 1424 1982 propter
1455 1915 1546 1969 Dei
1582 1917 1980 1986 providentiam

409 2012 463 2057 et
493 2003 904 2070 benignitatem,
935 2003 1080 2057 sicut
1128 2002 1254 2067 Job,
1281 2016 1340 2059 ιιι
1373 2007 1580 2076 majora
1625 2017 1677 2062 et
1717 2020 1982 2078 praestari.

412 2098 548 2150 liora
580 2095 723 2148 bona
768 2110 1193 2164 consequamur.
1241 2095 1308 2152 Et
1339 2107 1473 2152 tunc
1505 2098 1594 2152 illa
1627 2110 1841 2169 egestas
1888 2104 1980 2157 Dei

410 2203 546 2256 Opus
579 2196 698 2250 est,
751 2203 858 2241 non
883 2189 1091 2256 praebet
1126 2199 1306 2242 autem
1337 2190 1603 2246 orationis
1633 2201 1728 2245 aut
1766 2195 1981 2261 suppli-

409 2276 663 2340 cationis,
696 2275 789 2330 scd
831 2275 1249 2344 gloriﬁcationis
1289 2287 1342 2332 et
1389 2280 1695 2348 gratiarum
1745 2283 1982 2337 actionis

410 2365 723 2418 materiam.
759 2363 1230 2430 Quemadmodum
1269 2367 1370 2422 Job
1409 2369 1670 2426 dicebat:
1719 2389 1737 2423 ι
1770 2372 1852 2427 Sit
1881 2389 1980 2427 no-

413 2471 537 2510 men
577 2455 792 2511 Domini
833 2457 1179 2512 benedictum
1219 2459 1270 2513 in
1305 2462 1562 2515 sarculum
1597 2465 1803 2518 saeculi.
1833 2484 1851 2517 ι
1893 2465 1985 2520 Vi-

411 2547 508 2600 des
539 2549 685 2615 quod
718 2549 901 2601 omnia
932 2563 1054 2618 quae
1096 2565 1126 2604 a
1158 2549 1266 2605 Deo
1301 2552 1354 2605 in
1405 2569 1506 2608 nos
1537 2555 1980 2623 proﬁciscuntur,

413 2652 514 2692 nos
543 2639 608 2691 ad
637 2639 1085 2706 gloriﬁcationem
1119 2651 1172 2696 et
1219 2645 1519 2711 gratiarum
1562 2647 1828 2702 actionem
1868 2661 1982 2704 tan-

411 2740 524 2785 tum
553 2731 857 2796 deducunt,
887 2733 1196 2788 orationum
1225 2745 1408 2790 autem
1437 2746 1490 2791 et
1519 2739 1980 2806 supplicationum

415 2839 516 2878 nos
553 2838 734 2876 causae
767 2839 980 2880 sumus.
1014 2823 1309 2894 Propterea
1342 2829 1587 2882 omnium
1624 2830 1892 2886 bonorum
1930 2841 1985 2888 et

413 2914 660 2982 corporis
690 2923 742 2968 et
765 2914 986 2979 animae,
1029 2916 1082 2969 in
1118 2917 1324 2972 nostris
1369 2917 1438 2972 ad
1474 2918 1639 2974 Deum
1675 2923 1986 2990 interpella-

2087 1723 2194 1774 Καὶ
2225 1723 2346 1776 τότε
2391 1726 2422 1792 ἡ
2455 1724 2628 1778 ἔνδεια
2672 1727 2854 1796 ἐκείνη
2886 1729 3000 1779 ἐστὶ
3035 1727 3132 1795 μὲν
3174 1726 3266 1780 τοῦ
3309 1726 3444 1779 Θεοῦ
3477 1728 3666 1795 ἔργον,

2084 1814 2198 1866 ἔστι
2219 1815 2275 1867 δὲ
2303 1815 2362 1868 οὐ
2385 1815 2619 1886 δεήσεὼς
2643 1835 2785 1881 τινος
2815 1820 2906 1871 καὶ
2931 1819 3160 1882 ἱκεσίας,
3186 1819 3322 1871 ἀλλά
3346 1819 3662 1886 δοξολογίας

2082 1905 2307 1975 ἀφορμὴ
2363 1908 2458 1960 καὶ
2539 1909 2912 1978 εὐχαριστίας.
2959 1910 3170 1979 Ὥσπερ
3205 1912 3232 1964 6
3273 1909 3393 1963 ’1ὼὸ
3442 1910 3662 1977 ἔλεγεν·

2091 2014 2108 2047 ι
2146 1995 2244 2065 Εῖη
2275 1996 2332 2048 τὺ
2354 1997 2524 2066 δνομα
2559 1999 2766 2068 Κυρίου
2800 1999 3164 2069 εὐλογημένον
3191 2001 3296 2052 ἀπὸ
3319 1999 3412 2053 τοῦ
3446 2002 3537 2053 νῦν
3562 2003 3668 2054 καὶ

2083 2088 2160 2146 είς
2194 2087 2320 2148 τούς
2343 2088 2564 2150 αἰῶνας.
2604 2109 2622 2142 ι
2671 2089 2832 2160 Ὁρᾷς
2859 2091 2940 2143 ὃτι
2969 2093 3035 2144 τά
3067 2093 3215 2162 παρά
3239 2093 3332 2145 τοῦ
3360 2093 3496 2144 Θεοῦ
3527 2095 3666 2161 πρδς

2084 2180 2230 2249 ἡμᾶς
2260 2181 2476 2234 ἅπαντα
2506 2183 2641 2250 πρὸς
2665 2184 2978 2253 δοξολογίαν
3007 2186 3099 2238 καὶ
3126 2185 3477 2255 εὐχαριστίαν
3508 2185 3668 2255 φέρει

2089 2271 2249 2338 μόνον
2305 2286 2321 2302 ο
2371 2275 2480 2325 τῶν
2532 2274 2589 2328 δὲ
2640 2277 2854 2330 ίκεσιῶν
2892 2277 3097 2330 τούτων
3144 2281 3237 2332 καὶ
3275 2278 3383 2331 τῶν
3428 2279 3668 2347 δεήσεων

2084 2361 2244 2428 ἡμεῖς
2273 2359 2455 2414 αίτιοι.
2482 2363 2579 2416 Διά
2605 2364 2762 2418 τοῦτο
2791 2367 3016 2420 πάντων
3043 2369 3150 2420 τῶν
3171 2369 3409 2437 ἀγαθῶν,
3440 2371 3530 2422 καὶ
3551 2371 3666 2423 τῶν

2087 2453 2420 2517 σωματικῶν
2441 2491 2454 2514 ,
2491 2455 2586 2505 καὶ
2633 2455 2743 2508 τῶν
2773 2456 2872 2522 τῆς
2906 2457 3086 2527 ψυχῆς
3119 2459 3175 2510 ἐν
3205 2462 3324 2522 ταῖς
3355 2461 3490 2529 πρὸς
3529 2462 3667 2514 Θεὸν

2083 2539 2322 2608 ὁμιλίαις
2350 2543 2802 2612 μνημονεύοντες,
2826 2545 2914 2596 ἐπ’
2937 2547 3254 2620 εὐχαριστίᾳ
3281 2553 3498 2603 πάντων
3527 2569 3666 2619 μνη-

2087 2630 2406 2699 μονεύομεν,
2479 2633 2589 2685 εἴτε
2631 2634 2895 2704 πάρεστιν
2937 2639 3071 2708 ἡμῖν
3135 2642 3368 2705 ἅπαντα,
3419 2644 3527 2694 εἴτε
3563 2645 3659 2713 μή.

2097 2722 2332 2784 Ἐκεῖνος
2366 2725 2473 2791 γὰρ
2506 2724 2648 2790 ἅπαξ
2677 2725 2875 2781 ἔδωκεν
2907 2729 3144 2796 ἅπαντα,
3171 2733 3266 2784 καὶ
3294 2734 3446 2786 οὐδὲν
3479 2736 3663 2804 ἀφῆκε.

2087 2814 2217 2880 παρ’
2245 2815 2442 2884 ἐαυτῷ.
2473 2816 2576 2868 Καὶ
2602 2819 2760 2871 τοῦτο
2811 2821 2966 2884 εἰδὼς
2987 2825 3015 2876 6
3038 2824 3306 2895 μακάριος
3344 2828 3665 2890 Ἀπόστελος

2087 2907 2338 2958 ἐκέλευσε
2365 2905 2578 2960 πάντων
2601 2907 2762 2964 ἕνεκα
2785 2913 3150 2984 εὐχαριστεῖν,
3169 2919 3398 2986 γράφων
3417 2937 3429 2948 ·
3463 2939 3482 2971 ι
3515 2920 3665 2973 [idv-

413 3005 657 3058 tionibus
693 3005 1011 3059 memoriam
1055 3004 1337 3071 facientes,
1372 3023 1400 3061 a
1465 3010 1760 3080 gratiarum
1809 3015 1981 3069 actio-

2086 3015 2204 3050 τοτε
2237 3003 2488 3070 χαίρετε,
2523 3004 2580 3055 ἐν
2615 3004 2777 3056 παντὶ
2809 3005 3203 3074 εὐχαριστεῖτε.
3258 3029 3276 3059 ι
3320 3011 3522 3066 Τούτου
3559 3016 3662 3082 χά-

411 3110 536 3148 nem
579 3096 824 3150 omnium
853 3098 1436 3154 commemorationem
1484 3101 1737 3168 facimus,
1773 3105 1889 3161 sive
1923 3122 1986 3161 ea

412 3187 572 3240 nobis
599 3186 782 3241 adsint
811 3187 927 3242 sive
961 3203 1070 3242 non
1101 3189 1304 3242 adsint.
1345 3189 1440 3245 llle
1474 3192 1617 3246 enim
1645 3196 1812 3250 semel
1841 3196 1989 3252 dedit

411 3279 619 3342 omnia,
669 3289 725 3334 et
762 3280 904 3349 apud
950 3295 1009 3335 se
1058 3281 1196 3335 nihil
1244 3281 1485 3350 reliquit.
1541 3284 1609 3338 Et
1654 3285 1757 3341 hoc
1806 3289 1987 3346 sciens

410 3370 606 3425 beatus
640 3369 845 3424 Paulus
890 3370 1056 3439 jussit
1107 3388 1204 3441 pro
1251 3374 1507 3429 omnibus
1552 3378 1758 3446 gratias
1805 3394 1987 3450 agere,

414 3463 710 3516 scribens:
751 3479 768 3513 ι
800 3462 1027 3532 Semper
1069 3464 1319 3532 gaudete,
1368 3465 1424 3519 in
1473 3467 1731 3524 omnibus
1783 3473 1987 3541 gratias

413 3553 576 3622 agite.
606 3572 624 3604 ι
661 3551 773 3608 Hac
814 3555 882 3610 de
923 3570 1087 3609 causa
1135 3557 1587 3626 perfectissimam
1619 3570 1669 3614 et
1703 3566 1988 3620 exactissi-

413 3659 557 3698 mam
611 3655 853 3700 nostram
897 3661 1022 3702 cum
1079 3649 1190 3704 Deo
1242 3650 1703 3719 collocutionem,
1747 3657 1988 3726 mystcrii

415 3737 819 3793 communionis
870 3738 1319 3806 celebrationem,
1385 3743 1438 3797 in
1503 3759 1608 3814 quo
1655 3747 1985 3803 mentionem

415 3827 667 3892 iacimus,
705 3844 813 3884 non
847 3829 1012 3897 hujus
1039 3833 1124 3886 vel
1160 3834 1308 3888 illius
1342 3835 1556 3910 gratiae,
1587 3837 1679 3891 sed
1716 3840 1985 3905 omnium,

417 3929 474 3971 ut
515 3920 682 3973 semel
727 3921 929 3989 dicam,
963 3923 1056 3978 Dei
1094 3924 1382 3987 bonorum,
1424 3935 1479 3980 et
1519 3943 1639 3995 qua:
1670 3937 1792 3983 actu
1831 3932 1988 3986 nobis

415 4018 543 4063 sunt
577 4020 630 4064 et
662 4010 846 4068 futura
875 4023 1026 4080 sunt,
1062 4012 1490 4081 Eucharistiam,
1525 4017 1627 4071 hoc
1653 4027 1756 4085 est,
1790 4021 1991 4089 gratia-

415 4116 538 4155 rum
587 4103 882 4167 actionem,
927 4106 1213 4161 nominare
1243 4115 1361 4160 erat
1393 4119 1846 4172 consentaneum,
1879 4127 1985 4166 non

416 4205 481 4243 ex
518 4191 585 4246 iis
621 4207 740 4260 qua:
774 4193 828 4245 in
858 4193 1077 4247 miseria
1112 4206 1395 4248 versantes
1435 4205 1488 4249 et
1537 4211 1654 4249 eam
1689 4197 1986 4266 imploran-

417 4290 498 4334 tes
532 4295 814 4350 rogamus,
860 4283 952 4336 sed
993 4297 1059 4336 ex
1110 4283 1178 4336 iis
1221 4299 1342 4350 quae
1386 4283 1530 4338 Deus
1562 4285 1612 4337 in
1655 4301 1752 4339 nos
1775 4287 1987 4342 confert

2091 3111 2175 3161 ριν
2202 3095 2301 3166 τὴν
2325 3100 2682 3170 τελειωτάτην
2703 3101 2793 3154 καὶ
2815 3102 3218 3173 ἀκριϐεστάτην
3247 3105 3380 3173 πρὸς
3407 3104 3536 3158 Θεὸν
3561 3106 3664 3176 τὴν

2088 3185 2342 3252 ὁμιλίαν,
2391 3189 2489 3261 τὴν
2552 3191 2654 3260 τῆς
2707 3195 2990 3256 κοινωνίας
3038 3195 3280 3266 τελετὴν,
3333 3199 3390 3249 ἐν
3527 3215 3667 3269 μνη-

2093 3278 2437 3348 μονεύομεν,
2493 3283 2552 3334 οὐ
2611 3285 2856 3356 ταύτης,
2913 3291 2945 3354 ἢ
2995 3287 3214 3354 ἐκείνης
3259 3289 3354 3356 τῆς
3400 3291 3664 3360 χάριτος.

2094 3367 2230 3421 ἀλλά
2275 3371 2495 3424 πάντων
2555 3374 2740 3438 ἁπλῶς
2797 3376 2906 3428 τῶν
2960 3379 3023 3429 ἐκ
3079 3378 3213 3430 Θεοῦ
3269 3380 3510 3446 ἀγαθῶν,
3571 3383 3666 3436 καὶ

2091 3458 2261 3512 ὄντων
2303 3463 2437 3531 ἡμῖν
2491 3466 2743 3536 ἐνεργείᾳ
2794 3468 2888 3520 καὶ
2944 3469 3240 3535 ἐσομένων,
3299 3470 3665 3540 Εὐχαριστίαν

2089 3551 2376 3619 ὀνομάζειν
2428 3555 2575 3619 είκὸς
2628 3553 2718 3624 ἦν,
2753 3559 2853 3612 οὐκ
2913 3559 2973 3623 ἐξ
3025 3553 3099 3612 ὧν
3147 3561 3304 3629 ἡμεῖς
3343 3562 3666 3633 δυστυχοῦνο

2088 3658 2176 3704 τῆς
2221 3643 2472 3713 δεόμεθα,
2525 3647 2818 3712 καλοῦντες
2858 3653 3046 3723 αὐτὴν,
3102 3649 3216 3706 ἀλλ’
3278 3656 3335 3722 ἐξ
3389 3650 3666 3728 ὤν’ήμᾶς

2087 3733 2113 3782 6
2165 3733 2294 3796 Θεὸς
2332 3738 2633 3806 εὐεργετεῖ,
2683 3742 2794 3795 οὐδ’
2823 3745 2932 3797 ἀπὸ
2975 3747 3072 3814 τῆς
3139 3752 3409 3822 ἡμετέρας
3452 3753 3663 3818 πενίας,

2087 3825 2200 3878 ἀλλ’
2252 3827 2360 3880 ἀπὸ
2430 3831 2523 3883 τοῦ
2579 3833 2810 3886 πλούτοιο
2859 3839 2957 3906 τῆς
3008 3841 3216 3893 ἐκείνου
3269 3846 3656 3914 χρηστότητος.

2099 3914 2251 3968 Ἐπεὶ
2283 3919 2392 3986 γὰρ
2422 3923 2512 3972 καὶ
2543 3921 2856 3994 ἱκετεύομεν
2884 3930 2942 3981 ἐν
2973 3931 3106 4000 αὐτῇ
3139 3935 3228 3985 τὸν
3259 3935 3410 3998 Θεὸν,
3446 3938 3538 3988 καὶ
3567 3937 3662 3988 εὐ-

2088 4011 2481 4079 χαριστοῦμεν,
2519 4014 2637 4066 ἀλλ’
2666 4019 2698 4086 ή
2731 4017 2829 4085 μὲν
2858 4021 3180 4091 εὐχαριστία
3205 4025 3340 4077 Θεοῦ
3371 4027 3550 4095 ἔργον,
3583 4028 3662 4090 ὡς

2087 4097 2302 4168 εἴρηται
2324 4119 2337 4132 ·
2361 4104 2392 4172 ἠ
2414 4104 2469 4156 δὲ
2500 4107 2678 4161 ἱκεσία
2707 4111 2805 4179 τῆς
2838 4113 3186 4184 ἀνθρωπίνης
3218 4118 3522 4180 ἀσθενείας.
3553 4123 3661 4174 Καὶ

2089 4189 2120 4258 ἠ
2171 4191 2268 4259 μὲν
2303 4195 2624 4266 εὐχαριστία
2658 4201 2750 4254 ἐπὶ
2798 4203 3128 4277 πλείοσ;ν,ή
3182 4209 3238 4262 δὲ
3289 4209 3466 4264 ίκεσία
3521 4213 3663 4282 ὑπὲρ

2089 4283 2388 4337 ἐλαττόνων
2411 4303 2426 4318 ο
2463 4290 2494 4359 ὴ
2536 4290 2634 4359 μὲν
2671 4293 2778 4364 γάρ
2814 4295 2904 4348 ἐπὶ
2937 4300 3099 4350 πᾶσιν
3128 4302 3314 4363 ἁπλῶς
3345 4303 3590 4371 ἀγαθοῖς,
3624 4307 3658 4373 ἠ

418 4372 730 4437 beneﬁciis;
781 4387 878 4425 nec
931 4387 996 4426 ex
1028 4382 1215 4425 nostra
1247 4383 1586 4442 paupertate,
1628 4377 1721 4431 sed
1755 4393 1820 4430 ex
1848 4379 1981 4432 divi-

2088 4375 2142 4426 6’L
2193 4378 2217 4427 ἐ
2267 4375 2279 4392 “
2401 4377 2411 4394 ’
2682 4352 2692 4359 υ
2749 4352 2790 4394 ”
3091 4352 3159 4402 ’Ἠ
3631 4352 3658 4408 Ἰ

2121 4403 2144 4425 .-.
2226 4393 2264 4427 π
2332 4381 2488 4430 ἑνιων
2578 4381 2664 4433 διά
2701 4402 2855 4438 τουτο
2899 4388 3005 4440 ἀπὸ
3047 4406 3156 4443 των
3208 4409 3530 4462 κρειττονων
3567 4413 3663 4448 και

419 4461 514 4513 tiis
555 4462 701 4515 illius
746 4462 1122 4526 benignitatis.
1152 4463 1289 4530 Quia
1329 4466 1473 4519 enim
1523 4466 1575 4520 in
1617 4483 1679 4522 ea
1713 4469 1822 4524 Deo
1851 4487 1986 4541 sup-

421 4552 708 4620 plicamus,
735 4562 787 4606 et
811 4555 1015 4620 gratias
1037 4557 1284 4626 agimus:
1314 4558 1404 4610 sed
1431 4558 1731 4628 gratiarum
1767 4564 1986 4630 quidem

421 4643 563 4696 actio
617 4641 708 4696 Dei
739 4660 876 4712 opus
901 4655 1003 4710 est,
1038 4655 1096 4699 ut.
1131 4647 1335 4702 dictum
1359 4661 1473 4714 est;
1506 4652 1832 4720 supplicatio
1862 4669 1990 4708 vero

423 4725 683 4786 humana:
713 4733 1104 4789 imbecillitatis
1131 4755 1143 4788 :
1181 4749 1233 4792 et
1257 4739 1554 4808 gratiarum
1580 4742 1800 4809 quidem
1826 4747 1986 4810 actio,

425 4833 645 4892 propter
686 4826 873 4894 plura;
924 4828 1252 4896 supplicatio
1295 4847 1446 4894 vero,
1475 4847 1574 4900 pro
1611 4835 1982 4901 paucioribus.

426 4915 517 4968 Illa
561 4917 704 4968 enim
739 4926 960 4987 propter
1002 4920 1208 4984 omnia,
1256 4930 1314 4974 ut
1359 4923 1525 4975 semel
1567 4923 1767 4988 dicam,
1804 4925 1986 4980 bona:

427 5006 540 5056 lucc
585 5019 733 5066 vero,
788 5005 843 5057 in
897 5007 1207 5071 nonnullis;
1265 5017 1544 5075 propterea
1597 5013 1879 5078 oportebat
1921 5031 1988 5068 ex

427 5095 745 5148 melioribus
774 5105 829 5149 et
863 5097 1111 5163 pluribus
1139 5098 1186 5151 ci
1221 5101 1440 5152 nomine
1489 5101 1766 5170 imposito,
1797 5107 1984 5173 appel-

427 5186 538 5238 lare
595 5186 994 5241 Euebaristiam
1029 5188 1122 5259 (ita
1181 5190 1324 5242 enim
1369 5190 1530 5243 etiam
1576 5192 1738 5246 homo
1787 5195 1988 5248 dicitur

425 5274 626 5328 animal
676 5275 888 5330 ratione
933 5277 1243 5346 praeditum,
1278 5278 1402 5332 licet
1430 5279 1501 5333 sit
1541 5281 1773 5350 alicujus
1816 5286 1986 5352 parti-

2092 4468 2356 4522 πλειόνων
2403 4471 2508 4524 ἔδει
2549 4473 2788 4544 τούνομα
2835 4480 2970 4548 αὐτῇ
3014 4481 3271 4550 θεμένους
3311 4486 3662 4554 εὐχαριστίαν

2091 4561 2382 4632 ὀνομάζειν
2437 4565 2599 4633 (οὕτω
2632 4570 2739 4640 γὰρ
2785 4573 2880 4623 καὶ
2914 4573 2942 4623 6
2971 4573 3255 4641 ἄνθρωπος
3287 4575 3500 4644 λογικὸν
3525 4578 3663 4642 ζῶον

2092 4653 2328 4720 λέγεται,
2368 4656 2460 4707 καί
2489 4674 2571 4708 τοι
2602 4659 2699 4710 καὶ
2730 4661 2928 4728 ἀλόγου
2963 4666 3104 4725 τινος
3141 4669 3403 4737 μετέχων,
3435 4671 3541 4722 ἀπὸ
3566 4670 3661 4722 τοῦ

2096 4745 2406 4813 κρείττονος
2444 4749 2540 4799 καὶ
2573 4749 2818 4816 μείζονος
2849 4755 3047 4824 μέρους
3078 4757 3452 4827 καλούμενος),
3489 4759 3662 4819 ἄλλως

2095 4836 2140 4885 0‘
2175 4836 2256 4887 ὃτι
2299 4837 2325 4888 ὁ
2371 4838 2587 4904 πρῶτος
2620 4841 2790 4911 αὐτὴν
2823 4846 3163 4913 καταδείξας,
3205 4851 3233 4902 6
3267 4850 3468 4920 Κύριος
3504 4851 3663 4921 ημῶν

2094 4923 2301 4992 Ἰησοῦς
2315 4926 2568 4994 Χριστος,
2587 4930 2684 4999 οὐχ
2704 4933 2978 4996 ἱκετεύων,
2993 4936 3128 4988 ἀλλὰ
3147 4938 3308 5006 μόνον
3325 4942 3663 5011 εὐχαριστῶν

2095 5014 2172 5083 τῷ
2208 5015 2417 5084 Ila-cpi,
2455 5026 2656 5090 ταύτην
2687 5023 2902 5076 ἐτέλεσε
2945 5027 3037 5076 καὶ
3071 5029 3352 5098 παρέδωκε
3383 5031 3480 5100 τὴν
3511 5031 3664 5084 τελε-

2097 5109 2195 5173 τήν
2213 5110 2335 5161 ’καὶ
2361 5111 2551 5163 τούτου
2583 5113 2736 5182 χάριν
2770 5117 2800 5185 η
2840 5116 3148 5186 Ἐκκλησία,
3168 5121 3304 5192 ὅπερ
3336 5121 3499 5176 οὖσαν
3525 5142 3663 5194 παρ·

2096 5199 2282 5250 ἐλαϐεν
2305 5201 2491 5272 αὐτὴν,
2519 5205 2676 5256 τοῦτο
2707 5207 2882 5271 καλεῖ,
2913 5208 3264 5280 εὐχαριστίαν
3293 5214 3658 5284 ὀνομάζουσα.

2100 5291 2206 5342 Καὶ
2236 5291 2405 5344 ταῦτα
2444 5293 2540 5361 μὲν
2575 5297 2652 5358 είς
2682 5297 2957 5354 τοσοῦτον.

425 5382 556 5436 oeps
587 5367 732 5435 quod
769 5379 918 5422 caret.
949 5370 1386 5440 ratione,utqui
1420 5389 1448 5426 a
1477 5374 1689 5427 meliori
1725 5385 1776 5428 ct
1844 5378 2034 5446 majori
2113 5391 2262 5447 parte
2313 5387 2585 5455 vocetur).
2630 5399 2684 5440 ct
2740 5391 2976 5446 maxime
3024 5394 3148 5461 quia
3201 5399 3410 5464 primus
3463 5401 3552 5467 qui
3604 5397 3659 5452 id

427 5461 689 5524 ostendit,
723 5459 988 5518 Dominus
1021 5473 1211 5518 noster
1240 5463 1399 5520 .lcsus
1427 5465 1700 5530 Christus,
1733 5483 1840 5520 non
1874 5471 2213 5539 supplicans,
2248 5476 2341 5527 sed
2380 5478 2555 5532 solum
2592 5479 2738 5536 Patri
2771 5499 2940 5552 agens
3006 5459 3230 5555 gratias,
3297 5492 3401 5545 hoc
3464 5459 3663 5562 myste-

431 5553 568 5605 rium
597 5555 803 5622 peregit
823 5563 876 5610 et
901 5556 1158 5610 tradidit:
1187 5567 1240 5614 et
1264 5573 1325 5614 ea
1358 5561 1424 5614 de
1451 5574 1641 5626 causa,
1676 5561 1821 5629 quod
1859 5563 1988 5616 illud
2030 5580 2151 5619 csse
2204 5569 2433 5638 at'ct‘pil,
2482 5573 2582 5627 hoc
2620 5586 2799 5637 vorat,
2875 5553 3270 5636 Eucliaristiam
3347 5553 3664 5641 nota-inaus.

433 5642 496 5696 Et
530 5645 644 5700 haec
672 5649 888 5716 quidem
924 5649 1214 5706 hactenus.
