3992 6202
346 356 456 418 4δὲ

943 468 1186 520 ΚΕΦΑΛ.
1222 465 1339 521 Nl".

347 583 492 649 Περὶ
517 579 625 646 τῆς
649 580 744 663 ἐπί
778 579 849 648 τῇ
882 585 1156 663 κοιὶνωτιᾳ
1185 581 1307 663 ad)?
1331 584 1682 663 μυστηρίων
1718 585 1928 663 κρινῇς

418 650 831 730 εὐχαριστίας,
863 651 984 730 ,καὶ
1019 650 1137 706 τῶν
1177 652 1330 720 πρὸς
1377 651 1459 716 τῷ
1512 654 1670 706 τέλει
1704 653 1811 722 τῆς
1851 657 1928 707 ἱε-

414 738 488 789 ρο
497 721 705 789 υργίας
737 721 955 790 εὐχῶν.

433 834 490 884 '0
529 831 585 884 δὲ
626 832 807 901 ἱερεὺς
839 833 966 896 τοὺς
999 833 1403 901 μεταλαϐόντας
1437 836 1547 890 τῶν
1581 835 1926 918 μυστηρίων,

349 923 492 990 ὑπὲρ
551 925 650 991 τῆς
703 925 1082 995 μεταλήψεως,
1141 931 1536 1001 εὐχαριστῆσαι
1591 929 1804 984 κελεύει
1852 929 1929 997 τῷ

322 1009 639 1085 ’μεταδόντι
663 1015 784 1088 Θεῷ
808 1033 822 1047 ·
854 1019 949 1072 καὶ
980 1019 1135 1072 τοῦτο
1170 1024 1229 1075 οὐ
1260 1023 1574 1094 παρέργως,
1609 1023 1729 1077 οὐδὲ
1761 1022 1929 1093 ῥᾳθύ-

348 1124 488 1175 μως.
529 1107 666 1160 ἀλλὰ
700 1110 833 1177 μετὰ
877 1099 1136 1181 σπουδῆς.
1173 1115 1343 1166 Τοῦτο
1389 1116 1497 1184 γὰρ
1540 1115 1789 1185 βούλεται
1845 1114 1927 1177 τὸ,

351 1219 368 1252 t
394 1201 598 1267 ‘Opfto‘t,
629 1221 648 1253 ι
689 1203 789 1256 οὐκ
817 1204 1210 1275 ἀνακειμένους
1239 1208 1359 1260 οὐδὲ
1392 1210 1757 1280 καθημένους,
1792 1207 1930 1260 ἀλλὰ

344 1292 441 1344 καὶ
466 1291 645 1361 ψυχὴν
665 1292 758 1346 καὶ
789 1294 946 1363 σῶμα
996 1296 1133 1366 πρὸς
1183 1298 1345 1351 αὐτὸν
1399 1300 1764 1362 ἀτενίζοντας.
1795 1295 1928 1353 Εἶτα

342 1383 408 1454 δὴ
441 1386 535 1437 καὶ
563 1384 731 1438 τᾶλλα
759 1385 827 1438 τὰ
859 1386 1090 1440 εἰωθότα
1130 1389 1223 1441 τοῦ
1257 1389 1391 1442 Θεοῦ
1429 1389 1694 1461 δεηθῆναι
1728 1408 1928 1461 παραι-

344 1476 505 1536 νέσας
527 1513 542 1539 ,
575 1474 742 1538 ἔξεισι
785 1475 880 1529 τοῦ
917 1478 1344 1548 θυσιαστηρίου,
1378 1483 1472 1533 καὶ
1505 1482 1636 1543 στὰς
1679 1481 1784 1550 πρὸ
1820 1481 1927 1534 τῶν

344 1564 558 1635 θυρῶν,
622 1566 990 1634 ἀναγινώσκει
1056 1569 1156 1640 τὴν
1216 1571 1358 1639 ὑπὲρ
1417 1572 1677 1627 ἁπάντων
1735 1572 1924 1642 εὐχήν.

354 1659 626 1712 Ἐνταῦθα
665 1660 722 1713 δὲ
757 1661 937 1714 ἁκεῖνο
971 1665 1421 1734 ἐπισημήνασθαι
1451 1667 1582 1738 χρὴ,
1625 1668 1742 1730 πῶς
1788 1668 1928 1737 μετὰ

340 1752 443 1821 τὴν
475 1753 807 1823 ἱερουργίαν,
825 1757 920 1808 καὶ
951 1754 1050 1826 τὴν
1079 1756 1171 1809 ἐπὶ
1197 1757 1370 1830 ταύτῃ
1396 1758 1834 1862 δοξολογίαν,ιὼς
1861 1759 1925 1830 δὴ
1958 1805 2001 1862 Β

343 1846 455 1898 τῶν
489 1848 570 1908 είς
601 1848 661 1898 τὸ
688 1846 842 1900 Θείον
857 1848 1223 1919 ὀφειλομένων
1247 1849 1610 1906 τελεσθέντων
1643 1853 1922 1918 ἁπάντων,

342 1935 536 2004 ὥσπερ
565 1936 817 1990 ἀπολύων
837 1940 1027 1992 ἑαυτὸν
1048 1942 1146 2010 τῆς
1171 1940 1309 2010 μετὰ
1331 1940 1424 1996 τοῦ
1445 1926 1590 1996 ⁹Θεοῦ
1614 1943 1920 2009 συνουσίας,

343 2028 444 2078 καὶ
474 2027 568 2079 τοῦ
617 2027 783 2097 ὕψους
813 2029 1046 2097 ἐκείνου,
1094 2032 1175 2095 εἰς
1217 2033 1326 2084 τῶν
1375 2032 1679 2101 ἀνθρώπων
1707 2033 1924 2103 ὁμιλίαν

345 2112 603 2181 φαίνεται
636 2117 778 2169 κατὰ
819 2117 1015 2188 μικρὸν
1049 2120 1428 2175 καταὸαίνωνο
1464 2123 1745 2176 καὶτοῦτο
1780 2125 1920 2191 ἱερο-

344 2208 597 2276 πρεπῶς.
627 2209 737 2261 Καὶ
765 2210 871 2279 γὰρ
901 2210 1192 2280 εὐχόμενος
1223 2213 1384 2266 τοῦτο
1416 2217 1593 2268 ποιεῖ·
1624 2216 1720 2270 καὶ
1748 2215 1776 2267 ὁ
1801 2217 1925 2286 τρόο

344 2316 448 2362 πος
474 2300 570 2368 τῆς
606 2301 771 2371 εὐχῆς
799 2305 890 2355 καὶ
917 2305 944 2356 ὁ
971 2302 1135 2367 τόπος
1163 2305 1438 2361 δείκνυσιν
1465 2309 1630 2362 αὑτὸν
1660 2308 1924 2363 καταϐαί-

345 2408 524 2446 νοντα,
549 2393 820 2465 Πρότερον
847 2395 946 2465 μὲν
973 2397 1082 2466 γὰρ
1100 2398 1249 2451 ἔνδον
1269 2398 1364 2453 τοῦ
1386 2399 1794 2470 θυσιαστηρίου,
1826 2400 1924 2454 καὶ

342 2481 432 2550 ἐφ’
480 2483 696 2550 ἑαυτοῦ,
736 2486 966 2556 μηδενδς
993 2488 1306 2555 ἀκούοντος,
1359 2492 1454 2544 καὶ
1502 2490 1639 2561 πρὸς
1672 2490 1762 2543 τὸν
1790 2490 1924 2544 Θεὸν

346 2577 766 2646 ἀποτεινόμενος
789 2579 1012 2650 εὔχεται
1033 2597 1047 2612 ·
1067 2583 1161 2636 νῦν
1175 2582 1232 2636 δὲ
1257 2582 1351 2636 τοῦ
1371 2582 1756 2655 θυσιαστηρίου
1779 2583 1924 2648 ἐξελ-ι

345 2668 480 2733 θὼν,
533 2673 625 2724 καὶ
683 2673 779 2725 τοῦ
837 2673 1078 2742 πλήθους
1131 2665 1296 2745 μέσος
1347 2675 1661 2746 γενόμενος,
1706 2675 1925 2729 πάντων

344 2765 678 2828 ἀκουόντων,
729 2765 827 2835 τὴν
861 2765 1002 2836 ὑπὲρ
1045 2767 1144 2836 τῆς
1187 2767 1537 2838 Ἐκκλησίας,
1571 2768 1666 2822 καὶ
1704 2769 1922 2822 πάντων

340 2855 454 2910 τῶν
492 2857 700 2908 πιστῶν
745 2858 931 2928 κοινὴν
984 2862 1220 2913 ποιεῖται
1259 2860 1466 2931 δέησιν.
1518 2859 1651 2914 Εἶτα
1696 2865 1791 2915 καὶ
1833 2862 1924 2916 τὸν

344 2948 784 3018 προσενεχθέντα
812 2949 998 3020 ἄρτον,
1031 2951 1090 3016 ἐξ
1119 2947 1180 3006 οὗ
1212 2953 1306 3005 τὸν
1340 2952 1482 3023 ἱερὸν
1516 2955 1790 3023 ἀπέτεμεν
1821 2953 1922 3024 ἄρ’

340 3057 458 3104 τον,
489 3043 571 3104 εἰς
617 3044 784 3098 πολλὰ
812 3043 1026 3110 διελὼν,
1067 3046 1388 3115 μεταδίδωσι
1421 3048 1534 3109 τοῖς
1567 3051 1779 3110 πιστοῖς
1801 3092 1816 3112 ,
1849 3050 1922 3112 ὼς

341 3132 500 3200 ἅγιον
542 3138 832 3203 γενόμενον
859 3136 1006 3205 αὐτῷ
1032 3135 1109 3206 τῷ
1137 3136 1464 3204 ἀνατεθῆναι
1490 3139 1610 3209 Θεῷ
1641 3140 1736 3190 καὶ
1766 3140 1923 3208 ἱερω-

341 3223 504 3291 θῆναι
524 3239 539 3253 ⁸
573 3226 622 3278 οἱ
651 3226 706 3278 δὲ
738 3228 834 3279 σὺν
867 3227 1123 3298 εὐλαϐείᾳ
1153 3228 1305 3297 πάσῃ
1329 3227 1598 3296 δέχονται,
1633 3227 1728 3281 καὶ
1760 3245 1924 3282 κατα-

341 3318 560 3385 φιλοῦσι
589 3318 689 3386 τὴν
724 3318 924 3385 δεξιὰν,
949 3319 1024 3382 ὡς
1057 3320 1124 3373 ἂν
1152 3322 1484 3390 προσφάτως
1509 3319 1800 3390 ἁψαμένην
1827 3320 1922 3373 τοῦ

341 3410 612 3478 παναγίου
652 3411 900 3480 σώματος
944 3412 1036 3465 τοῦ
1076 3413 1315 3477 Χριστοῦ
1359 3412 1636 3484 Σωτῆρος,
1681 3412 1776 3466 καὶ
1831 3413 1922 3465 τὸν

340 3501 550 3554 ἑκείθεν
595 3504 887 3572 ἀγιασμδν,
936 3505 1031 3557 καὶ
1082 3505 1395 3574 δεξάμενον,
1447 3505 1542 3558 καὶ
1597 3503 1919 3575 μεταδοῦναι

339 3596 454 3656 τοῖς
483 3595 717 3664 ψαύουσι
748 3597 1168 3669 πιστευομένην.
1213 3599 1302 3650 Ἐν
1332 3597 1573 3668 τοσούτῳ
1611 3597 1668 3650 δὲ
1703 3597 1798 3650 καὶ
1830 3597 1921 3649 τὸν

339 3689 514 3739 αἴτιον
545 3689 640 3741 καὶ
669 3690 904 3758 χορηγὸν
936 3691 1114 3752 αὐτοῖς
1149 3690 1257 3742 τῶν
1283 3689 1505 3756 ἀγαθῶν
1533 3693 1738 3741 τούτων
1773 3687 1920 3752 δοξο-

338 3796 595 3851 Αογουσι’
649 3782 746 3833 καὶ
780 3785 814 3854 η
863 3781 1140 3848 δοξολογία
1188 3782 1286 3850 τῆς
1341 3777 1586 3850 Γραφῆς,
1637 3799 1654 3832 ι
1710 3779 1808 3848 ΕΞή
1857 3779 1918 3831 τὸ

337 3876 513 3945 ὄνομα
570 3876 778 3944 Κυρίου
827 3873 1230 3942 εὑλογημένον,
1296 3890 1314 3922 t
1369 3873 1461 3924 καὶ
1516 3873 1582 3925 τὰ
1635 3869 1788 3940 ἑξῆς·
1826 3872 1918 3924 καὶ

335 3968 501 4020 τοῦτο
534 3967 794 4029 πολλάκις
831 3967 1150 4036 βοήσαντες,
1180 3963 1393 4034 ψαλμὸν
1423 3963 1613 4016 ἔπειτα
1649 3962 1916 4028 ἀναγινώ-

337 4046 558 4121 σκηυσι,
589 4058 900 4124 δοξολογίας
928 4059 1020 4110 καὶ
1053 4055 1406 4125 εὐχαριστίας
1441 4056 1659 4124 μεστόν.
1689 4056 1784 4118 Τίς
1807 4057 1862 4109 δὲ
1893 4059 1920 4109 ὁ

333 4151 592 4220 ψαλμό;;
628 4168 647 4202 ι
685 4150 980 4219 [εὐλογήσω
1010 4150 1100 4204 τὸν
1137 4142 1338 4219 Κύριον
1371 4150 1427 4200 ἐν
1469 4148 1630 4203 παντὶ
1660 4148 1856 4217 καιρῷ.
1895 4168 1912 4201 ι

337 4246 446 4297 Τοῦ
475 4245 531 4296 δε
555 4244 718 4315 ἄρτου
751 4244 1020 4307 δοθέντος,
1047 4246 1140 4297 καὶ⁹
1169 4234 1262 4298 τοῦ
1293 4242 1512 4313 ψαλμοῦ
1551 4243 1915 4308 τελεσθέντος,

333 4339 560 4407 εὔχεται
599 4339 626 4390 ὁ
660 4339 835 4408 ἱερεὺς
889 4339 964 4409 τῷ
1009 4337 1204 4407 πλήθει
1237 4337 1337 4406 τὴν
1379 4337 1694 4390 τελευταίαν
1727 4340 1914 4408 εὐχὴν,

333 4436 396 4485 οὐ
437 4435 600 4501 μενον
631 4433 735 4496 ἔξω
762 4431 856 4484 τοῦ
893 4431 1277 4500 θυσιαστηρίου
1309 4431 1400 4483 καὶ
1437 4431 1651 4483 πάντων
1687 4432 1909 4483 ἀκουόν-

333 4544 472 4589 των,
507 4525 647 4579 ἀλλὰ
685 4526 782 4577 κοιλ⁵
817 4525 954 4593 πρὸς
987 4524 1123 4576 αὐτὸ
1155 4523 1216 4575 τὸ
1251 4522 1450 4593 πλῆθος
1494 4524 1912 4591 ἀποτεινόμενος

333 4618 404 4670 τὰ
438 4617 662 4685 ῥήματα
687 4615 784 4682 τῆς
820 4614 1006 4683 εὐχῆς,
1041 4613 1264 4681 μείζονα
1325 4612 1416 4664 νῦν
1456 4613 1488 4682 ἢ
1524 4613 1788 4682 πρότερον
1825 4614 1910 4663 ἐν-

331 4708 688 4775 δεικνύμενος
732 4705 830 4775 τὴν
876 4704 1010 4774 πρὸς
1045 4704 1169 4766 τοὺς
1214 4704 1438 4767 πολλοὺς
1477 4705 1780 4758 κοινωνίαν.
1816 4705 1911 4767 Τίς

331 4800 390 4852 δὲ
423 4801 457 4869 ἡ
485 4799 618 4868 εὐχή
644 4813 660 4860 ;
693 4797 813 4850 ’Ὶνα
835 4795 1148 4864 ἐλεηθέντες
1181 4796 1464 4864 σωθῶμεν,
1485 4795 1559 4857 ὡς
1589 4795 1741 4846 οὐδὲν
1763 4794 1912 4862 ἔχον-

332 4908 427 4952 τες
458 4888 672 4941 οἴκοθεν
704 4888 1035 4954 εἰσενεγκεῖν
1079 4887 1352 4954 σωτηρίας
1388 4885 1534 4947 ξιξ.ον
1555 4924 1569 4946 ,
1606 4885 1741 4936 ἀλλὰ
1773 4885 1910 4953 πρὸς

333 4985 510 5054 μόνην
531 4983 842 5052 ἀφορῶντες
860 4981 958 5050 τὴν
982 4979 1078 5033 τοῦ
1105 4979 1584 5047 σῶσαιδυναμένου
1612 4977 1801 5045 φιλανθ
1813 4994 1914 5047 ρω-

335 5078 492 5129 πίαν.
529 5077 626 5127 Διὰ
653 5071 815 5125 τοῦτο
848 5076 956 5143 γὰρ
993 5075 1085 5124 καὶ
1128 5072 1337 5124 πολλῶν
1368 5071 1601 5122 ἐνταῦθα
1639 5069 1911 5138 μέμνηται

335 5168 646 5238 πρέσϐεων,
674 5167 779 5218 τῶν
810 5167 886 5228 εἰς
911 5167 1068 5218 τοῦτο
1096 5165 1470 5233 βοηθησόντων
1495 5164 1655 5233 ἡμῖν’
1685 5163 1778 5214 καὶ
1805 5162 1912 5229 πρὸ

332 5262 578 5323 πάντων,
599 5261 696 5326 τῆς
719 5258 988 5324 παναγίας
1002 5258 1094 5310 τοῦ
1117 5257 1249 5309 Θεοῦ
1265 5255 1509 5326 Μητρὸς,
1531 5254 1595 5305 δι’
1614 5249 1678 5324 ἧς
1703 5256 1793 5306 καὶ
1813 5254 1910 5322 τὴν

329 5353 512 5420 ἀρχὴν
531 5353 860 5420 ὲλεήθημεν.
879 5351 950 5402 Τὸ
963 5350 1019 5402 δὲ
1044 5351 1326 5419 προοίμιον
1342 5348 1438 5416 τῆς
1462 5348 1648 5416 εὐχῆς,
1678 5346 1909 5414 Χριστὸς

327 5444 742 5512 ἁ).ηθινὸς,Θεὸς
771 5444 900 5510 ἡμῖν
917 5460 930 5472 ·
954 5443 1014 5494 οὐ
1039 5442 1146 5493 τῶν
1169 5441 1340 5493 νόθων
1363 5436 1439 5500 εἷς
1466 5444 1555 5492 καὶ
1580 5440 1685 5490 τῶν
1707 5438 1912 5506 deuotos

329 5538 546 5604 νὺμων,
583 5534 671 5597 οὖς
712 5535 938 5598 πολλούς
976 5552 1101 5588 ποτε
1137 5534 1419 5602 ὲσέὅομεν,
1454 5531 1564 5583 ἀλλ’
1593 5531 1649 5580 ὃν
1683 5527 1909 5597 ὕστερον

335 5628 488 5696 μόλις
540 5627 837 5696 εὑρόμεθα,
881 5647 898 5679 ι
961 5628 1020 5681 ὐ
1066 5627 1313 5696 ἀληθινὸς
1348 5626 1478 5686 Θεὸς
1515 5624 1690 5693 ἡμῶν.
1733 5641 1750 5673 ι
1811 5625 1909 5676 Διὰ

330 5721 496 5773 τοῦτο
545 5723 636 5775 καὶ
687 5722 832 5792 μόνῳ
883 5721 1032 5791 αὐτῷ
1072 5721 1274 5790 πρέπει
1319 5721 1392 5780 ὡς
1429 5718 1546 5785 Θεῷ
1583 5717 1728 5768 πᾶσι
1761 5715 1909 5777 δόξα,

335 5814 470 5883 τιμὴ
503 5819 594 5866 καὶ
630 5813 1016 5882 προσκυνησις,
1050 5813 1144 5863 σὺν
1177 5812 1251 5879 τῷ
1273 5813 1493 5879 ἀνάρχῳ
1524 5809 1686 5863 αὑτοῦ
1723 5810 1921 5878 Πατρὶ,

663 5914 932 5972 I‘A'rnot.
978 5915 1092 5972 Uti.
1129 5912 1254 5970 CL.
1317 5995 1324 5998 _

1536 354 1936 426 LITURGIAZ
1976 323 2403 432 axeosmo.

2933 435 2935 443 .
3488 376 3596 444 400

2669 475 2816 530 CAI'.
2856 477 2987 529 ΜΗ.

2039 580 2112 633 De
2178 602 2436 638 communi
2511 604 2720 656 propter
2773 603 3229 648 sacramentorum
3285 605 3610 659 communio-

2197 669 2306 706 nem
2335 659 2626 724 gratiarum
2649 661 2875 728 actione,
2905 671 2952 715 et
2982 665 3170 717 ultima
3202 670 3459 726 oratione.

2107 853 2379 910 Sacerdos
2402 867 2581 914 autem
2615 880 2710 920 eos
2732 868 2823 938 qui
2847 884 3461 936 suntsacramentorum
3480 899 3608 953 par-

2035 942 2226 1014 ticipes
2265 985 2282 1012 ,
2307 963 2406 1016 pro
2449 953 2867 1023 participatione
2896 963 3053 1031 jubet
3087 981 3248 1037 agere
3271 942 3605 1040 gratias-Deo

2033 1035 2123 1102 qui
2193 1037 2440 1107 impertit
2471 1083 2484 1106 ,
2518 1045 2682 1114 idque
2726 1066 2830 1105 non
2876 1056 3054 1111 otiose
3078 1099 3091 1121 ,
3128 1035 3308 1130 neque
3342 1066 3519 1120 obiter
3553 1079 3606 1122 et

2033 1129 2358 1197 socorditcr,
2401 1144 2494 1188 sea
2535 1147 2741 1195 attente
2779 1154 2833 1197 et
2862 1145 3167 1215 diligenter.
3194 1129 3308 1209 lloc
3334 1157 3477 1212 enim
3501 1161 3605 1214 sibi

2033 1218 2146 1272 vult
2175 1221 2329 1288 illud,
2384 1227 2546 1285 «recti
2573 1246 2585 1283 :
2616 1251 2634 1282 ›
2671 1248 2777 1288 non
2803 1235 3068 1305 jacentes,
3093 1258 3194 1298 nec
3215 1248 3484 1315 sedentes,
3513 1255 3606 1307 sed

2034 1310 2274 1367 animam
2331 1325 2386 1371 et
2432 1334 2631 1390 corpus
2662 1325 2727 1379 ad
2762 1327 2939 1396 ipsum
2991 1333 3355 1394 intendentes.
3404 1341 3606 1399 Deinde

2035 1417 2155 1456 cum
2198 1405 2303 1460 alia
2346 1424 2565 1480 quoque
2619 1431 2739 1484 qua!
2795 1435 3220 1493 consueverunt,
3247 1430 3417 1486 Deum
3449 1450 3605 1493 orare

2034 1497 2246 1564 suasit,
2282 1504 2558 1569 egreditur
2615 1508 2685 1563 ab
2714 1511 2892 1576 altari,
2915 1526 2969 1568 et
3008 1527 3160 1574 stans
3189 1535 3315 1578 ante
3339 1525 3506 1592 fores,
3535 1531 3604 1585 le-

2035 1586 2112 1656 git
2137 1605 2259 1657 qua:
2283 1594 2340 1646 lit
2368 1611 2465 1664 pro
2493 1601 2746 1657 omnibus
2783 1607 3106 1664 oralionem.
3143 1612 3241 1669 Hic
3271 1627 3450 1672 autem
3473 1621 3604 1678 illud

2034 1683 2332 1738 notandum
2394 1697 2500 1754 est,
2552 1698 2825 1761 quomodo
2856 1712 2979 1768 post
3007 1706 3360 1775 sacriﬁcium,
3394 1723 3450 1767 et
3486 1730 3605 1784 quae

2034 1769 2092 1822 lit
2151 1787 2372 1844 propter
2419 1780 2592 1846 ipsqu
2631 1787 3104 1862 gloriﬁcationem,
3142 1808 3401 1870 tanquam
3430 1811 3606 1862 omni-

2029 1859 2132 1916 bus
2193 1879 2314 1932 quae
2373 1868 2480 1925 Deo
2511 1873 2855 1940 debebantur
2894 1859 3150 1953 peractis.
3180 1859 3304 1947 cum
3331 1896 3440 1951 Deo
3472 1914 3606 1954 con-

2028 1961 2387 2013 versationem
2427 1973 2527 2026 ,et
2586 1967 2732 2024 illam
2796 1973 3137 2043 altitudinem
3208 1985 3375 2042 veluti
3436 1991 3602 2044 relin-

2027 2058 2200 2110 quens
2238 2086 2252 2110 ,
2290 2049 2358 2103 ad
2388 2050 2670 2111 hominum
2721 2061 3106 2124 allocutionem
3165 2072 3380 2130 videtur
3413 2081 3601 2147 paula-

2027 2134 2123 2188 tim
2154 2138 2484 2198 desceudere
2525 2187 2538 2210 ,
2572 2147 2738 2220 idque
2767 2169 2978 2222 sancte,
3008 2171 3144 2216 etut
3170 2164 3325 2221 decet
3347 2173 3600 2224 sacerdoo

2028 2234 2154 2278 tem.
2191 2228 2410 2312 Etenim
2474 2253 2643 2294 orans
2703 2243 2806 2298 hoc
2836 2247 2984 2313 facit,
3015 2261 3068 2305 et
3101 2254 3297 2310 modus
3331 2259 3598 2316 orationis

2025 2325 2077 2368 et
2107 2317 2257 2376 locus
2311 2315 2552 2384 osteltdit
2606 2343 2729 2386 eum
2763 2336 3114 2396 descendere.
3147 2345 3305 2402 Prius
3338 2350 3484 2404 enim
3527 2355 3597 2406 ad

2026 2409 2197 2468 altare
2229 2452 2244 2478 ,
2271 2425 2325 2470 et
2347 2420 2487 2487 apud
2542 2437 2602 2476 se
2630 2463 2645 2488 ,
2679 2438 2729 2479 et
2759 2428 2909 2483 nullo
2939 2433 3214 2501 audiente,
3250 2448 3303 2493 et
3327 2441 3394 2494 ad
3418 2422 3595 2498 Deum

2026 2504 2287 2574 intentus,
2307 2522 2461 2579 orat;
2488 2531 2633 2573 nunc
2652 2529 2856 2589 autem,
2887 2525 2955 2578 ab
2977 2528 3136 2582 altari
3169 2546 3443 2602 egressus,
3462 2547 3514 2592 ct
3543 2540 3598 2592 in

2028 2600 2206 2654 inedio
2271 2605 2454 2672 p0puli
2480 2611 2783 2676 exsistens,
2813 2617 3069 2673 omnibus
3095 2600 3462 2694 audientibus,
3500 2644 3599 2697 pm

2027 2687 2270 2748 Ecclesia
2326 2705 2380 2750 et
2409 2699 2665 2756 omnibus
2753 2705 3007 2763 ﬁdelibus
3058 2727 3403 2772 communem
3468 2720 3601 2776 facit

2027 2783 2349 2839 orationem.
2399 2787 2601 2848 Deinde
2654 2794 2816 2849 etiam
2871 2799 3110 2855 oblatum
3144 2819 3360 2873 panem,
3395 2825 3460 2864 cx
3489 2829 3599 2880 quo

2028 2880 2245 2928 sacrum
2305 2891 2502 2946 panem
2549 2883 2806 2952 abscidit,
2879 2890 2932 2944 in
2969 2894 3134 2949 multa
3165 2896 3399 2954 divisum
3436 2905 3601 2958 tradit

2031 2965 2298 3032 ﬁdelibus,
2369 2980 2427 3026 ut
2491 2965 2582 3044 qui
2639 2992 2860 3036 sanctus
2897 2984 2989 3048 sit,
3033 3002 3098 3040 eo
3125 2991 3267 3056 quod
3299 2991 3406 3046 Deo
3440 2993 3602 3050 fuerit

2026 3058 2306 3118 dedicatus
2335 3074 2389 3119 et
2433 3067 2688 3126 oblatus:
2723 3071 2798 3125 illi
2860 3085 3038 3131 autem
3106 3095 3230 3134 cum
3265 3086 3413 3139 omni
3442 3103 3598 3142 reve-

1949 3157 1991 3215 α
2026 3151 2198 3206 rentia
2228 3155 2554 3224 suscipiunt,
2577 3170 2629 3214 et
2658 3162 2936 3218 dexteram
2960 3169 3370 3241 deosculautur,
3406 3189 3602 3247 uiuum

2029 3244 2454 3301 sanctissimum
2499 3249 2804 3309 Servatoris
2833 3274 3029 3328 corpus
3061 3274 3307 3320 recenter
3341 3272 3598 3339 tetigerit,

2025 3341 2080 3386 et
2107 3350 2227 3403 quae
2255 3354 2320 3392 ex
2353 3354 2415 3393 eo
2439 3343 2687 3410 procedit
2717 3349 3204 3408 sanctiticaliouem
3247 3368 3300 3412 et
3335 3375 3596 3428 suscepe-

2025 3423 2115 3489 rit,
2139 3439 2188 3479 et
2222 3427 2289 3481 iis
2322 3430 2414 3496 qui
2456 3431 2752 3502 attingunt,
2779 3438 3045 3506 impertiri
3080 3446 3355 3502 credatur.
3388 3449 3596 3506 interea

2025 3527 2209 3571 autem
2273 3536 2394 3574 cum
2447 3528 2667 3594 qucque
2718 3530 2810 3596 Qui
2838 3526 2946 3586 illis
2972 3535 3163 3589 borum
3203 3541 3469 3596 bonorum
3500 3560 3598 3598 auo

2024 3617 2145 3663 ctor
2206 3623 2288 3668 est
2313 3621 2366 3668 ct
2397 3619 2798 3689 suppeditatur,
2828 3624 3156 3695 gloriticaut;
3187 3644 3241 3685 et
3274 3633 3598 3701 glorilicatio

2023 3697 2337 3772 Scripturze,
2385 3726 2403 3758 ι
2454 3697 2534 3762 Sit
2571 3727 2764 3766 nomen
2802 3713 3012 3770 Domini
3067 3697 3428 3786 benedictum.
3476 3748 3494 3779 ι
3544 3739 3596 3784 et

2026 3810 2148 3862 quae
2211 3808 2538 3868 sequuntur.
2592 3805 2658 3857 Et
2729 3823 2854 3861 cum
2901 3810 3004 3865 hoc
3051 3829 3193 3884 saepe
3221 3817 3596 3881 clamaverint.

2024 3888 2292 3955 psalmum
2355 3902 2543 3959 postea
2605 3897 2789 3966 legunt
2825 3941 2839 3966 ,
2877 3902 3092 3969 plenum
3120 3906 3514 3975 gloriﬁcatione
3542 3924 3596 3967 et

2023 3979 2321 4047 gratiarum
2363 3983 2600 4039 actione.
2631 3988 2762 4052 Quis
2796 3999 2880 4044 est
2925 4004 3104 4046 autem
3138 3996 3408 4065 psalmus?
3437 4020 3454 4051 ι
3496 4001 3596 4056 Be-

2023 4070 2272 4124 nedicam
2318 4071 2606 4129 Dominum
2664 4079 2720 4132 in
2751 4083 2902 4136 omni
2973 4091 3236 4154 tempore.
3274 4107 3292 4139 ι
3329 4090 3473 4144 I'anc
3502 4110 3596 4148 au-

2025 4170 2127 4213 tem
2189 4161 2502 4227 distributo,
2529 4179 2580 4220 et
2610 4171 2820 4237 psalmo
2853 4186 3092 4242 peracto,
3122 4189 3377 4246 precatur
3408 4198 3596 4237 sacer-

2023 4247 2124 4306 dos
2177 4258 2381 4322 populo
2439 4259 2685 4315 ultimam
2746 4267 3288 4332 precationem,non
3314 4275 3488 4335 solum
3526 4279 3596 4329 ab

2023 4344 2180 4396 altari
2240 4346 2551 4415 disjunctus
2581 4390 2596 4414 ,
2629 4362 2685 4406 et
2746 4357 3002 4412 omnibus
3067 4361 3412 4418 audientibus
3443 4405 3458 4430 ,
3499 4370 3623 4420 sed-

2026 4433 2189 4487 etiam
2219 4434 2285 4488 ad
2349 4438 2520 4506 ipsam
2575 4442 2976 4498 tnultitudinem
3008 4448 3247 4517 dirigens
3281 4453 3442 4505 verba
3469 4471 3596 4506 ora-

2025 4523 2212 4589 tionis,
2248 4527 2510 4596 majorem
2581 4548 2724 4589 nunc
2772 4548 2932 4602 quam
2985 4548 3107 4590 ante
3147 4544 3439 4598 ostendens
3467 4561 3592 4598 cum

2029 4615 2215 4672 multis
2246 4620 2696 4676 consuetudinem
2723 4663 2735 4674 .
2764 4623 2896 4690 Qua:
2934 4637 3018 4680 est
3073 4643 3251 4684 autem
3285 4635 3496 4688 oratio?
3529 4635 3598 4691 Ut

2027 4707 2459 4762 misericordiam
2508 4713 2740 4767 assecuti
2765 4729 3074 4783 εοιϊριιιιιτ,
3103 4723 3278 4789 utqui
3304 4725 3436 4778 nihil
3470 4742 3590 4794 pro-

2028 4800 2206 4867 prium
2251 4800 2447 4855 aﬂ‘erre
2481 4804 2915 4873 possimusquod
2940 4809 3009 4858 sit
3033 4808 3255 4877 dignum
3281 4816 3475 4879 salute,
3502 4818 3594 4870 sed

2028 4890 2095 4943 ad
2127 4891 2294 4943 solam
2365 4893 2718 4960 respicientes
2761 4895 2878 4963 ejus
2920 4897 3010 4965 qui
3036 4915 3255 4954 servare
3289 4913 3463 4971 potest
3504 4906 3598 4959 lte-

2030 4979 2347 5049 niguitatent
2402 4991 2454 5034 et
2528 4983 2894 5038 clementiam.
2951 4987 3236 5055 Propterea
3294 4995 3439 5047 enim
3511 4997 3598 5048 hie

2025 5073 2189 5124 etiam
2217 5074 2508 5126 multorum
2537 5077 2783 5130 meminit
2809 5077 3253 5148 iutercessm-um,
3287 5086 3376 5154 qui
3403 5087 3467 5139 ad
3493 5087 3597 5139 hoc

2031 5165 2188 5217 nobis
2254 5166 2412 5218 laturi
2440 5176 2568 5220 sunt
2624 5169 2884 5222 auxilium
2924 5211 2936 5232 ,
2969 5182 3021 5224 et
3053 5183 3176 5228 ante
3220 5189 3433 5239 omnes,
3468 5188 3598 5228 san-

2025 5257 2285 5310 ctissimus
2321 5257 2409 5310 Dei
2455 5258 2642 5313 Matris
2665 5299 2680 5324 ,
2712 5264 2984 5330 peﬁquatn
3019 5274 3070 5317 et
3101 5266 3167 5318 ab
3194 5266 3348 5318 initio
3380 5267 3595 5318 miseri-

2026 5349 2269 5402 cordiam
2331 5365 2514 5405 sumus
2546 5356 2849 5408 consecuti.
2886 5355 3213 5409 Pt‘owmium
3257 5369 3436 5412 autem
3473 5373 3596 5410 ora-

2027 5441 2209 5505 tionis,
2248 5441 2502 5496 Christus
2537 5458 2698 5498 verus
2735 5444 2877 5499 Deus
2914 5458 3119 5500 noster:
3149 5463 3255 5500 non
3293 5464 3354 5498 ex
3384 5447 3595 5500 adulte-

2031 5533 2161 5585 riuis
2192 5543 2249 5585 et
2284 5534 2458 5601 iisqui
2494 5533 2630 5588 falso
2661 5539 2878 5590 nomine
2905 5538 3268 5606 appellantur,
3293 5552 3428 5604 quos
3453 5541 3596 5593 mul-

2026 5632 2110 5676 tus
2169 5624 2463 5692 aliquando
2513 5627 2806 5692 coluimus,
2852 5630 2942 5680 sed
2973 5644 3130 5695 quem
3171 5638 3352 5695 postea
3387 5627 3474 5682 vix
3512 5632 3595 5684 in-

2024 5717 2296 5780 venimus,
2340 5736 2356 5767 ι
2401 5717 2572 5772 Vetus
2623 5719 2766 5773 Deus
2801 5730 3019 5782 noster;
3061 5738 3080 5770 ι
3121 5731 3400 5786 91⁸01101⁸θῆ
3430 5723 3594 5778 etiam

2035 5809 2104 5861 illi
2134 5809 2382 5861 etuttenit
2462 5820 2718 5877 tanquam
2752 5810 2859 5861 Deo
2897 5848 2911 5873 ,
2938 5811 3118 5863 omnis
3151 5813 3345 5881 gloria,
3371 5815 3470 5871 soli
3501 5817 3600 5873 h0-

3205 5913 3274 5975 lli

2023 6002 2048 6022 ο
