3992 6202
444 389 552 454 ἰί91
1674 387 1991 448 NICOLAI

2196 387 2435 447 ASlL/E
3577 391 3690 456 492
3767 395 3772 401 ’

450 519 550 558 nor
576 512 630 558 et
676 501 922 558 adoratio
953 535 971 564 ,
1005 498 1096 569 qui
1127 506 1210 554 est
1262 513 1384 554 cum
1417 497 1573 553 Patre
1595 497 1714 569 ejus
1748 499 2014 570 principio

2119 499 2214 552 καὶ
2269 498 2347 568 τῷ
2396 497 2649 568 παναγὶῳ
2696 496 2788 550 καὶ
2840 495 3032 567 ἀγαθῷ
3089 497 3183 552 καὶ
3218 495 3468 566 ζωοποιῷ
3517 497 3685 552 αὐτοῦ

450 604 668 649 carente
700 601 794 661 ,et
843 588 1191 646 sanctissimo
1254 598 1308 646 et
1349 590 1492 646 bono
1545 597 1599 645 et
1627 589 1840 646 viviﬁco
1892 592 2011 659 ejus

2119 594 2417 663 Πνεύματι,
2448 591 2543 647 νῦν
2572 593 2666 648 καὶ
2688 593 2775 648 ἀεὶ
2803 592 2900 648 καὶ
2923 593 3008 656 εἰς
3036 591 3162 656 τοὺς
3186 591 3389 654 αἰῶνας
3412 589 3520 644 τῶν
3556 591 3689 647 αἰῶ-

450 685 655 754 Spiritu
696 723 712 749 ,
745 697 888 737 nunc
912 690 968 736 ct
1013 696 1226 752 semper
1257 724 1273 750 ,
1319 693 1372 738 et
1437 682 1490 736 in
1543 683 1738 739 sarcula
1777 684 2010 739 saeculo-

912 690 968 736 ct
1013 696 1226 752 semper
1257 724 1273 750 ,
1319 693 1372 738 et
1437 682 1490 736 in
1543 683 1738 739 sarcula
1777 684 2010 739 saeculo-
2116 703 2241 740 νων.
2286 685 2478 756 Ἀμήν.

448 792 590 831 rum.
626 776 819 830 Amen.

450 978 788 990 ——~——-————.

1367 1018 2731 1294 NIKOAAOY

1475 1402 1777 1519 ΤΟΥ
1848 1402 2627 1521 ΚΑΒΑΣΙΛΑ.

859 1642 1251 1770 ΠΕΡΙ
1353 1644 1690 1772 ΤΗΣ
1796 1644 2004 1769 EN
2106 1587 2724 1772 ΧΡΙΣΤΩ
2835 1644 3284 1774 ΖΩΗΣ

1363 1873 1382 1886 ”
1707 1877 2418 1970 ΛΟΓΟΙΕΠΤΑ.

1121 2260 1894 2424 NICOLAI
2013 2261 2990 2420 CABASlLfE

1273 2577 1454 2690 DE
1533 2577 1890 2694 VITA
1981 2579 2122 2691 ΙΝ
2217 2576 2847 2694 CHRISTO

1613 2824 2465 2914 LIBRISEPTEM

586 3186 692 3248 Ex
721 3134 948 3246 Jacobi
975 3177 1250 3243 Pontani
1277 3176 1612 3242 Societatis
1644 3181 1795 3241 Iesu
1851 3178 2233 3262 Prw/aliane
2278 3177 2361 3240 ad
2386 3177 2722 3253 Lectorem,
2770 3176 2840 3239 in
2891 3175 3179 3256 Philippi
3222 3175 3516 3239 Solitarii

1808 3283 2141 3361 Dioptram
2185 3282 2293 3363 (α).

503 3451 944 3508 Exstabatetiam
981 3449 1033 3503 in
1074 3445 1414 3503 Bibliotheca
1466 3445 1728 3501 Bavarica
1759 3444 1966 3502 Nicolai
1994 3445 2079 3501 Cal

2091 3446 2254 3501 )asilte
2288 3447 2423 3517 Περὶ
2449 3447 2545 3515 τῆς
2573 3447 2629 3499 ἐν
2668 3447 2889 3519 Χριστῷ
2919 3446 3085 3518 ζωῆς,
3110 3445 3186 3501 De
3209 3447 3316 3502 vita
3353 3448 3409 3502 in
3436 3446 3667 3511 Christo,

446 3543 770 3614 opusculum
803 3555 938 3594 sane
961 3538 1180 3594 doctum
1216 3553 1279 3591 ac
1303 3537 1473 3607 pium,
1501 3544 1556 3590 et
1586 3537 1650 3591 ad
1678 3537 1893 3592 animos
1927 3537 2020 3591 Dei
2051 3549 2236 3588 amore
2267 3533 2686 3590 inﬂammandos
2712 3534 2848 3591 mire
2904 3535 3239 3606 appositum,
3260 3536 3406 3606 quod
3434 3536 3670 3606 Dioptrc

430 3633 734 3702 adjungcre
777 3636 1004 3698 propter
1043 3640 1223 3679 rerum
1269 3625 1708 3680 convenientiam
1757 3625 1980 3694 placuit,
2026 3638 2422 3694 spcramusqne
2474 3627 2592 3694 pari
2630 3626 2810 3680 fructu
2865 3626 3149 3682 evolutum
3202 3626 3292 3681 iri.
3335 3625 3669 3683 Volebamus

429 3716 843 3786 inscriptionem
890 3715 960 3768 ita
995 3713 1241 3777 reddere,
1289 3711 1362 3766 De
1401 3714 1510 3766 vita
1538 3710 1866 3766 Christiana.
1901 3711 2006 3765 Sed
2041 3727 2166 3766 cum
2201 3712 2291 3767 ille
2327 3729 2434 3766 non
2476 3721 2586 3766 tam
2621 3713 2785 3768 vitam
2813 3712 3183 3770 Christianam
3222 3716 3508 3784 praceptis
3547 3715 3670 3771 lor-

427 3818 538 3859 mct
566 3845 580 3870 ,
613 3818 777 3873 quam
819 3801 1282 3871 quemadmodum
1319 3800 1407 3854 illa
1433 3816 1556 3873 cum
1589 3800 1810 3854 Christo
1842 3801 1895 3854 in
1936 3799 2048 3854 Deo
2081 3802 2406 3856 abscondita
2433 3801 2526 3865 sit,
2561 3805 2834 3868 ostendat,
2875 3801 3036 3872 idque
3075 3803 3240 3856 trium
3282 3813 3667 3857 sacramento-

427 3867 574 3950 ιίινιιι⁷
614 3867 665 3948 xii
714 3903 768 3949 et
820 3867 1024 3948 uirtute
1056 3867 1760 3963 potissimum,.Baptisrni,
1792 3890 2077 3946 Unctionis
2128 3890 2246 3944 sive
2279 3890 2746 3954 Conﬁrmationis,
2798 3867 2853 3945 et
2896 3867 3278 3956 Eucharistite,
3334 3892 3519 3946 verius
3559 3891 3666 3945 fuit

421 3983 771 4052 simpliciter,
806 3979 884 4034 De
913 3981 1019 4034 vita
1065 3981 1121 4033 in
1153 3979 1384 4045 Christo,
1424 3979 1747 4046 inscribere,
1780 3978 2081 4035 secundum
2115 3978 2279 4031 verba
2306 3976 2493 4032 Graeca
2525 3977 2760 4032 scilicet.
2792 3976 2916 4032 Fuit
2954 3978 3238 4034 Cabasilas
3282 3979 3367 4033 vir
3400 3978 3654 4039 illustris.

425 4071 580 4138 cujus
617 4068 919 4123 honorifica
970 4068 1178 4122 mentio
1214 4067 1268 4120 in
1319 4067 1550 4138 hiStoria
1601 4065 1828 4121 Joannis
1861 4063 2223 4120 Cantacuceni
2273 4074 2484 4130 nostra,
2523 4066 2616 4119 lib.
2661 4081 2751 4132 ιιι,
2790 4081 2912 4134 cap.
2963 4065 3030 4121 73
3075 4073 3131 4121 et
3179 4066 3270 4132 99,
3313 4065 3405 4120 ubi
3465 4065 3659 4120 Sacelli

422 4168 647 4212 curator
681 4157 798 4209 sive
837 4153 1140 4209 Prmfectus
1196 4154 1532 4217 nominatur,
1567 4153 1659 4222 qui
1709 4169 1737 4207 a
1786 4152 2114 4222 Curopalata
2169 4159 2309 4213 libro
2346 4159 2420 4213 De
2466 4157 2788 4228 ofﬁcialibus
2842 4158 3034 4229 palatii
3080 4157 3663 4228 Constantinopolitani

419 4258 470 4298 ct
503 4245 698 4312 ofﬁciis
719 4243 924 4309 Magna:
951 4240 1200 4297 Ecclesia:
1219 4241 1300 4296 sic
1328 4241 1693 4295 describitur:
1715 4242 1763 4312 (ὁ
1798 4241 1995 4294 oaxen

2088 4284 2105 4311 ,
2140 4248 2369 4302 subaudi
2395 4247 2601 4318 ἄρχων)
2629 4248 2847 4318 κρατῶν
2864 4249 2962 4312 τὰς
2991 4246 3288 4311 καθολικὰς
3314 4247 3662 4318 Ἑκκλησίας,

427 4333 520 4384 καὶ
541 4333 601 4384 τὸ
626 4329 930 4390 σακέλ).ιον,
961 4328 1114 4395 cujus
1159 4336 1237 4381 est
1269 4335 1498 4396 potestas
1524 4329 1576 4380 in
1611 4325 1878 4382 Ecclesiae
1911 4327 2234 4400 Catholicae,
2265 4345 2314 4392 et
2339 4351 2418 4388 res
2442 4335 2782 4399 sacellorum,
2806 4336 2858 4390 id
2883 4346 2986 4398 est,
3020 4349 3200 4392 rerum
3224 4337 3288 4390 ad
3311 4351 3498 4392 sacras
3519 4337 3664 4390 aedes

419 4429 474 4471 et
527 4418 728 4470 sacella
777 4415 1136 4484 pertinentes.
1174 4415 1430 4483 Ejusdem
1479 4415 1657 4470 oratio
1689 4416 1745 4470 in
1799 4416 2153 4479 feneratores
2198 4425 2252 4478 ιη
2289 4423 2482 4478 eodem
2537 4424 2723 4480 codice
2769 4423 3035 4480 Βενετίοο
3084 4425 3434 4495 sequebatur,
3492 4425 3666 4479 multo

417 4507 766 4562 cmendatior
791 4504 1041 4575 profecto
1069 4517 1122 4562 et
1158 4507 1389 4577 longior,
1420 4523 1585 4578 quam
1618 4510 1881 4579 Augustae
1907 4511 2287 4581 superioribus
2326 4513 2488 4567 annis
2538 4521 2621 4568 est
2673 4513 2840 4568 edita.
2872 4512 3045 4578 Quam
3076 4512 3125 4568 si
3160 4513 3390 4583 legerint
3436 4513 3526 4567 isti
3560 4531 3591 4580 ιι
3607 4517 3661 4567 ιιι

415 4597 740 4662 fmnerando
782 4597 1031 4656 homines
1059 4600 1315 4669 occidunt
1341 4599 1443 4670 (sic
1470 4601 1617 4655 enim
1649 4601 1785 4657 Cato
1813 4600 2141 4665 Censorius,
2177 4601 2548 4670 interrogatus
2579 4599 2710 4670 quid
2745 4609 2894 4656 esset
2937 4599 3222 4666 fcenerari,
3271 4598 3424 4664 Quod
3481 4602 3660 4654 homi-

413 4702 568 4752 nem,
603 4685 803 4756 inquit,
838 4687 1133 4758 occidere),
1170 4688 1302 4759 quid
1325 4688 1560 4759 amplius
1585 4690 1811 4746 nefariae
1833 4689 2170 4762 improbitati
2210 4705 2324 4746 sum
2354 4699 2673 4761 praetexam,
2721 4707 2830 4749 non
2870 4690 3172 4748 habebunt.
3206 4690 3462 4748 Occurrit
3489 4695 3662 4754 enim.

415 4785 471 4830 et
509 4775 757 4832 conlutat
791 4777 1005 4834 illorum
1041 4777 1286 4834 rationes
1321 4778 1616 4835 universas

489 4957 560 5020 (a)
589 4959 711 5008 \‘ide
746 4963 858 5008 tom.
879 4957 1103 5010 CXXVII.
