3992 6202
313 399 420 461 495

1557 379 1870 445 NICOLAI
1906 377 2292 438 CABASILrE

3433 350 3541 419 496

316 512 664 567 facultatibus
734 518 788 563 et
860 508 1112 563 sensibus
1174 503 1240 558 ad
1303 504 1472 572 ipsam
1546 494 1911 554 necessariis.

2021 493 2118 547 λλὰ
2143 491 2327 562 νεκροὶ
2371 489 2462 542 καὶ
2501 485 2672 541 ἄθλιοι
2729 482 2817 536 τὸν
2869 478 3137 551 μακάριον
3192 475 3395 528 ἐκεῖνον
3450 473 3547 526 καὶ

314 605 564 659 desertos
591 601 884 670 acceperit,
906 600 972 653 iis
1001 595 1392 652 beatitudinem
1419 593 1620 647 nullam
1647 591 1838 646 afferet
1862 605 1876 642 :

317 698 408 748 sed
437 697 497 748 in'
525 693 671 748 felici
700 692 794 744 illo
823 689 1227 758 immortalique
1270 686 1478 742 mundo
1520 685 1625 756 ipsi
1674 682 1880 738 mortui

315 797 368 841 et
399 785 646 840 infelices
671 782 1012 837 habitabunt.
1044 780 1180 834 Nam
1223 781 1406 834 lumen
1440 778 1658 848 quidem
1694 775 1880 831 exori-

317 888 426 941 tur,
455 886 510 930 et
540 875 617 930 sol
654 890 823 944 puros
853 873 1057 927 emittit
1087 873 1293 936 radios,
1323 872 1517 926 oculus
1549 877 1734 923 autem
1765 876 1878 922 tum

316 985 425 1022 non
462 967 750 1020 formatur.
791 965 854 1018 Et
885 965 1072 1020 odoris
1109 964 1412 1034 fragrantia
1457 963 1603 1032 large
1636 961 1885 1030 copiose-

318 1071 424 1123 que
464 1053 633 1108 effusa
669 1053 856 1121 implet
894 1055 1118 1121 omnia;
1170 1065 1225 1108 at
1260 1068 1440 1119 nares,
1473 1053 1589 1108 sive
1620 1051 1879 1106 olfactum

318 1144 412 1212 qui
448 1158 559 1196 non
590 1143 859 1208 habuerit,
899 1159 1006 1198 non
1039 1161 1163 1199 eum
1196 1145 1324 1200 hinc
1370 1144 1618 1214 accipiet.
1660 1142 1736 1196 lta
1765 1158 1883 1214 my-

319 1235 506 1289 steriis
531 1250 656 1288 cum
695 1235 833 1289 Filio
867 1237 959 1291 Dei
988 1237 1196 1291 amicos
1229 1237 1321 1292 illo
1364 1237 1452 1291 die
1477 1235 1887 1290 communicare

319 1329 526 1394 licebit,
563 1338 614 1382 ct
645 1344 766 1399 qua:
792 1329 1064 1383 audiverit
1086 1345 1116 1383 a
1143 1329 1301 1384 Patre
1350 1345 1473 1393 suo,
1506 1345 1566 1384 ea
1599 1330 1666 1384 ab
1693 1329 1883 1384 eodem

319 1434 654 1489 cognoscere
681 1460 696 1484 ,
730 1422 823 1474 sed
867 1421 1017 1490 ipsos
1055 1422 1263 1476 amicos
1289 1423 1408 1488 ejus
1437 1423 1599 1475 etiam
1633 1434 1755 1474 eum
1787 1436 1887 1475 au-

320 1512 475 1566 ribus
507 1526 575 1565 eo
603 1511 860 1565 advenire
901 1527 1124 1566 necesse
1157 1520 1258 1566 est.
1293 1510 1403 1566 Nec
1432 1513 1577 1566 enim
1621 1512 1732 1566 illic
1775 1514 1891 1582 pri-

325 1619 473 1656 mum
507 1603 802 1656 amicitiam
837 1602 1057 1656 dabitur
1089 1602 1440 1672 conjungere.
1485 1612 1537 1657 et
1576 1619 1737 1659 aures
1775 1615 1887 1658 tum

327 1697 547 1750 demum
607 1695 844 1765 aperire,
900 1703 1218 1764 vestemque
1264 1695 1553 1764 nuptialem
1599 1695 1891 1763 conficere,

325 1796 380 1841 et
418 1789 522 1840 alia
553 1788 772 1841 demum
803 1800 1146 1856 comparare,
1183 1801 1305 1856 quae
1334 1801 1571 1856 sponsus
1595 1787 1686 1842 ille
1716 1790 1896 1859 requi-

1981 586 2246 641 ἀθάνατον
2273 584 2552 652 οἰκήσουσι
2576 579 2802 646 κόσμον.
2839 575 2899 628 '0
2931 573 2986 626 δὲ
3019 571 3197 639 λόγος,
3238 566 3404 620 ὅτιτὸ
3447 563 3546 633 μὲν

1985 676 2100 746 φῶς
2130 674 2422 737 ἀνατέλλει,
2448 673 2537 724 καὶ
2566 672 2593 723 ό
2621 670 2770 739 ἥλιος
2784 665 3030 734 καθαρὰν
3058 662 3158 731 τὴν
3185 658 3377 712 ἀκτῖνα
3407 671 3549 722 παρ·

1984 770 2116 837 έχει,
2155 765 2424 835 ὀφθαλμὸν
2460 761 2517 816 δὲ
2561 761 2662 814 οὐκ
2712 760 2790 811 ἔνι
2835 753 3131 823 τηνικαῦτα
3183 747 3537 815 πλασθῆναι·

1985 861 2081 914 καὶ
2109 861 2142 930 ἡ
2182 859 2280 929 μὲν
2312 856 2405 910 τοῦ
2437 854 2746 923 πνεύματος
2773 849 2969 902 εὐωδία
3015 842 3253 913 δαψιλῶς
3312 842 3552 909 ἐκχεῖται

1987 961 2080 1012 καὶ
2109 958 2177 1010 τὰ
2208 957 2388 1009 πάντα
2417 953 2664 1022 κατέχει,
2702 948 2968 1016 ὄσφρησιν
2997 941 3053 994 δὲ
3081 942 3180 993 οὐκ
3210 938 3276 994 ἄν
3323 951 3407 997 τις
3457 933 3556 986 λά-

1988 1052 2073 1106 ϐοι
2108 1052 2182 1122 μὴ
2215 1050 2372 1119 ἔχων.
2405 1046 2516 1100 Καὶ
2537 1043 2645 1096 τῶν
2680 1041 2774 1111 μὲν
2809 1033 3117 1108 μυστηρίων
3160 1029 3333 1094 ἔξεστι
3373 1042 3559 1080 κοινω-

1987 1115 2146 1214 νῆσαι
2171 1115 2406 1210 ’τιῖί-Υἱῷ
2437 1135 2528 1188 τοῦ
2562 1131 2696 1185 Θεοῦ
2727 1131 2849 1190 τοὺς
2873 1126 3058 1194 φίλους
3090 1121 3232 1175 κατὰ
3284 1117 3382 1187 τὴν
3411 1115 3558 1184 ἠμέ-

1993 1211 2088 1310 ραν
2114 1235 2347 1303 ἐκείνην,
2386 1229 2476 1283 καὶ
2510 1228 2546 1281 ἃ
2579 1226 2774 1296 ἢκουσε
2804 1219 2953 1289 ⁸ιιῖαρᾶι
2979 1215 3073 1269 τοῦ
3099 1211 3310 1283 Πατρὸς
3332 1211 3559 1272 ἐκεῖνος,

1989 1299 2120 1402 Imp
2148 1299 2356 1381 ἐκείνου
2394 1322 2580 1392 μαθεῖν
2614 1314 2838 1377 αὐτούς’
2871 1313 3083 1378 ἀνάγκη
3137 1305 3193 1358 δὲ
3250 1302 3436 1372 φίλους
3472 1299 3563 1352 όν-

1989 1392 2087 1484 τας
2116 1417 2278 1473 αὑτοῦ
2303 1419 2396 1468 και
2427 1407 2539 1466 ὦτα
2565 1407 2788 1479 ἔχοντας
2821 1398 3134 1470 ἀφικέσθαι.
3171 1395 3245 1449 Οὐ
3278 1393 3385 1461 γὰρ
3415 1392 3563 1442 ἐστιν

1993 1480 2226 1567 ἐνταῦθα
2255 1505 2432 1574 φιλίαν
2459 1502 2716 1569 συστῆναι
2745 1497 2840 1549 καὶ
2858 1490 2952 1556 οὖς
2983 1488 3267 1558 ἀνοιγῆναι
3309 1484 3408 1536 καὶ
3436 1480 3568 1551 ίμά-

1991 1623 2103 1658 τιον
2131 1598 2400 1671 νυμφικδν
2459 1587 2969 1656 κατασκευασθῆναι
2996 1583 3087 1636 καλ⁸
3131 1578 3299 1632 τάλλα
3351 1576 3572 1642 ἑτοιμα-

1997 1661 2215 1763 σθῆναι,
2254 1661 2328 1742 ὧν
2356 1684 2547 1778 ὲηείνῳ
2591 1682 2669 1734 δεῖ
2711 1679 2792 1749 τῷ
2853 1673 3122 1744 νυμφῶνι,
3169 1665 3306 1722 ἀλλὰ
3363 1661 3570 1715 τούτων

2725 1765 2753 1778 ⁸
2897 1770 2909 1778 ·
2949 1767 2998 1778 λ’
3182 1763 3195 1778 \
3240 1754 3311 1778 7'4
3339 1756 3434 1778 Α).--
3458 1751 3548 1778 tul

1997 1751 2251 1841 ἀπάντων
2300 1751 2659 1851 ἐργαστηριον
2696 1765 2850 1831 οὗτος
2888 1770 2917 1822 ὁ
2948 1767 3089 1837 βίος·
3114 1763 3206 1816 καὶ
3231 1754 3312 1822 οἷς
3335 1756 3435 1810 οὐκ
3457 1751 3573 1821 ἐγέ-

328 1879 395 1934 rit
425 1897 439 1933 :
474 1896 663 1935 verum
690 1881 919 1936 istorum
983 1879 1228 1933 omnium
1261 1879 1479 1935 officina
1507 1888 1590 1936 est
1618 1881 1764 1951 quod
1792 1846 1896 1937 .hic

2019 1896 2122 1932 ιετο
2146 1875 2315 1930 ταῦτα
2335 1846 2486 1942 ’ττρὶν
2516 1846 2789 1926 ἀπελθεῖν,
2819 1859 2995 1915 κοινὸν
3023 1854 3174 1910 οὐδὲν
3226 1853 3308 1914 είς
3352 1846 3570 1914 ἐκείνην

331 1974 507 2026 uitatis
553 1972 827 2044 degimus.
855 1971 1066 2037 Quibus
1110 1986 1277 2041 porro
1327 1973 1520 2028 isthacc
1553 1990 1661 2029 non
1699 1990 1899 2044 suppe-

331 2064 648 2130 ditaverint,
679 2074 969 2134 antequam
1018 2062 1300 2130 decedant,
1349 2064 1418 2118 iis
1464 2064 1601 2119 nihil
1631 2080 1755 2120 cum
1790 2067 1899 2120 vita

336 2157 424 2210 ilia
461 2170 754 2210 commune
793 2154 920 2209 erit.
963 2152 1154 2208 Testes
1203 2162 1329 2208 sunt
1372 2153 1616 2223 quinque
1663 2155 1902 2226 virgines

335 2251 517 2317 fatuae,
553 2260 607 2306 et
658 2259 882 2304 vocatus
945 2247 1014 2302 ad
1075 2247 1329 2317 nuptias;
1372 2247 1463 2311 qui
1509 2249 1766 2318 quoniam
1814 2253 1902 2307 in.

335 2343 529 2399 structi
565 2357 673 2397 non
707 2349 992 2404 venerunt,
1026 2354 1125 2393 nec
1162 2338 1266 2393 illae
1306 2339 1486 2394 oleum
1514 2343 1772 2414 amplius,
1809 2363 1910 2405 nec

339 2434 436 2487 iste
464 2440 669 2485 vestem
699 2429 988 2498 acquirere
1022 2435 1312 2496 potuerunt
1337 2429 1379 2480 ².

407 2527 640 2580 Omnino
705 2521 1020 2577 interiorem
1080 2521 1379 2584 hominem,
1424 2538 1648 2591 novum,
1707 2537 1762 2582 et
1811 2531 1907 2599 qui

340 2617 641 2672 secundum
667 2614 833 2669 Deum
857 2623 1076 2668 creatus
1101 2624 1182 2668 est
1201 2614 1242 2679 ³,
1263 2614 1502 2670 mundus
1527 2617 1628 2672 iste
1652 2625 1908 2688 parturit,

343 2711 435 2779 qui
469 2709 557 2764 hic
577 2709 737 2763 fictus
771 2707 1152 2774 formatusque
1181 2713 1234 2760 et
1265 2705 1340 2759 ita
1367 2706 1642 2775 perfectus
1672 2709 1724 2762 in
1755 2710 1909 2766 illum

341 2804 643 2871 perfectum
702 2808 757 2854 et
797 2798 948 2853 nullo
982 2797 1135 2853 senio
1166 2797 1508 2852 fatiscentem
1537 2800 1796 2854 mundum
1824 2817 1914 2872 ge-

347 2904 588 2947 neratur.
644 2890 1112 2957 Quemadmodum
1167 2891 1310 2941 enim
1377 2887 1616 2956 fretum,
1668 2894 1909 2960 quandiu

347 2996 593 3040 materno
647 2984 868 3038 clausus
924 2991 1100 3043 utero,
1161 2981 1214 3034 in
1260 2981 1498 3036 tenebris
1547 2991 1600 3037 et
1650 2984 1703 3036 in
1753 2994 1916 3040 nocte

2005 1972 2120 2028 ἐστὶ
2157 1969 2255 2036 τὴν
2311 1936 2477 2034 ζωην.
2513 1961 2626 2014 Καὶ
2674 1955 2951 2027 μάρτυρες
2999 1949 3054 2000 αί
3104 1943 3265 2036 πέντε
3315 1936 3575 2036 παρθίνρι

2213 2021 2294 2122 είς
2320 2021 2606 2121 τιν’γὰμον
2661 2021 2899 2114 κληθεὶς,
2930 2041 3051 2092 ἐπεὶ
3111 2033 3187 2104 μὴ
3238 2030 3449 2100 ἔχοντες
3476 2021 3577 2122 ἦλ-

2010 2163 2119 2222 θον,
2145 2157 2221 2226 μὴ
2251 2118 2549 2221 κτήσασθαι
2571 2140 2886 2208 δυνηθέντες
2911 2137 3046 2204 μήτε
3073 2130 3249 2183 ἔλαιον
3284 2125 3417 2194 μήτε
3451 2118 3579 2188 ἰμά-

2010 2269 2144 2306 τιον.

2082 2525 2258 2582 Ὅλως
2311 2518 2367 2570 δὲ
2425 2513 2517 2566 τδν
2561 2506 2710 2570 ἐντὸς
2753 2502 3037 2572 ἄνθρωπον
3084 2493 3174 2548 τὸν
3222 2489 3430 2552 καινὸν,
3487 2483 3587 2541 τὸν

2014 2576 2156 2674 κατά
2194 2576 2327 2666 Θεὸν
2351 2606 2689 2673 κτιζόμενον,
2723 2600 2752 2651 ὁ
2795 2596 2995 2664 κόσμος
3045 2583 3215 2649 οὗτος,
3242 2583 3442 2643 ὡδίνει,
3489 2576 3586 2632 καὶ

2011 2709 2268 2769 πλασθεὶς
2309 2700 2542 2758 ἐνταῦθα
2587 2694 2682 2750 καὶ
2720 2686 3028 2764 μορφωθεῖς
3071 2681 3216 2736 οὕτω
3263 2677 3465 2769 τέλειος
3503 2673 3586 2735 είς

2012 2808 2102 2861 τὸν
2175 2768 2381 2854 τέλειον
2426 2793 2631 2845 ἐκεῖνον
2667 2786 2760 2838 καὶ
2812 2780 3003 2850 ἀγήρω
3043 2775 3288 2828 τίκτεται
3360 2768 3586 2835 κόσμον.

2018 2895 2282 2960 Καθάπερ
2309 2887 2416 2956 γὰρ
2449 2885 2510 2936 τὸ
2547 2879 2807 2950 ἔμϐρυον,
2847 2873 2949 2933 ἕως
2977 2869 3122 2921 ἐστιν
3156 2865 3213 2918 ὲν
3256 2860 3332 2932 τῷ
3372 2872 3589 2912 σκοτει-

2021 2987 2096 3058 νῷ
2130 2984 2224 3038 καὶ
2465 2974 2583 3046 βίῳ,
2618 2969 2753 3040 πρὸς
2785 2964 2885 3035 τὴν
2915 2963 2972 3014 ὲν
3013 2959 3151 3028 φωτὶ
3179 2953 3322 3026 ζωὴν
3347 2953 3380 3022 ἡ
3424 2949 3589 3058 φύσις

348 3082 506 3142 vivit,
559 3091 753 3132 natura
805 3079 869 3131 ad
903 3078 1152 3143 Spiritum
1190 3076 1242 3129 in
1295 3075 1398 3130 hac
1440 3075 1563 3129 luce
1606 3076 1911 3133 ducendum

2023 3070 2452 3147 παρασκευάζει,
2484 3065 2576 3118 καὶ
2622 3059 2919 3114 πλάττεται
2967 3050 3216 3118 καθάπερ
3246 3047 3326 3110 είς
3387 3042 3588 3096 κανόνα

2375 3158 2382 3161 λ
2615 3152 2662 3161 λ’
2836 3148 2848 3161 ι
2940 3143 2962 3161 ν
3083 3139 3279 3161 --ι-μ.
3332 3134 3420 3161 ..-ι
3477 3131 3588 3161 M7,.

348 3173 601 3238 adornat,
639 3181 808 3240 atque
841 3168 907 3222 ad
947 3170 1110 3220 vitam
1154 3183 1273 3236 qua:
1305 3167 1454 3219 illum
1490 3178 1784 3237 exceptura
1811 3179 1915 3234 est,

350 3276 608 3334 tanquam
639 3264 705 3316 ad
737 3276 1023 3320 canoncm,
1057 3275 1151 3315 seu
1190 3257 1430 3328 regulam
1462 3261 1755 3330 quamdam
1791 3277 1914 3316 con-

357 3359 559 3412 format
593 3375 608 3410 :
646 3357 719 3408 ita
753 3353 958 3408 sanctis
987 3365 1207 3421 quoque
1240 3366 1340 3404 usu
1384 3351 1556 3404 venit.
1583 3351 1650 3405 Et
1678 3350 1780 3405 hoc
1812 3361 1918 3416 est,

353 3451 501 3519 quod
551 3449 626 3502 ait
673 3446 876 3500 Paulus
908 3442 1201 3513 Apostolus
1234 3443 1298 3497 ad
1351 3442 1572 3497 Galatas
1618 3444 1918 3499 scribens:

361 3567 378 3598 ι
407 3542 588 3599 Filioli
616 3541 743 3606 mei,
768 3552 907 3608 quos
935 3539 1135 3591 iterum
1173 3536 1440 3605 parturio,
1462 3535 1635 3590 donec
1657 3535 1924 3591 formetur

355 3638 605 3693 Christus
629 3634 682 3686 in
713 3630 914 3684 vobis'.
964 3645 984 3679 ›
1005 3626 1393 3682 Verumtamen
1419 3626 1654 3681 infantes
1678 3628 1924 3682 nondum

359 3731 468 3783 nati
496 3728 658 3780 vitam
681 3725 821 3778 hanc
847 3736 956 3776 non
985 3728 1324 3788 cOgnoscunt
1357 3735 1371 3772 :
1401 3728 1458 3772 at
1477 3719 1618 3773 beati
1643 3718 1710 3773 de
1739 3718 1926 3774 futuro

357 3821 558 3877 saeculo
590 3816 758 3872 multa
785 3815 948 3869 etiam
980 3813 1034 3867 in
1062 3813 1164 3866 hoc
1190 3809 1390 3866 sarculo
1414 3817 1782 3879 praenoseunt.
1813 3809 1928 3863 lloc

359 3913 484 3968 ideo
529 3911 606 3975 fit,
655 3908 798 3979 quod
833 3907 941 3961 illis
970 3904 1079 3958 vita
1106 3905 1211 3958 hac
1239 3903 1344 3957 frui
1374 3904 1616 3957 nondum
1673 3901 1926 3972 contigit,

361 4003 574 4057 tametsi
609 4009 760 4053 (ιρι-ιο
789 3998 1089 4065 continget.
1124 3994 1236 4049 Nec
1269 3995 1415 4048 enim
1453 3994 1634 4048 adhuc
1689 3995 1743 4048 in
1794 3993 1931 4047 locis

363 4095 470 4151 iliis
506 4094 596 4150 ubi
629 4092 876 4163 delitent,
908 4089 1093 4143 radius
1129 4088 1269 4142 lucis
1299 4098 1631 4156 conspectus
1661 4097 1745 4141 est
1778 4103 1792 4139 :
1830 4098 1932 4140 nec

363 4200 549 4241 eorum
583 4181 729 4236 aliud
760 4181 1081 4249 quidquam,
1116 4176 1318 4244 quibus
1349 4178 1459 4228 vita
1491 4177 1608 4230 haec
1637 4185 1822 4230 nostra
1846 4178 1933 4230 iii-

364 4279 497 4331 titur
513 4289 576 4329 ac
592 4276 949 4327 sustentatur.
981 4267 1050 4320 At
1067 4265 1352 4319 nobiscum
1373 4263 1532 4317 aliter
1549 4278 1635 4318 res
1649 4278 1707 4320 se
1725 4264 1887 4318 habet
1916 4283 1929 4318 :

365 4367 566 4438 quibus
593 4364 700 4417 vita
722 4374 883 4429 quam
918 4365 1324 4425 exspectamus,
1353 4368 1476 4408 cum
1503 4353 1606 4406 hac
1636 4354 1791 4423 quasi
1823 4355 1935 4410 col-

365 4460 550 4531 ligata,
596 4465 649 4508 et
693 4450 980 4506 eommista
1014 4457 1117 4512 est,
1165 4455 1219 4502 et
1258 4447 1402 4501 illius
1453 4448 1532 4502 sol
1566 4422 1729 4502 etiam
1779 4451 1911 4502 nobi:

2044 4441 2299 4494 δυσώῧεοι
2331 4438 2548 4506 χωρίοις
2600 4429 2924 4499 ὲξεκενώθη,
2966 4426 3060 4478 καὶ
3112 4424 3141 4476 ό
3189 4422 3296 4474 τῶν

366 4552 597 4620 briiigne
631 4544 827 4608 illuxit,
867 4542 1201 4610 coelesteque
1232 4547 1568 4608 unguentum
1599 4540 1651 4592 iii
1695 4539 1933 4608 regioni-

367 4647 470 4700 bus
515 4637 952 4712 grareolentibus
992 4633 1249 4700 effusum,
1304 4640 1358 4686 et
1410 4633 1567 4701 panis
1615 4630 1931 4700 angelorum

369 4733 686 4792 hominibus
716 4743 936 4800 quoque
969 4727 1278 4794 impertitus
1310 4732 1391 4778 est
1423 4727 1464 4774 ³.

438 4827 778 4895 Quapropter
840 4835 946 4874 non
1027 4819 1199 4872 solum
1263 4815 1454 4870 instrui
1520 4828 1583 4867 ac
1643 4817 1934 4883 praeparari

371 4921 438 4973 ad
475 4918 639 4970 vitain
667 4913 834 4975 illam,
874 4911 964 4964 sed
994 4910 1104 4978 jam
1139 4906 1444 4962 secundum
1481 4905 1728 4959 eamdem
1761 4906 1926 4958 etiam

376 5011 576 5070 vivere,
618 5017 669 5058 et
705 5019 862 5073 agere
903 5001 1107 5055 sanctis
1138 4997 1452 5051 hominibus
1483 4997 1537 5048 in
1576 4995 1678 5049 liae
1732 5006 1926 5048 morta-

375 5102 525 5154 litate
563 5095 898 5150 conceditur.
943 5110 960 5143 ι
997 5088 1358 5160 Appreliende
1396 5086 1559 5139 vitain
1599 5093 1879 5148 attentam,
1912 5102 1931 5134 ι

375 5193 552 5261 inquit
579 5188 782 5242 Paulus
813 5185 1054 5253 Epistolu
1091 5181 1158 5235 ad
1206 5178 1582 5233 Timotheumu
1613 5211 1631 5229 .
1664 5175 1731 5228 Et
1766 5175 1935 5228 alibi:

382 5283 546 5337 «Vivo
578 5280 885 5345 auten‘ijain
923 5292 1029 5329 non
1076 5289 1195 5343 ego,
1257 5271 1386 5324 vivit
1419 5283 1544 5323 vero
1577 5268 1629 5322 in
1654 5282 1738 5320 me
1780 5265 1937 5318 Clit-i-

375 5373 541 5432 stus".
565 5392 582 5423 ι
622 5370 685 5424 Et
714 5369 929 5422 divinus
970 5364 1245 5431 lgnatius:
1285 5378 1302 5411 ι
1332 5362 1486 5428 Aqua
1508 5360 1625 5410 viva
1656 5356 1855 5410 saliens
1886 5357 1938 5408 in

378 5485 480 5531 nie,
514 5468 660 5518 intus
683 5462 812 5514 milii
844 5459 993 5518 dicit,
1021 5453 1154 5509 Veni
1181 5453 1248 5506 ad
1275 5449 1560 5520 patreiii°.i
1587 5449 1650 5502 Et
1668 5448 1770 5500 alia
1796 5462 1944 5501 coni-

382 5559 557 5626 plura,
591 5556 786 5625 quibus
841 5550 1052 5604 refertae
1107 5555 1236 5602 sunt
1295 5559 1464 5598 sacrae
1505 5541 1740 5596 Litterae.
1772 5541 1946 5608 Super

452 5737 470 5764 ²
504 5735 690 5787 Matth.
732 5749 863 5798 χχιι,
896 5746 1020 5784 xxv.
1102 5729 1121 5760 ³
1154 5725 1349 5796 Ephes.
1393 5744 1465 5795 iv,
1503 5725 1593 5781 42.
1671 5723 1689 5755 ⁵
1726 5722 1900 5776 Gal-al.

2027 5717 2110 5772 l9.
2189 5713 2206 5744 ⁵
2243 5711 2383 5768 Psal.
2422 5723 2626 5772 tum,
2664 5699 2751 5754 25.

385 5809 566 5871 ",20.
645 5805 663 5834 '
704 5803 872 5871 Epist.
936 5801 1000 5854 ad
1067 5799 1225 5854 Rom.

2020 3131 2116 3219 τδκῖ
2160 3131 2557 3228 ὑποδεξάμενον
2612 3152 2745 3222 βίον,
2801 3148 2892 3199 τὸν
2940 3143 3050 3196 ἴσον
3079 3139 3280 3210 τρόπον
3332 3134 3426 3187 καὶ
3477 3131 3591 3192 τοῖς

2023 3256 2196 3325 ἁγίοις
2231 3220 2516 3321 συμόαίνει
2536 3262 2549 3276 ·
2580 3220 2675 3296 καὶ
2707 3237 2866 3293 τοῦτό
2895 3239 3061 3299 ἐστιν,
3082 3233 3217 3299 ὅπερ
3251 3220 3592 3285 όάπόστολος

2024 3312 2127 3420 Equi
2163 3312 2389 3406 ὐαῦλος,
2443 3337 2712 3399 Γαλάταις
2745 3331 3001 3401 γράφων
3060 3343 3078 3376 ι
3102 3322 3301 3376 Τεκνία
3339 3334 3463 3388 μου,
3493 3312 3590 3378 οὓς

2024 3409 2183 3494 πάλιν
2207 3436 2401 3497 ὠδίνω,
2435 3433 2592 3501 ἄχρις
2627 3420 2689 3480 οὗ
2717 3419 2980 3495 μορφωθῇ
3011 3413 3245 3486 Χριστὸς
3284 3413 3341 3464 ὲν
3373 3409 3540 3501 υμῖν.Δ
3561 3423 3583 3458 ι

2023 3533 2097 3587 Οὐ
2134 3534 2238 3601 μὴν
2273 3526 2409 3581 ἀλλὰ
2440 3496 2632 3591 ius
2657 3516 2870 3588 εμδρυα
2889 3507 3118 3579 ταυτησὶ
3145 3505 3244 3574 τῆς
3289 3499 3432 3570 ζωῆς
3489 3496 3594 3601 σεχ

2026 3626 2091 3679 ἂν
2237 3620 2488 3689 αἴσθησιν
2514 3589 2660 3667 ἔλθοι
2693 3607 2846 3671 ποτὲ,
2887 3605 2996 3664 τοῖς
3025 3601 3082 3653 δὲ
3125 3593 3413 3669 μακαρίοις
3461 3589 3595 3644 πολ-

2025 3717 2113 3768 λαὶ
2137 3682 2243 3767 των
2277 3682 2577 3782 μελλόντων
2610 3704 2701 3756 ἐπὶ
2729 3698 2823 3752 τοῦ
2878 3694 3145 3763 παρόντος
3200 3685 3507 3782 impacata:
3531 3682 3595 3734 τὸ

2025 3808 2080 3861 δὲ
2110 3808 2301 3866 αἴτιον,
2335 3803 2417 3854 ὅτι
2450 3800 2561 3860 τοῖς
2603 3795 2700 3863 μὲν
2734 3792 2792 3844 οὑ
2839 3787 3101 3855 πάρεστιν
3179 3772 3335 3840 οὗτος
3366 3777 3394 3829 ό
3456 3770 3593 3843 βίος,

2029 3898 2143 3953 ἀλλ’
2171 3864 2412 3966 ἀκριόῶς
2439 3893 2554 3944 ἐστι
2587 3885 2817 3958 μέλλων.
2846 3878 2924 3933 Οὐ
2952 3876 3059 3944 γὰρ
3094 3873 3309 3940 ἐγένετο
3332 3865 3487 3928 ἀκτὶς
3534 3864 3596 3966 ἀν

2030 3992 2140 4051 τοῖς
2174 3954 2404 4057 χωρίοις
2428 3954 2680 4044 ἐκείνοις,
2709 3974 2830 4030 οὐδὲ
2861 3971 2970 4024 τῶν
2997 3967 3170 4021 ἄλλων
3214 3962 3387 4024 οὐδὲν,
3417 3959 3454 4012 ἃ
3498 3954 3597 4026 τὴν

2033 4047 2465 4149 ζωηνηὺςρίστησι
2489 4071 2713 4139 ταύτην.
2755 4066 2853 4134 Ἐφ
2881 4059 3037 4133 ἡμῶν
3083 4059 3140 4112 δὲ
3189 4057 3391 4115 οὐκέτι,
3423 4048 3536 4103 ἀλλ’
3568 4047 3598 4098 ό

2037 4138 2482 4242 μέλλων-ἐκεῖνος
2514 4160 2592 4231 τῷ
2622 4138 2851 4229 πταρόντι
2876 4153 3048 4221 τούτῳ
3087 4147 3336 4215 καθάπερ
3375 4138 3597 4232 ὲνεχὲθη

2035 4230 2131 4316 καὶ
2161 4260 2421 4329 ἀνεμίγη,
2452 4258 2545 4308 καὶ
2566 4230 2605 4307 ό
2632 4252 2784 4322 ἥλιος
2819 4249 3027 4307 ἐκεῖνος
3060 4244 3151 4296 καὶ
3175 4241 3307 4310 ἡμῖν
3361 4230 3600 4288 ἀνέτειλε

2037 4321 2453 4418 φιλανθρωπίαις,
2498 4342 2592 4396 καὶ
2621 4321 2681 4394 τό
2730 4332 3122 4406 ὑπερουράνιον
3184 4329 3357 4397 μύρον
3382 4326 3463 4377 ὲν-
3489 4321 3601 4381 τοῖς

3353 4414 3603 4484 ἀγγέλων

2039 4536 2198 4604 ἄρτος
2229 4532 2321 4584 καὶ
2352 4533 2462 4592 τοῖς
2496 4524 2802 4596 ἀνθρώποις
2829 4521 3004 4588 ἐδόθη.

2113 4799 2210 4852 Διά
2256 4794 2429 4848 ταῦτα
2486 4788 2662 4842 τοίνυν
2691 4785 2751 4838 οὐ
2795 4777 3106 4845 διατεθῆναι
3153 4774 3313 4844 μόνον
3373 4768 3466 4820 καὶ
3505 4781 3612 4818 πα-

2047 4885 2482 4965 ρασκευασθῆναι
2524 4879 2658 4948 πρὸς
2705 4875 2801 4944 τὴν
2857 4871 3019 4940 ζωὴν,
3059 4865 3173 4920 ἀλλ’
3212 4864 3314 4934 ἤδη
3357 4860 3452 4913 καὶ
3511 4858 3608 4958 ζῇν

2036 4947 2152 5039 κατ’
2182 4947 2395 5045 ἐκείνην
2425 4973 2516 5027 καὶ
2552 4947 2794 5039 ἐνεργεῖν
2843 4965 3021 5027 ἔξεστι
3051 4961 3162 5021 τοῖς
3215 4956 3392 5023 ἁγίοις
3433 4953 3490 5002 ὲν
3529 4947 3608 5016 τῷ

2037 5071 2286 5142 παρόντι.
2320 5038 2665 5117 ‹-Ἐπιλαὸοὖ
2701 5059 2830 5126 γὰρ,
2863 5050 3043 5120 .φησὶ,
3075 5047 3175 5116 τῆς
3231 5042 3449 5097 αἰωνίου
3500 5038 3611 5101 ξω..

2038 5129 2130 5237 ἦέ
2161 5181 2178 5214 ι
2217 5157 2460 5230 Θιμοθέῳ
2494 5155 2718 5222 γράφων
2746 5148 2773 5199 ὁ
2801 5143 3031 5208 Παῦλος,
3080 5139 3201 5191 καί·
3240 5153 3259 5188 ι
3286 5133 3371 5187 Ζῶ
3407 5132 3464 5184 δὲ
3489 5129 3615 5182 οὐκ-

2175 5221 2307 5322 ὲγὼ,
2351 5221 2443 5320 ζῇ⁷
2563 5248 2617 5296 ὲν
2677 5239 2801 5311 ἐμοὶ
2870 5232 3186 5307 Χριστόν»
3245 5227 3337 5280 καὶ
3387 5227 3416 5277 ό
3470 5221 3613 5281 θεῖος

2062 5315 2338 5417 Ἰγνάτιος,
2373 5315 2612 5392 ιηἜστιν
2648 5333 2790 5403 ὕδωρ
2818 5330 2927 5394 ζῶν
2963 5327 3059 5381 καὶ
3083 5319 3275 5377 λαλοῦν
3313 5320 3370 5370 ὲν
3401 5315 3546 5385 ἐμοὶ,
3585 5329 3603 5362 ι

2052 5407 2144 5495 καὶ
2180 5436 2388 5491 πολλῶν
2406 5431 2658 5485 τοιούτων
2695 5423 2944 5495 ὴΓραφὴ
2978 5421 3159 5488 γέμει.
3213 5413 3369 5482 Παρὰ
3436 5407 3613 5459 πάντα

2053 5535 2107 5588 δὲ
2144 5531 2333 5594 ταῦτα,
2370 5529 2496 5580 ὅταν
2521 5523 2660 5590 αὓτη
2693 5517 2867 5590 ῆ-ζωὴ
2901 5514 3142 5566 συνεῖναι
3196 5506 3358 5577 μέχρι
3415 5497 3613 5558 παντὸς

2832 5696 2853 5726 ⁸
2887 5693 2904 5747 l
2935 5689 3076 5744 Titii.
3107 5701 3178 5750 vi,
3219 5683 3304 5736 1‘2.
3383 5681 3406 5708 "
3439 5677 3614 5729 (Ialat.
