3838 6192
279 280 389 343 497
1354 296 1447 350 UE
1481 294 1655 353 VITA
1699 297 1802 359 IN,
1825 296 2161 357 bilRtSTO
2202 300 2348 359 LIB.
2397 299 2445 359 Ι.
3427 305 3535 362 493

283 389 695 499 ἐπαγγέλληται
720 394 829 458 τοῖς
865 395 1038 464 ἁγίοις
1067 414 1082 430 ⁸
1117 416 1136 449 ι
1177 400 1307 455 Ἰδοὺ
1344 404 1473 473 γὰρ,
1534 407 1717 473 φησιν,
1748 408 1799 473 ἐγ

2014 410 2144 462 nnia
2176 425 2329 471 vero,
2364 424 2486 463 cum
2514 409 2625 476 ipsa
2654 407 2857 461 sanctis
2894 421 3109 477 semper
3143 406 3379 477 aﬂ‘utura
3407 425 3530 476 pro-

286 480 409 586 μεθ⁹
446 482 598 586 optim
625 485 743 556 εἰμι
780 488 960 551 πάσας
991 491 1090 553 τὰς
1122 494 1333 562 ἡμέρας
1380 497 1482 559 ἕως
1527 499 1628 564 τῆς
1678 517 1802 554 συντ

2015 503 2227 557 ιίιιὶιιιῑε
2256 502 2448 565 «Ecce,
2474 500 2671 569 inquit,
2691 516 2789 569 ego
2820 500 3096 553 vobiscum
3126 514 3242 553 sum
3278 503 3531 553 omnibus

285 570 436 681 λείας
465 574 559 627 τοῦ
591 576 808 641 αἰῶνος·
850 599 868 632 ι
904 581 956 633 τί
986 585 1266 653 προσῆκεν
1321 588 1446 641 ἄλλο
1501 589 1795 656 λογίζεσθα

2013 597 2176 660 iebns,
2214 610 2385 663 usque
2406 596 2469 647 ad
2512 593 3047 647 consummationem
3062 593 3247 647 saeculi
3270 595 3324 657 ’ς
3355 611 3371 644 ι
3401 595 3529 661 quid

290 666 365 770 (λὺ
397 666 505 770 γὰρ
530 668 600 770 τα
628 672 919 770 σπέρματα
947 675 1046 745 τῆς
1070 676 1216 745 ζωῆς
1254 680 1319 750 τῇ
1345 683 1415 749 γῇ
1445 684 1743 753 παρασχὼν
1767 704 1800 738 κ

2019 689 2107 742 iud
2131 727 2145 749 ,
2184 687 2285 741 nisi
2323 688 2427 740 hoc
2456 685 2634 755 ipsum
2656 699 2755 737 nos
2779 684 3023 754 cogitare
3053 693 3106 737 et
3128 684 3383 753 colligere
3405 699 3535 738 con-

284 758 357 862 to.
374 758 485 829 πῦρ
517 763 612 862 καὶ
640 764 738 831 τὴν
773 767 1049 837 μάχαιραν
1078 769 1257 839 βαλὼν
1310 774 1550 843 ἀπῆλθεν
1593 778 1774 843 εὐθὺς,

2018 780 2134 834 :nit?
2170 778 2322 833 Haud
2349 778 2493 832 enim
2529 792 2652 830 cum
2683 777 2886 829 semina
2917 777 3039 829 vitae
3065 790 3158 842 per
3183 784 3354 831 terras
3379 793 3534 845 spar-

287 853 457 917 φῦσαι
484 853 579 906 καὶ
612 854 805 925 θρέψαι
837 860 929 911 καὶ
960 861 1165 931 ἀνάψαι
1198 865 1292 917 καὶ
1332 868 1639 937 χρήσασθαι
1694 889 1803 924 κατι

2016 880 2147 936 sset,
2201 873 2489 941 ignemque
2518 876 2571 922 et
2603 868 2838 937 gladium
2873 867 3132 930 misisset,
3170 868 3354 921 statim
3394 869 3530 923 abs-

284 942 459 996 λιπὼν
490 948 600 1011 τοῖς
633 949 964 1020 ἀνθρώποις,
994 954 1111 1007 ἀλλ’
1139 956 1300 1022 αὐτὸς
1332 961 1593 1030 πάρεστιν
1644 965 1800 1036 ἀληθι

2017 965 2152 1026 ιεεῖι,
2207 960 2631 1028 hominibusque
2679 959 2951 1012 seminum
2985 958 3050 1009 ad
3085 957 3293 1025 frugem
3333 958 3533 1026 perdu-

293 1053 311 1085 ι
340 1038 583 1107 ἐνεργῶν
612 1042 669 1094 ὲν
702 1043 833 1111 ἡμῖν
872 1047 933 1097 τδ
980 1047 1154 1101 θέλειν
1202 1052 1293 1103 καὶ
1345 1056 1404 1104 τὸ
1453 1055 1721 1125 ἐνεργεῖν,
1775 1077 1792 1109 ι

2010 1058 2260 1112 andorum
2314 1066 2366 1110 et
2407 1051 2939 1113 conservandorum,
2997 1050 3139 1119 ignis
3166 1050 3526 1112 accendendi,

296 1130 565 1199 μακάριος
609 1130 713 1201 ἔφη
745 1134 979 1201 Παῦλος,
1029 1145 1121 1191 καὶ
1162 1140 1221 1192 τὸ
1262 1142 1371 1211 πῦρ
1413 1146 1573 1209 αὐτὸς
1633 1150 1811 1205 ἀνάπτ

2022 1147 2143 1203 adio
2170 1144 2356 1200 utendi
2388 1159 2575 1197 curam
2616 1142 2832 1211 reliquit
2863 1159 2877 1193 :
2903 1141 2997 1195 sed
3027 1142 3260 1209 ipsemet
3294 1156 3534 1209 praisens

286 1221 382 1273 καὶ
417 1225 701 1292 προσάγει,
736 1227 831 1280 καὶ
862 1230 961 1299 τὴν
1006 1232 1283 1302 μάχαιραν
1303 1238 1462 1301 αὐτός
1494 1241 1644 1294 ἐστιν
1679 1246 1706 1295 ὁ
1737 1262 1802 1298 κα

2023 1243 2140 1305 lest,
2174 1258 2192 1291 ι
2219 1252 2453 1308 operans
2487 1237 2537 1288 in
2559 1234 2714 1287 nobis
2738 1234 2871 1286 velle
2890 1242 2939 1284 et
2959 1232 3238 1299 perlicere,
3268 1251 3285 1283 ι
3322 1244 3379 1285 ιιι
3399 1232 3539 1285 I’au-

286 1313 445 1379 έχων.
476 1316 585 1367 Καὶ
609 1315 769 1381 ὅλως,
799 1338 817 1371 ι
840 1320 963 1373 οὕτε
989 1323 1141 1395 ἀξίνη
1166 1326 1553 1399 δοξασθήσεται
1594 1335 1722 1388 ἄνευ
1767 1354 1802 1391 τι

2024 1348 2049 1388 s
2078 1331 2154 1385 ait
2178 1329 2243 1381 ¹⁰.
2300 1326 2367 1380 Et
2400 1327 2577 1396 ignem
2612 1324 2840 1393 ipsemet
2885 1322 3132 1377 accendit
3157 1331 3211 1375 et
3244 1322 3535 1385 admovet;

286 1403 536 1473 αῐροντος
563 1408 751 1477 αὐτὴν,
782 1428 801 1463 ι
844 1413 939 1466 καὶ
961 1409 1041 1477 οἷς
1072 1418 1131 1467 οὐ
1165 1419 1431 1488 πάρεστιν
1463 1424 1489 1475 ὁ
1520 1425 1742 1492 ἀγαθὸς,
1772 1445 1802 1495 γ

2050 1423 2285 1495 gladium
2339 1422 2455 1489 ipse
2505 1425 2669 1471 tenet.
2701 1415 2779 1469 Ad
2814 1429 3112 1480 summam,
3151 1428 3287 1468 «nec
3322 1416 3546 1469 securis.

286 1496 423 1547 νοντ’
480 1497 545 1551 ἂν
589 1503 738 1583 οὐδὲν
799 1504 1021 1570 ἀγαθόν.
1094 1510 1283 1564 Καίτοι
1324 1514 1384 1565 ού
1446 1518 1697 1587 παρεῖναι
1751 1539 1802 1573 τε

2030 1517 2291 1573 oriabitur
2337 1514 2544 1581 absque
2594 1524 2659 1564 eo
2702 1508 2793 1579 qui
2834 1514 2983 1562 secat
3022 1507 3074 1559 in
3103 1506 3284 1570 ea“;t
3316 1515 3370 1559 et
3399 1522 3546 1574 quos

287 1585 468 1651 ἁγίοις
504 1590 532 1641 ὁ
560 1591 759 1661 Κύριος
782 1594 1153 1665 ἐπηγγείλατο
1183 1602 1364 1670 μόνον,
1393 1585 1532 1659 ἀλλᾶ
1560 1608 1655 1661 καὶ
1678 1612 1803 1678 μένε

2023 1606 2183 1675 :serit,
2213 1604 2306 1672 qui
2335 1602 2484 1657 solus
2509 1608 2596 1654 est
2653 1599 2850 1663 bonus,
2880 1596 2948 1651 iis
2977 1596 3115 1649 nihil
3154 1594 3280 1647 boni
3319 1595 3539 1648 evenire

286 1682 422 1749 παρ’
453 1681 633 1745 αὐτοῖς
662 1688 773 1749 καὶ,
800 1688 827 1739 ὂ
876 1690 1069 1744 τούτου
1111 1695 1316 1764 μεῖζον,
1355 1700 1520 1767 μονὴν
1568 1705 1627 1756 ὲν
1678 1706 1802 1759 αὐτο

2028 1708 2146 1755 ieat.
2192 1697 2461 1753 Cazterum
2496 1690 2699 1747 sanctis
2726 1705 2786 1744 se
2815 1704 2919 1742 non
2950 1686 3265 1741 adfuturum
3299 1692 3544 1739 tantum-

285 1773 536 1867 ποιῆσαι.
559 1777 668 1830 Καὶ
695 1779 748 1831 τί
771 1780 913 1848 λέγω
937 1801 952 1843 ;
976 1748 1123 1837 ὅπου,
1140 1748 1320 1856 γε’καλ
1355 1748 1619 1849 siesse;
1646 1748 1801 1867 λξξεῖξ

2025 1790 2153 1855 odo,
2213 1788 2305 1843 sed
2341 1787 2507 1841 etiam
2547 1784 2686 1853 apud
2739 1783 2885 1850 ipsos
2934 1793 3282 1845 mansurum,
3315 1787 3368 1833 et
3395 1778 3541 1846 quod

289 1865 500 1929 αὐτοῖς,
557 1868 699 1922 οὕτω
754 1872 1149 1944 φιλανθρώπως
1195 1879 1334 1932 ὥστε
1362 1882 1421 1935 ἓν
1464 1885 1680 1956 πνεῦμα
1718 1865 1805 1957 Ἵμε

2019 1883 2241 1949 ιειειιιὶιιε
2277 1890 2361 1935 est
2384 1919 2401 1945 ,
2443 1877 2782 1931 mansionem
2812 1873 2954 1942 apud
2987 1887 3080 1927 eos
3110 1871 3386 1926 facturum
3426 1871 3535 1923 Do-

286 1957 475 2050 αὒτςύν
541 1955 711 2013 εἶναι’
755 1982 774 2015 ι
805 1963 866 2017 Ὀ
938 1967 1045 2037 γὰρ
1090 1970 1435 2039 κολλώμενος
1470 1975 1547 2044 τῷ
1589 1955 1778 2050 Κυρίιρ

2028 1979 2154 2032 inus
2212 1972 2559 2045 promisit".
2613 1967 2756 2035 Quid
2812 1966 3020 2020 multa?
3077 1965 3243 2020 etiam
3305 1964 3415 2017 illis
3469 1963 3542 2016 ita

286 2046 512 2117 πνεῦμά
539 2052 675 2117 ἐστι,
708 2072 727 2103 ι
764 2058 877 2121 καὶ,
914 2077 931 2108 ι
968 2060 1080 2111 Ἵνα
1102 2056 1196 2131 ᾖτε
1219 2062 1281 2114 ἓν
1309 2064 1465 2135 σῶμα
1493 2069 1589 2121 καὶ
1617 2046 1798 2126 sim):

2025 2079 2220 2125 nanter
2260 2064 2514 2136 copulari
2560 2071 2615 2116 et
2641 2059 2788 2116 uniri
2831 2058 3112 2121 scribitur,
3163 2065 3220 2110 ιιι
3244 2072 3387 2111 unus
3417 2070 3541 2109 cum

287 2156 389 2209 μα,
422 2142 606 2207 καθὼς
646 2148 930 2218 ἐκλήθητε,
974 2171 993 2204 ι
1033 2153 1247 2208 Παύλου
1282 2160 1460 2229 φωνή.

2028 2166 2103 2220 sis
2160 2160 2388 2231 spiritus
2436 2152 2729 2209 elﬁeiatur:
2787 2147 2921 2215 «Qui
2957 2148 3101 2201 enim
3137 2145 3380 2201 adhaeret
3408 2145 3541 2207 Deo,

284 2252 436 2294 unus
457 2241 679 2308 spiritus
708 2256 793 2300 est
822 2261 945 2302 cum
967 2265 1033 2305 eo
1068 2251 1165 2305 ⁸³.»
1189 2252 1453 2312 Similiter
1477 2257 1631 2315 Pauli
1659 2277 1761 2318 vox
1787 2272 1907 2321 est:
1946 2263 2049 2320 «ιιι
2080 2258 2202 2317 sitis
2226 2269 2391 2313 unum
2424 2264 2646 2319 corpus,
2688 2256 2741 2302 et
2773 2260 2917 2299 unus
2977 2243 3230 2312 spiritus,
3261 2241 3405 2295 sicut
3448 2255 3545 2293 vo-

281 2330 394 2383 cati
433 2333 567 2388 estis
608 2335 668 2389 ¹δ.
686 2355 703 2386 ι

558 2350 567 2388 t
608 2335 703 2389 η.)
2068 2324 2074 2331 ³

358 2426 629 2517 Καθαπερ
696 2430 807 2502 γὰρ
853 2433 884 2503 ἡ
929 2432 1311 2507 φιλανθρωπία
1365 2440 1604 2513 ἄρῤητος
1666 2447 1760 2498 καὶ
1823 2448 1857 2517 ἡ

2036 2440 2189 2495 Sicut
2242 2444 2421 2489 autem
2481 2426 2786 2498 benignitas
2826 2423 2919 2479 Dei
2979 2420 3383 2491 inexplicabilis
3435 2430 3544 2492 est,

290 2516 515 2607 περιτο
540 2519 805 2590 ἡμέτερον
843 2524 998 2590 γένος
1037 2527 1225 2599 ἀγάπη
1258 2531 1352 2584 τοῦ
1398 2512 1534 2587 Θεοῦ
1566 2535 1656 2588 τὸν
1703 2537 1806 2607 λόγ‹

2057 2529 2300 2587 charitas
2330 2524 2451 2594 ejus
2473 2537 2600 2589 erga
2639 2533 2813 2591 genus
2872 2517 3177 2569 humanum
3218 2527 3438 2566 omnem
3465 2512 3543 2566 di-

287 2606 387 2656 τὸν
431 2606 774 2677 ἀνθρώπινον
806 2612 1123 2685 ὑπερϐαίνει
1173 2621 1263 2672 καὶ
1291 2623 1356 2690 τῇ
1401 2621 1521 2695 θείᾳ
1571 2605 1803 2697 ἁγαθότη

2034 2624 2124 2679 udi
2164 2620 2480 2676 facultatem
2515 2621 2756 2683 superat,
2786 2609 2884 2665 soli
2910 2607 3110 2662 divina:
3140 2605 3372 2660 bonitati
3409 2619 3550 2658 eon-

291 2699 439 2793 p.679
465 2704 759 2773 προσῆκεν·
782 2706 918 2779 αὕτη
949 2711 1056 2782 γάρ
1083 2713 1230 2767 ἐστιν
1264 2734 1284 2766 r
1311 2716 1343 2787 ἡ
1369 2716 1559 2788 εἰρήνη
1585 2720 1677 2774 τοῦ
1703 2722 1802 2775 Θεο

2031 2734 2168 2775 uens
2200 2716 2341 2787 (ipsa
2371 2710 2643 2782 siquidem
2677 2716 2764 2761 est
2825 2719 2958 2774 «pax
2993 2702 3114 2766 Dei,
3153 2715 3274 2769 quae
3302 2714 3543 2767 exsupe-

287 2790 323 2859 ἡ
349 2792 698 2863 ὑπερέχουσα
726 2799 903 2853 πάντα
926 2801 1048 2855 νοῦν
1071 2820 1085 2835 ο
1110 2823 1129 2856 ι
1158 2806 1247 2871 τδν
1272 2806 1387 2861 ἴσον
1416 2809 1618 2879 τρόπον
1645 2813 1803 2866 ἀκόλο

2035 2822 2294 2867 tomnem
2326 2820 2551 2863 sensum
2577 2803 2621 2834 “
2663 2800 2710 2869 ι)
2739 2815 2753 2852 :
2792 2797 2867 2852 ita
2906 2794 3286 2862 consequitur,
3316 2800 3374 2844 ut
3420 2792 3548 2859 ejus

288 2883 390 2935 θον
418 2887 514 2938 καὶ
539 2887 638 2959 τὴν
668 2891 803 2960 πρὸς
831 2895 957 2959 τοὺς
982 2896 1339 2969 ψιλουμένους
1362 2902 1558 2955 ἕνωσιν
1595 2904 1735 2977 ὑπὲρ
1760 2925 1804 2959 πε

2032 2905 2102 2959 ιὶο
2160 2916 2285 2957 cum
2334 2899 2403 2954 iis
2448 2911 2587 2966 quos
2649 2892 2847 2962 diligit,
2929 2886 3225 2957 quamlibet
3286 2885 3548 2938 unionem

294 2992 403 3030 σαν
454 2978 650 3035 ἕνωσιν
690 2980 850 3051 εἶναι,
896 2989 964 3059 ἣν
1003 2990 1067 3041 ἄν
1110 3010 1192 3056 τις
1266 2994 1479 3052 δύναιτο
1525 2976 1810 3067 λογίσασθε

2029 3010 2136 3049 tam
2187 2993 2311 3064 quis
2366 2988 2697 3060 cogitatione
2750 2982 3033 3053 percipere
3096 2984 3297 3047 potest,
3356 2976 3545 3029 multis

292 3070 395 3122 καὶ
433 3072 571 3142 πρὸς
604 3075 756 3131 οὐδὲν
784 3080 1133 3154 παράδειγμα
1192 3086 1398 3157 φέρειν.
1439 3092 1538 3144 Διὰ
1584 3092 1739 3146 τοῦτο
1776 3113 1808 3148 κ

2027 3088 2220 3142 trtibus
2251 3086 2455 3149 vincat,
2509 3095 2611 3135 nec
2643 3078 2822 3146 aliqua
2876 3070 3286 3142 comparatione
3328 3084 3427 3138 pro
3459 3068 3543 3123 di-

298 3163 518 3219 πολλῶν
555 3168 743 3240 ἐδέησε
778 3174 842 3243 τῇ
876 3174 1065 3248 Γραφῇ
1107 3180 1587 3251 παραδειγμάτων,
1623 3185 1761 3238 ὥστε
1780 3186 1814 3239 δη

2023 3180 2177 3235 litate
2204 3176 2536 3234 declaretur.
2567 3172 2932 3239 Quamobrem
2970 3163 3257 3232 Scriptura
3290 3159 3539 3230 pluribus

299 3254 530 3325 νηθῆναι
578 3257 677 3331 τὴν
721 3263 1016 3332 συνάφειαν
1065 3268 1281 3340 ἐκείνην
1362 3274 1598 3345 μηνῦσαι
1648 3276 1724 3340 ὡς
1773 3278 1815 3329 οὶ

2021 3272 2237 3342 templis
2262 3285 2400 3340 Opus
2425 3268 2633 3331 habuit,
2659 3263 2856 3335 quibus
2885 3260 3005 3328 conj
3018 3258 3331 3312 unctionem
3388 3256 3537 3309 illam

304 3347 601 3417 ἀρκοῦντος
627 3353 765 3420 ἑνὸς,
789 3356 881 3408 καὶ
922 3357 1017 3410 νῦν
1050 3360 1150 3429 μὲν
1173 3361 1379 3418 ἔνοικον
1408 3366 1500 3418 καὶ
1542 3367 1719 3420 οἰκίαν
1761 3370 1820 3420 εἰς

2033 3364 2351 3419 'ctissimam
2419 3358 2777 3429 exprimeret,
2803 3352 2947 3423 quod
2972 3366 3139 3406 unum
3163 3349 3387 3403 minime
3417 3346 3549 3401 satis

309 3442 448 3511 ἀγει,
482 3444 580 3497 νῦν
624 3445 677 3499 δὲ
715 3447 958 3515 ἄμπελον
999 3451 1095 3505 καὶ
1145 3453 1351 3525 κλῆμα,
1383 3459 1472 3508 καὶ
1513 3458 1607 3511 νῦν
1653 3459 1751 3528 μὲν
1775 3476 1825 3528 γι

2037 3453 2219 3511 set.Et
2243 3452 2406 3507 modo
2426 3450 2642 3522 quidem
2667 3446 3026 3501 habitatorem
3049 3450 3103 3497 et
3132 3442 3357 3496 domum
3388 3438 3548 3492 indu-

320 3553 436 3605 μον,
464 3538 558 3592 νῦν
587 3539 641 3593 δὲ
680 3540 815 3611 μέλη
839 3542 933 3596 καὶ
973 3545 1233 3617 κεφαλὴν,
1264 3541 1337 3600 ὧν
1360 3548 1514 3602 οὐδέν
1561 3551 1707 3605 ἐστιν
1758 3554 1836 3607 [ac

2030 3555 2047 3599 t
2076 3562 2090 3611 ;
2128 3545 2289 3598 modo
2309 3544 2471 3597 vitem
2492 3549 2545 3597 et
2570 3540 2878 3609 palmitem:
2919 3535 3079 3589 modo
3105 3533 3355 3601 nuptias;
3384 3530 3546 3584 modo

320 3629 525 3701 ἐκείνῃ·
576 3633 635 3685 οὐ
694 3633 804 3703 γὰρ
852 3636 999 3688 ἐστιν
1046 3638 1154 3691 ἀπὸ
1204 3639 1413 3693 τούτων
1468 3643 1567 3711 τῆς
1618 3643 1836 3713 ἀληθεία

2034 3634 2219 3689 embra
2258 3642 2315 3687 et
2346 3640 2512 3700 caput
2533 3630 2595 3695 ³⁸,
2620 3642 2855 3699 quorum
2890 3625 3103 3679 nullum
3129 3622 3287 3691 plene
3318 3635 3550 3688 respon-

323 3719 871 3793 ἀκριὸὦςὲφικέσθαι.
902 3726 1153 3782 Μάλιστα
1179 3728 1277 3798 μὲν
1301 3730 1409 3801 γὰρ
1432 3732 1665 3804 ἀνάγκη,
1697 3737 1762 3805 τῇ
1791 3753 1839 3804 ιρι

2031 3736 2098 3792 at;
2135 3741 2235 3781 nec
2266 3726 2411 3780 enim
2454 3723 2761 3793 per.ullum
2805 3719 2999 3773 horum
3048 3716 3336 3769 veritatem
3358 3720 3547 3766 exacte

326 3808 405 3880 λία
432 3814 521 3867 καὶ
542 3817 638 3885 τὴν
667 3818 957 3888 συνάφειαν
988 3821 1278 3874 ἀκόλουθον
1305 3818 1463 3887 εἶναι,
1529 3825 1582 3878 τί
1610 3825 1655 3879 δ’
1685 3826 1749 3879 ἂν
1783 3827 1842 3895 γέ

2033 3825 2100 3873 :et
2133 3817 2421 3886 attingere.
2470 3814 2657 3868 Amori
2698 3822 2753 3867 et
2804 3807 3057 3865 charitati
3108 3820 3293 3875 parem
3350 3811 3549 3857 esseet

326 3924 454 3964 νοιτο
474 3913 567 3982 τῆς
592 3913 739 3972 θείας
766 3915 985 3985 ἀγάπης
1016 3916 1161 3982 ἴσον;
1192 3917 1362 3972 ἔπειθ’
1383 3920 1464 3972 ὅτι
1492 3921 1582 3973 καὶ
1616 3921 1684 3973 τὰ
1718 3921 1842 3990 μάλι

2025 3908 2415 3977 )njunctionem
2468 3904 2705 3959 maxime
2764 3908 3001 3970 oportet.
3077 3896 3287 3950 Divina:
3358 3904 3541 3947 autem

330 4018 418 4055 στα
445 4004 731 4073 συνάφειαν
754 4007 846 4060 καὶ
885 4009 1109 4077 ἑνότητα
1138 4010 1410 4064 δεικνύναι
1438 4011 1695 4066 δοκοῦντα
1773 4014 1845 4081 γά

2029 4000 2231 4054 raritati
2261 3999 2392 4070 quid
2421 3997 2638 4051 tandem
2686 3993 2890 4064 aequari
2952 3991 3169 4061 potest?
3193 3988 3395 4043 Deinde
3424 4003 3545 4055 quae

330 4110 417 4161 μος
452 4096 562 4150 ἐστὶ
591 4099 681 4150 καὶ
711 4100 743 4169 ἡ
770 4098 877 4152 τῶν
910 4100 1083 4171 μελῶν
1108 4102 1242 4172 πρὸς
1273 4102 1373 4173 τὴν
1402 4105 1647 4175 κεφαλὴν
1703 4080 1846 4174 ἀρμο

2032 4092 2377 4163 ιριιιιιιίοηθιιι
2422 4101 2475 4143 et
2529 4090 2785 4143 unionem
2833 4084 3084 4155 inprimis
3123 4080 3435 4153 signiﬁcare
3470 4080 3548 4132 vi-

328 4188 425 4249 νῖα,
452 4188 618 4243 ταῦτα
638 4190 692 4243 δὲ
723 4192 1046 4262 παμπληθὲς
1076 4192 1207 4246 εἴσω
1226 4172 1437 4259 πίπτει,
1459 4196 1554 4248 καὶ
1577 4172 1771 4249 πολλοῦ
1795 4197 1844 4250 δε

2030 4194 2194 4250 antur,
2246 4180 2448 4251 nuptiae
2488 4190 2637 4243 sunt,
2702 4186 2757 4233 et
2806 4176 3179 4231 membrorum
3239 4172 3546 4242 capitisque

328 4280 391 4333 τὰ
410 4280 528 4336 ὄντα
557 4282 813 4351 δηλῶσαι.
842 4285 949 4337 Καὶ
978 4284 1133 4355 γὰρό
1166 4286 1264 4353 μὲν
1300 4285 1476 4353 γάμος
1506 4287 1604 4340 οὐκ
1635 4287 1700 4342 ἂν
1734 4288 1877 4342 οὕτω
1978 4285 2101 4346 apta
2148 4274 2566 4344 coagmentatio.
2627 4271 2804 4341 Atque
2850 4270 2950 4324 ista
3006 4282 3170 4337 quam
3249 4264 3545 4333 plurimum

334 4377 567 4446 συνάψαι,
619 4378 693 4441 ὼς
724 4380 781 4430 ὲν
814 4378 1061 4448 ἀλλήλοις
1104 4376 1368 4433 εἶναικαὶ
1424 4380 1522 4450 ζῇν
1570 4382 1695 4444 τοὺς
1752 4398 1847 4433 συν

2035 4378 2199 4433 stant,
2259 4368 2600 4435 multumque
2658 4364 2809 4417 abest
2851 4370 2907 4415 ut
2934 4375 3047 4414 rem
3078 4367 3203 4412 ante
3233 4356 3549 4423 oculospo-

331 4473 670 4539 σπτομένους,
700 4472 834 4541 ὅπερ
869 4446 963 4523 ἐπὶ
990 4471 1083 4523 τοῦ
1110 4472 1343 4542 Χριστοῦ
1375 4446 1487 4526 και⁷
1517 4473 1616 4543 τῆς
1650 4473 1847 4544 Ἐκκλη

2033 4471 2135 4513 int.
2174 4460 2384 4514 Etenim
2429 4457 2743 4527 conjugiutu
2793 4467 3073 4521 nunquam
3119 4449 3259 4505 adeo
3287 4446 3549 4517 conjuges

336 4561 442 4623 σίας
469 4562 783 4631 συμὸαίνειο
816 4561 937 4616 ὅθεν
969 4565 995 4616 ὁ
1027 4562 1167 4626 θεῖος
1217 4562 1534 4627 Ἀπόστολος
1573 4563 1740 4617 εἰπὼν
1782 4583 1847 4618 πε

2032 4550 2313 4620 mjugabit,
2350 4558 2409 4603 ut
2436 4550 2573 4602 alter
2624 4549 2678 4601 in
2710 4549 2880 4601 altero
2926 4545 3068 4599 sitet
3122 4543 3287 4606 vivat,
3321 4541 3373 4594 id
3406 4540 3548 4609 quod

336 4653 384 4723 pl
407 4654 495 4709 τοῦ
535 4656 736 4726 γάμου,
767 4676 785 4709 ι
816 4657 887 4721 Τὸ
918 4662 1210 4727 μυστήριον
1244 4658 1402 4711 τοῦτο
1446 4658 1587 4729 μέγα
1628 4660 1794 4722 ἐστὶν,

2032 4662 2038 4695 ι
2064 4641 2281 4697 Christo
2305 4650 2359 4694 et
2393 4640 2636 4695 Ecclesia
2665 4641 2929 4693 cernitur.
2958 4634 3114 4690 Unde
3146 4642 3372 4688 sanctus
3403 4634 3548 4700 Apoc

335 4722 583 4818 ἐπήγαγε,
614 4722 639 4801 ⁷ι
667 4750 824 4817 Λέγω
861 4722 929 4801 δὲ-
964 4750 1046 4811 είς
1080 4722 1332 4817 ⁷Χριστὸν
1393 4722 1487 4805 καὶ
1508 4722 1605 4821 τὴν
1651 4754 1847 4823 Ἐκκλη

2030 4733 2176 4795 olus,
2226 4748 2348 4785 cum
2408 4732 2637 4785 dixisset
2672 4730 2736 4784 de
2767 4728 3143 4788 matrimonio,
3181 4722 3546 4779 «Sacramen—

339 4839 465 4903 σίαν,
494 4861 513 4892 ι
545 4840 754 4902 δεικνὺς
778 4840 835 4892 οὐ
868 4839 1075 4904 τοῦτον,
1107 4840 1218 4892 ἀλλ’
1249 4842 1452 4894 ἐκεῖνον
1474 4818 1764 4911 τὺννγάμον
1790 4818 1878 4895 διὰ
1986 4834 2098 4879 ίυιη
2125 4826 2226 4880 hoc
2255 4839 2509 4891 ιηαιιιιιιηι
2531 4818 3175 4892 θδίιηάίεείῑοθηιίῖλυον
3206 4818 3346 4887 (Εἱέο
3366 4826 3546 4873 “mem

342 4929 595 5000 θαύματος
618 4932 784 5000 ἄγων.
812 4921 895 4985 ΤΞ
919 4932 975 4985 δὲ
1016 4932 1150 5003 μέλη
1181 4934 1446 5003 συνῆπται
1478 4934 1576 5003 μὲν
1599 4936 1665 5003 τῇ
1704 4951 1858 5003 κειιιια⁴

2029 4932 2100 4971 aco
2136 4916 2186 4968 in
2213 4915 2453 4979 Christo,
2483 4914 2612 4967 etin
2642 4912 2885 4967 Ecclesia
2914 4913 2978 4977 ιτ,
3008 4930 3026 4963 ι
3092 4912 3409 4974 ostendens,
3440 4924 3545 4962 non

340 5022 417 5092 λῇ,
446 5028 531 5079 καὶ
548 5026 612 5096 ζῇ
638 5025 716 5095 τῷ
746 5025 1032 5096 συνῆφθαι,
1065 5026 1156 5078 καὶ
1172 5026 1510 5095 διαιρεθέντα
1532 5025 1856 5095 ἀποθνήσκει

2030 5010 2106 5062 las
2135 5024 2254 5063 sese
2300 5007 2537 5074 nuptias,
2589 5021 2775 5060 verum
2812 5004 2975 5059 hasce
3033 5005 3215 5073 potius
3264 5003 3546 5057 admirari.

347 5118 572 5181 φαίνεται
608 5118 664 5171 δὲ
701 5118 792 5169 καὶ
832 5116 1001 5169 ταῦτα
1026 5118 1101 5186 τῷ
1131 5116 1350 5186 Χριστῷ
1397 5116 1719 5185 συνημμένα
1751 5116 1857 5184 μᾶλ

2040 5103 2225 5156 embra
2258 5111 2438 5155 autem
2472 5115 2729 5155 connexa.
2749 5099 2967 5169 quidem
2992 5109 3120 5155 sunt
3152 5099 3337 5168 capiti,
3375 5108 3427 5151 et
3453 5112 3550 5165 per

344 5205 467 5280 λονῆ
496 5212 558 5280 τῇ
580 5209 787 5262 ἑαυτῶν
813 5208 1042 5279 κεφαλῇ,
1078 5210 1172 5263 καὶ
1198 5208 1371 5279 τούτῳ
1401 5208 1578 5271 ζῶντα
1609 5208 1808 5277 μᾶλλον
1847 5208 1860 5258 i

2032 5212 2103 5250 un
2122 5197 2515 5251 connexionem
2556 5203 2718 5264 atque
2747 5200 2995 5261 copulam
3022 5193 3230 5255 vivunt,
3271 5204 3375 5258 qua
3401 5188 3548 5240 diru-

346 5300 402 5367 τῇ
583 5299 751 5370 αὐτὴν
784 5301 1040 5372 ἁρμονίᾳ.
1070 5302 1178 5353 Καὶ
1207 5300 1365 5354 τοῦτο
1388 5299 1543 5369 δῆλον
1603 5300 1708 5352 ἁπδ
1770 5298 1862 5350 τῶι

2027 5300 2072 5343 ta
2108 5289 2433 5342 moriuntur.
2464 5288 2534 5341 At
2559 5302 2688 5341 vero
2713 5287 2813 5341 ista
2838 5286 3080 5339 membra
3106 5283 3322 5336 Christo
3351 5279 3543 5347 magis,

351 5370 610 5463 μακαρίων
643 5370 958 5463 μαρτύρων,
1001 5392 1049 5444 οἳ
1078 5393 1137 5444 τὸ
1172 5394 1268 5461 μὲν
1321 5392 1621 5459 ὑπέμειναν
1686 5390 1867 5460 ἡδέως,

2029 5396 2148 5433 nam
2175 5395 2274 5434 suo
2300 5379 2460 5448 capiti
2492 5378 2783 5447 conjuncta
2810 5377 3082 5437 videntur,
3117 5372 3396 5440 magisque
3424 5370 3545 5433 hac,

349 5477 400 5529 τὸ
423 5478 473 5531 δὲ
501 5480 618 5533 οὐδὲ
649 5480 879 5534 ἀκοῦσαι
909 5482 1209 5551 ἐνέσχοντο,
1238 5482 1328 5533 καὶ
1363 5481 1461 5552 τὴν
1514 5481 1611 5550 μὲν
1656 5481 1865 5552 κεφαλὴ

2029 5491 2126 5529 iam
2158 5473 2247 5528 illa
2274 5488 2396 5526 cum
2448 5472 2624 5541 capite
2670 5472 3032 5525 commissura
3069 5475 3123 5520 et
3174 5478 3434 5534 compage
3462 5463 3545 5516 vis

410 5690 429 5719 ’
459 5689 874 5762 Maltinaxvm,
914 5691 1003 5745 20.
1084 5694 1126 5725 '-°
1152 5694 1385 5762 Philipp.
1421 5708 1479 5751 ιι,
1524 5693 1601 5745 15.
1682 5694 1718 5722 ¹¹
1744 5692 1849 5744 lsa.
1891 5706 1920 5742 ιι

2034 5689 2067 5742 i.
2148 5688 2188 5718 "
2222 5685 2377 5739 Joan.
2414 5701 2524 5747 xiv,
2554 5685 2646 5736 23.
2725 5681 2765 5711 ¹³
2797 5678 2816 5732 l
2853 5678 2991 5762 Cor.)
3018 5689 3091 5741 vi,
3120 5672 3204 5727 l7.
3285 5669 3550 5740 “Ephcs.

352 5761 495 5826 ml.
574 5745 875 5831 "Philipp,
928 5780 999 5828 tv,
1042 5763 1096 5821 7.
1158 5745 1417 5818 λεἰὸξίη.
1462 5745 1569 5824 inv,
1630 5761 1725 5827 l5;
1769 5762 1868 5814 Mat

1500 5778 1569 5824 tv,
1630 5761 1725 5827 l5;
1769 5745 1953 5815 Matth.
1991 5777 2138 5831 χχιιλ
2169 5758 2379 5813 Coluss.
2414 5758 2449 5810 Ι.
2513 5745 2571 5785 ⁷³⁷
2601 5752 2797 5822 Bphcs.
2833 5764 2882 5815 γ,
2924 5745 3012 5802 52.
