3992 6202
283 285 390 350 493

1550 295 1859 355 NICOLAI
1893 296 2283 360 CABASILE

3412 304 3518 367 500

289 414 443 468 Vere;
475 404 621 472 quod
654 403 800 460 beati
841 413 1109 477 martyres
1161 406 1563 471 demonstrant,
1604 408 1697 476 qui
1725 409 1851 462 illud

1983 409 2222 463 ιπέθεντο
2275 412 2366 464 καὶ
2419 413 2486 465 τὰ
2518 413 2652 482 μέλη
2690 414 2785 466 σὺν
2814 415 3001 485 ἡδονῇ,
3035 414 3128 470 τοῦ
3186 415 3425 484 Χριστοῦ
3473 417 3529 471 δὲ

291 490 529 555 iucunde
560 497 934 564 pertulerunt,
961 497 1151 551 hocne
1184 494 1370 548 audire
1397 496 1614 564 quidem
1659 497 1844 550 volue-

1951 501 2069 554 οὐδὲ
2101 501 2260 572 μέχρι
2290 503 2474 570 φωνῆς
2497 502 2831 574 ἐδυνήθησαν
2857 507 3184 576 ἀποστῆναι.

291 596 435 640 runt.
499 585 634 641 Nam
669 597 831 658 caput
874 587 1092 657 quidem
1129 588 1383 657 ipsosque
1412 598 1563 645 artus
1591 604 1714 644 cum
1763 589 2033 660 voluptate
2079 604 2418 662 posuerunt;
2491 608 2522 649 a
2566 596 2788 652 Christo
2829 608 3010 652 autent
3082 613 3150 655 ne
3214 613 3347 654 voce
3408 600 3536 668 qui-

289 677 412 734 dem
446 686 606 732 tenus
644 679 852 746 sejungi
884 677 1176 748 divellique
1206 687 1522 748 potuerunt.

363 773 612 828 Nondum
648 772 782 836 dixi,
802 774 944 842 quod
970 774 1234 843 imprimis
1264 775 1583 830 inusitatum
1603 777 1853 846 etsingu-

289 866 402 920 lare
423 874 524 919 est.
546 859 685 928 Quid
714 864 855 918 enim
878 864 1030 919 alteri
1060 867 1234 936 magis
1265 867 1644 936 conjungatur,
1691 879 1855 936 quam

287 958 466 1027 ipsum
503 955 863 1024 sibimetipsi?
899 956 964 1011 Et
1027 967 1204 1012 tamen
1235 959 1352 1014 haec
1389 961 1506 1029 ipsa
1542 961 1857 1029 coniunctio

289 1053 406 1106 sive
437 1049 565 1102 unio
595 1049 979 1115 conjunctione
1023 1049 1114 1103 illa
1155 1049 1381 1104 inferior
1407 1061 1460 1106 et
1489 1051 1858 1119 imperfectior

289 1151 392 1198 est.
431 1141 717 1194 Beatorum
751 1141 949 1210 quippe
971 1142 1263 1211 spirituum
1296 1144 1679 1212 unusquisque
1711 1159 1856 1196 unus

289 1243 344 1286 et
376 1233 515 1284 idem
546 1231 645 1286 sibi
673 1231 774 1300 ipsi
819 1241 936 1286 cst:
972 1233 1238 1288 Salvatori
1292 1235 1644 1288 nihilominus
1693 1235 1866 1302 magis

294 1335 458 1393 quam
516 1324 734 1378 sibimet
785 1326 1107 1394 copulatur:
1163 1327 1282 1395 plus
1326 1328 1469 1380 enim
1530 1328 1678 1380 illum
1704 1341 1865 1396 quam

292 1432 415 1472 sese
462 1425 630 1473 amat.
684 1417 840 1484 Quod
900 1420 1166 1483 dicimus,
1217 1419 1416 1474 Paulus
1471 1423 1758 1474 conﬁrmat
1803 1419 1868 1480 ⁸⁸,

293 1520 486 1580 aptans
514 1513 804 1564 anathema
827 1526 948 1566 esse
972 1528 1000 1564 a
1033 1511 1251 1568 Christo
1276 1523 1496 1582 prepter
1521 1514 1748 1566 salutem
1768 1511 1866 1566 Ju-

293 1605 556 1668 daeorum,
581 1619 688 1673 quo
715 1603 860 1658 illius
891 1605 1065 1673 gloria
1108 1611 1390 1673 augeatur.
1421 1603 1572 1669 Quod
1609 1605 1651 1657 si
1678 1605 1870 1656 imma-

2033 775 2140 830 Καὶ
2192 775 2335 830 οὕτω
2370 776 2513 843 λέγω
2568 778 2629 830 τὸ
2684 779 3018 834 καινότατον.
3055 779 3121 832 Τί
3153 779 3260 851 γὰρ
3293 780 3360 834 ἃν
3386 779 3535 852 ἄλλῳ

1960 869 2280 920 συνάπτοιτο
2309 867 2512 936 μᾶλλον
2535 867 2565 937 ἢ
2592 868 2722 920 αὐτὸ
2750 869 2962 939 ὲαυτῷ;
2993 871 3126 922 ἀλλὰ
3166 871 3261 923 καὶ
3297 868 3436 941 αῦτη
3491 873 3525 941 ή

1957 959 2145 1028 ἑνότης
2173 963 2270 1030 τῆς
2300 961 2593 1028 συναφείας
2619 961 2837 1030 ἐκείνης
2867 962 3088 1015 ἔλαττον
3110 961 3245 1030 εχει.
3279 962 3402 1014 Τῶν
3427 963 3539 1030 γάρ

1959 1053 2283 1117 πνευμάτων
2317 1052 2437 1121 τῶν.
2455 1054 2742 1123 μακαρίων
2775 1053 3006 1106 ἕκαστόν
3032 1054 3148 1106 ἐστι
3184 1055 3282 1121 μὲν
3328 1053 3387 1106 ἒν
3440 1034 3540 1106 καὶ

1957 1143 2124 1197 ταὺτὸ
2152 1143 2352 1214 ἐαυτῷ,
2383 1145 2650 1213 συνῆπται
2677 1145 2735 1196 δὲ
2767 1143 2844 1213 τῷ
2874 1145 3085 1215 Σωτῆρι
3115 1145 3316 1214 μᾶλλον
3351 1145 3382 1214 ἢ
3411 1147 3539 1197 ἑαυ-

1959 1233 2037 1304 τῷ
2064 1251 2077 1265 ·
2113 1234 2258 1303 φιλεῖ
2285 1234 2392 1304 γὰρ
2444 1234 2536 1284 τὸν
2581 1234 2829 1302 Σωτῆρα
2889 1232 3156 1303 μᾶλλονῆ
3203 1233 3381 1292 ἑαυτδ,
3442 1232 3540 1283 καὶ

1967 1327 2308 1396 μαρτυρήσει
2337 1325 2414 1395 τῷ
2475 1325 2618 1394 λόγῳ
2667 1325 2874 1388 Παῦλος
2932 1325 3224 1395 εὐχόμενος
3293 1324 3541 1386 ἀνάθεμα

1963 1415 2104 1471 εἶναι
2131 1419 2235 1470 ἀπὸ
2267 1417 2500 1487 Χριστοῦ
2529 1417 2671 1486 ὑπὲρ
2711 1418 2810 1486 τῆς
2865 1418 3055 1484 σοφίας
3095 1419 3204 1470 τῶν
3242 1411 3538 1480 Ἰουδαίων,

1963 1512 2032 1564 ἵν’
2057 1511 2251 1581 ἐκείνῳ
2291 1510 2573 1580 προσθήκη
2638 1510 2866 1579 γένηται
2905 1510 3088 1579 δόξης.
3124 1509 3189 1561 Et
3234 1510 3291 1560 δὲ
3316 1509 3376 1561 τὸ
3430 1509 3542 1560 τῶν

1967 1601 2267 1672 ἀνθρώπων
2321 1602 2540 1670 φίλτρον
2571 1601 2852 1664 τοσοῦτον,
2881 1601 2942 1654 τὸ
2971 1601 3113 1654 θεῖον
3139 1599 3248 1652 οὐδ’
3281 1592 3398 1651 ἔστι
3447 1598 3542 1650 λο-

293 1707 398 1748 nus
430 1709 584 1749 amor
612 1699 794 1748 tantus
829 1703 931 1758 est,
991 1695 1206 1749 divinus
1236 1708 1472 1762 quantus
1520 1695 1868 1750 sitmstimari

1983 1690 2249 1756 τίσασθαι.
2279 1691 2338 1742 Εί
2369 1693 2482 1759 γὰρ
2528 1693 2575 1743 οί
2605 1690 2832 1762 πονηροὶ
2876 1689 3148 1759 τοσαύτην
3196 1689 3544 1752 ἐπεδείξαντο

295 1798 402 1839 non
436 1795 633 1853 porest.
661 1784 716 1838 Si
740 1787 885 1839 enim
919 1789 1009 1855 qui
1039 1787 1164 1840 mali
1189 1795 1317 1841 sunt
1339 1796 1544 1840 tantam
1569 1786 1866 1840 bonitatem

294 1875 678 1940 exlaibuerunt,
707 1877 837 1945 quid
868 1877 936 1930 de
965 1876 1051 1930 illa
1101 1878 1343 1931 bonitate
1393 1875 1868 1929 memorabimus?

295 1965 430 2021 Cum
470 1981 633 2035 porro
665 1982 818 2022 amor
851 1978 960 2022 tam
1003 1968 1070 2022 sit
1107 1971 1376 2024 excellens
1408 1980 1462 2023 et
1495 1969 1748 2033 eximius,
1777 1984 1842 2021 ne

297 2071 453 2112 cesse
476 2067 559 2113 est
584 2059 747 2112 etiam
804 2061 1350 2128 conglutinationem,
1376 2060 1445 2114 ad
1473 2076 1637 2129 quam
1677 2075 1868 2113 ainan-

299 2159 380 2206 tes
408 2151 596 2220 adigit,
637 2147 940 2207 humanum
1000 2153 1274 2220 ingenium
1324 2155 1404 2209 sic
1457 2154 1779 2223 deprimere,
1815 2163 1874 2206 ut

298 2264 357 2304 se
382 2263 486 2302 nec
531 2245 598 2300 ad
651 2243 1064 2299 similitudinem
1109 2245 1331 2311 quidem
1371 2261 1466 2299 seu
1522 2246 1868 2298 collationem

298 2337 676 2395 inveniendam
709 2335 1164 2404 queatextollere.
1196 2334 1301 2389 Sed
1338 2350 1453 2389 rem
1483 2335 1549 2389 ad
1581 2335 1724 2388 hunc
1756 2347 1873 2386 mo-

299 2433 428 2488 dum
460 2426 895 2482 consideremus.

369 2515 506 2572 Cum
533 2517 702 2570 multa
747 2516 877 2580 siut,
899 2516 1099 2586 quibus
1128 2528 1226 2584 per
1255 2515 1421 2568 vitam
1473 2529 1720 2582 egemus,
1745 2529 1870 2566 aere

302 2615 548 2683 inquam,
593 2609 818 2675 lumine,
862 2611 1142 2674 alimento,
1201 2610 1468 2672 vestibus,
1513 2608 1644 2676 ipsis
1668 2616 1874 2660 natm-se

303 2705 678 2768 facultatibus,
731 2711 786 2757 et
811 2703 1096 2759 membris.
1143 2703 1202 2754 lit
1231 2711 1434 2762 tamen,
1478 2709 1538 2754 ut
1573 2699 1776 2753 nullius
1811 2715 1875 2752 u-

302 2815 424 2855 sum
458 2813 523 2852 ex
575 2795 832 2850 omnibus
876 2808 1092 2860 semper
1139 2802 1191 2846 et
1228 2794 1292 2845 a-l
1355 2793 1540 2844 omnia
1598 2791 1868 2844 desidere-

303 2907 447 2950 mus.
481 2889 576 2944 sed
603 2901 750 2941 nunc
780 2884 948 2946 istud,
971 2899 1117 2938 nunc
1145 2883 1292 2936 aliud
1325 2881 1713 2946 adhibeamus,
1740 2881 1878 2932 alias

305 2984 411 3038 alio
436 2981 502 3036 ad
542 2984 860 3051 pra-sentem
901 2974 1278 3029 necessitatem
1326 2971 1659 3026 in'serviente
1720 2971 1872 3024 vide-

304 3076 455 3128 licet.
485 3070 704 3124 Vestem
728 3069 927 3137 quippe
947 3065 1249 3126 induimus,
1274 3081 1393 3133 qua:
1422 3065 1734 3118 alimoniam
1767 3077 1872 3116 non

307 3167 548 3236 praebet;
607 3162 704 3218 sed
726 3163 908 3216 cibum
965 3162 1344 3230 appetentibus
1382 3159 1556 3214 ‘aliud
1629 3173 1876 3228 quaeren-

307 3258 435 3311 dum
465 3266 566 3308 est.
605 3252 814 3307 Lumen
848 3253 913 3306 ad
947 3253 1188 3305 animam
1230 3252 1532 3306 ducendam
1582 3267 1690 3305 non
1723 3251 1874 3304 facit.

307 3350 417 3403 Aer
453 3345 690 3401 vicissim
725 3346 930 3399 lumine
977 3345 1134 3400 nobis
1165 3360 1270 3399 non
1303 3345 1492 3400 radiat.
1528 3345 1798 3400 Seusuum
1825 3355 1876 3398 et

311 3441 680 3495 membrorum
720 3438 900 3492 ollicio
927 3453 1032 3492 non
1089 3455 1261 3507 usque
1283 3447 1338 3492 et
1364 3453 1534 3507 usque
1563 3437 1876 3506 fungimur;

311 3531 404 3585 sed
433 3545 558 3586 cum
607 3529 820 3592 oculus,
865 3538 980 3583 tum
1015 3543 1209 3584 manus
1264 3529 1536 3582 interdum
1569 3528 1742 3580 otiosa
1772 3536 1876 3590 est,

312 3613 436 3676 cum
473 3623 785 3676 auSrultare
829 3620 1106 3689 quippiam
1143 3628 1374 3689 upoxtet.
1403 3619 1732 3686 Cuntingcre
1784 3632 1878 3671 seu

313 3723 546 3771 tractare
578 3713 778 3782 aliquid
807 3712 1150 3780 cupientibus
1181 3727 1374 3765 manus
1396 3710 1614 3772 sufﬁcit,
1642 3710 1720 3762 vel
1746 3710 1880 3763 odo~

313 3809 448 3873 rari,
479 3809 561 3861 vel
602 3810 815 3870 audire,
866 3809 949 3860 vel
979 3807 1175 3860 intueri
1203 3806 1512 3859 volentibus
1561 3804 1691 3858 nihil
1729 3819 1882 3857 com-

315 3906 527 3970 modat;
561 3904 654 3958 sed
687 3915 748 3955 ea
801 3900 961 3953 missa
997 3902 1061 3954 ad
1093 3900 1252 3952 aliam
1301 3899 1611 3953 facultatem
1661 3894 1885 3965 respici-

316 4011 456 4050 mus.
495 3995 561 4050 At
598 3996 844 4051 Salvator
877 3994 928 4046 in
961 3993 1078 4061 ipso
1128 3992 1432 4046 viventibus
1461 3991 1540 4044 sic
1567 4005 1782 4058 semper
1831 3996 1884 4041 et

315 4087 663 4141 omnimodus
701 4087 875 4150 adest,
899 4093 954 4138 ut
986 4084 1400 4153 quibuscunque
1423 4098 1614 4136 eorum
1649 4081 1885 4135 increasi-

316 4182 521 4233 tatibus
561 4181 833 4240 cmisnlat,
867 4191 920 4229 et
953 4176 1085 4244 ipsis
1109 4175 1180 4228 sit
1229 4177 1429 4232 omnia,
1462 4189 1558 4227 nec
1590 4172 1697 4225 alio
1732 4187 1888 4240 pror-

317 4285 412 4325 sus
435 4287 493 4324 se
524 4279 754 4330 vertere,
793 4283 891 4320 nec
927 4267 1150 4320 aliunde
1203 4280 1448 4334 quaerere
1473 4264 1774 4332 quidquam
1811 4263 1885 4316 si-

1972 1784 2071 1852 τὴν
2121 1783 2558 1852 εὐγνωμοσύνην,
2620 1781 2672 1833 τί
2726 1780 2829 1852 χρὴ
2888 1782 3015 1848 περὶ
3059 1780 3159 1850 τῆς
3203 1781 3544 1847 ἀγαθὸτητος

1975 1875 2187 1944 ἐκείνης
2236 1876 2442 1939 είπείν;
2475 1874 2631 1926 Οὕτω
2667 1875 2724 1926 δὲ
2752 1873 3065 1944 ὑπερφυοῦς
3095 1873 3246 1936 ὄντος
3278 1873 3371 1926 τοῦ
3399 1873 3544 1941 ἐρω-

1972 1984 2084 2031 τος,
2120 1967 2333 2035 ἀνάγκη
2361 1967 2454 2019 καὶ
2482 1966 2580 2035 τὴν
2600 1966 2914 2033 συνάφειαν,
2966 1963 3103 2036 πρὸς
3149 1965 3218 2036 ὴν
3273 1964 3542 2033 συνήλασα

1973 2060 2098 2121 τοὺς
2124 2059 2387 2128 ἐρῶντας,
2417 2057 2516 2124 τὴν
2545 2057 2786 2111 διάνοιαν
2826 2057 2926 2127 τὴν
2980 2056 3326 2126 ἀνθρώπειαν
3381 2054 3535 2107 κάτω

1973 2151 2201 2216 τιθέναι,
2231 2150 2371 2203 ὥστε
2405 2151 2537 2220 μηδὲ
2578 2150 2712 2219 πρὸς
2763 2149 3120 2218 παράδειγμα
3180 2146 3541 2216 ἀνενεχθῆναι

1974 2244 2200 2314 δυνατὴν
2231 2239 2389 2297 εἶναι.
2425 2244 2721 2313 Σκοπῶμεν
2751 2243 2808 2294 δὲ
2850 2248 2944 2295 καὶ
2969 2242 3116 2294 τόνδε
3175 2241 3267 2293 τὸν
3296 2239 3518 2310 τρόπον.

2046 2510 2263 2565 Πολλῶν
2331 2509 2520 2572 ὄντων,
2577 2501 2656 2570 οἷς
2739 2507 2976 2559 συνεῖναι.
3048 2503 3185 2556 κατά
3272 2502 3364 2554 τὸν
3430 2500 3546 2567 βίον

1977 2604 2213 2670 ἀνάγκη,
2240 2601 2422 2669 ἀέρος,
2450 2601 2652 2667 φωτὸς,
2683 2599 2908 2666 τροφῆς,
2948 2594 3198 2666 ἱματίων,
3221 2594 3401 2648 αὐτῶν
3435 2593 3546 2646 τῶν

1978 2697 2035 2748 ἐν
2059 2695 2122 2762 τῇ
2157 2692 2314 2759 φύσει
2340 2690 2622 2756 δυνάμεων
2679 2687 2772 2740 καὶ
2802 2687 3000 2758 μελῶν,
3043 2686 3216 2740 οὐδενὶ
3267 2684 3376 2738 τῶν
3406 2686 3546 2738 πάν-

1976 2803 2086 2837 των
2116 2785 2374 2837 ὲκάστοτε
2407 2784 2500 2834 καὶ
2536 2780 2673 2851 πρὸς
2704 2781 2920 2834 ἅπαντα
2974 2778 3274 2850 κεχρῆσθαι
3305 2778 3398 2830 καὶ
3420 2792 3547 2829 συν·

1978 2879 2116 2929 εἶναι
2143 2874 2452 2942 συμϐαίνει,
2485 2871 2621 2924 ἀλλά
2653 2872 2747 2924 νῦν
2781 2871 2879 2940 μὲν
2909 2868 3107 2940 τούτῳ,
3131 2867 3292 2936 νῦνξδ⁹
3325 2868 3541 2932 ἐκείνῳ,

1983 2967 2118 3039 πρὸς
2147 2967 2244 3038 τὴν
2297 2965 2384 3020 ἀεὶ
2418 2963 2699 3034 παροῦσαν
2742 2964 2931 3033 χρείαν
2993 2962 3180 3016 ἄλλοτε
3223 2961 3380 3015 ἄλλου
3417 2959 3547 3029 βοηο

1982 3061 2218 3122 θοῦντος.
2256 3051 2329 3110 ’Τὸ
2363 3059 2470 3126 γὰρ
2502 3056 2717 3126 ἱμάτιον
2757 3054 3053 3124 ἑνδυόμεθα
3103 3053 3220 3123 μὲν,
3249 3052 3425 3123 τροψὴ
3487 3049 3546 3102 δὲ

1977 3155 2076 3207 οὐκ
2109 3151 2174 3204 ἂν
2204 3150 2311 3218 είη,
2345 3147 2481 3200 ἀλλά
2504 3145 2788 3216 τραπέζης
2819 3144 3090 3214 δεηθεῖσιν
3128 3144 3256 3197 ἄλλο
3276 3161 3326 3195 τι
3358 3143 3546 3209 ζητεῖν

1978 3244 2217 3312 ἀνάγκη.
2250 3242 2359 3294 Καὶ
2386 3241 2447 3293 τὸ
2471 3239 2572 3310 μὲν
2605 3237 2718 3306 φῶς
2746 3239 2806 3290 οὑ
2859 3237 3073 3290 δίδωσιν
3126 3235 3485 3296 ἀναπνεῦσαι,
3517 3234 3547 3284 ὁ

1978 3337 2033 3389 δὲ
2066 3336 2172 3406 ἀὴρ
2199 3336 2296 3386 οὐκ
2333 3333 2400 3385 ἂν
2447 3332 2654 3399 γένοιτο
2698 3331 2832 3400 ἡμῖν
2870 3329 2991 3383 ἀντὶ
3038 3329 3137 3398 τῆς
3183 3328 3422 3387 ἀκτῖνος,
3453 3323 3550 3375 καὶ

1979 3431 2088 3486 τῶν
2147 3429 2450 3497 αίσθὴσεων
2497 3425 2553 3478 δὲ
2609 3426 2724 3487 ταῖς
2760 3423 3061 3494 ἐνεργείαις
3095 3423 3186 3475 καὶ
3221 3421 3331 3473 τῶν
3367 3417 3546 3488 μελῶν

1981 3524 2079 3576 οὐκ
2107 3521 2193 3574 ἀεὶ
2225 3518 2503 3588 πάρεσμεν
2534 3515 2654 3568 οὐδὲ
2682 3513 2964 3585 χρώμεθα,
3011 3514 3148 3567 ἀλλά
3169 3513 3260 3565 καὶ
3291 3513 3318 3564 ὁ
3345 3509 3546 3577 ὀφθαλ-

1985 3617 2085 3685 μὸς
2119 3612 2285 3666 ἐνίοτε
2312 3611 2405 3662 καὶ
2458 3609 2580 3678 χεὶρ
2631 3607 2799 3677 ἀργός
2843 3609 3012 3670 ἐστιν,
3049 3602 3278 3657 ἀκοῦσαι
3331 3601 3547 3668 δεῆσαν,

1983 3711 2078 3761 καὶ⁸
2104 3705 2342 3775 ἅψασθαι
2373 3703 2472 3772 μὲν
2497 3699 2838 3770 βουλομένοις
2860 3700 2894 3766 ἡ
2919 3699 3040 3768 χεὶρ
3061 3697 3304 3766 ἀρκέσει,
3323 3695 3552 3760 ὀσφραν-

1984 3800 2141 3868 θῆναι
2172 3798 2228 3849 δὲ
2259 3794 2547 3866 ἦάκοῦσαι
2589 3792 2622 3861 ἢ
2653 3792 2779 3845 ἰδεῖν
2811 3791 2909 3843 οὐκ
2939 3789 3002 3842 ἂν
3049 3789 3150 3852 ἔτι,
3181 3786 3314 3840 ἀλλά
3345 3784 3552 3852 ταύτην

1985 3892 2214 3960 ἀφέντες
2241 3891 2321 3950 είς
2345 3887 2514 3955 ἄλλην
2557 3885 2772 3954 ὁρῶμεν
2837 3881 3095 3951 δύναμιν.
3136 3878 3196 3932 '0
3253 3873 3310 3931 δὲ
3360 3874 3551 3946 Σωτὴρ

1986 3986 2095 4045 τοῖς
2127 3985 2184 4035 ὲν
2213 3980 2357 4049 αὐτῷ
2389 3980 2552 4044 ζῶσιν
2579 3977 2751 4036 οὕτως
2805 3975 2890 4026 ἀεὶ
2919 3969 3060 4026 κατά
3110 3972 3286 4024 πάντα
3337 3968 3552 4020 σύνεστι

1987 4078 2208 4146 τρόπον,
2241 4075 2380 4127 ὥστε
2409 4075 2588 4125 πᾶσαν
2621 4069 2810 4140 χρείαν
2841 4068 3074 4137 παρέχει
3105 4067 3195 4118 καὶ⁸
3226 4065 3403 4117 πάντα
3461 4061 3554 4113 αὐ-

1986 4170 2096 4228 τοῖς
2127 4169 2263 4231 ἐστι,
2297 4166 2389 4216 καὶ
2421 4166 2518 4216 οὐκ
2543 4163 2607 4232 ἐᾷ
2640 4160 2773 4229 πρὸς
2802 4158 2929 4212 ἄλλο
2961 4177 3012 4211 τι
3038 4157 3142 4209 τῶν
3171 4158 3387 4210 πάντων
3422 4153 3549 4204 ἰδεῖν

1989 4258 2108 4312 οὐδὲ
2143 4258 2324 4328 ζητεῖν
2351 4254 2613 4325 ἑτέρωθεν
2641 4251 2812 4304 οὐδέν.
2851 4250 2925 4303 Οὐ
2981 4251 3090 4319 γὰρ
3141 4249 3288 4300 ἐστιν
3313 4240 3374 4298 οὗ
3434 4246 3556 4312 δεησ-

318 4373 432 4416 nat.
466 4359 584 4414 Non
640 4361 782 4413 enim
815 4369 974 4424 egent
1010 4357 1193 4423 aliquo
1225 4356 1418 4417 sancti,
1459 4357 1602 4423 quod
1635 4357 1747 4424 ipse
1775 4367 1875 4406 non

1992 4352 2177 4413 θεῖσιν,
2211 4350 2346 4411 ὅπερ
2377 4346 2477 4398 οὐκ
2529 4344 2688 4405 αὑτός
2721 4345 2836 4395 ἑστι
2865 4344 2975 4404 τοῖς
3005 4342 3216 4406 ἁγίαις⁸
3261 4339 3356 4391 καὶ
3390 4336 3554 4403 γεννᾷ

319 4453 408 4505 sit.
436 4451 674 4505 Generat
719 4448 972 4500 nimirum
1023 4447 1192 4513 ipsos,
1225 4456 1280 4501 et
1333 4447 1550 4508 educat,
1608 4454 1661 4499 et
1686 4445 1802 4507 alit,
1834 4453 1888 4497 et

319 4544 500 4596 lumen
543 4538 673 4608 ipsis
705 4549 808 4601 est,
865 4547 916 4590 et
941 4536 1181 4602 habitus,
1214 4547 1266 4591 et
1299 4537 1450 4607 ﬁngit
1481 4537 1613 4606 ipsis
1669 4536 1884 4590 oculum

320 4634 612 4700 semetipso
635 4642 688 4684 et
719 4630 988 4684 illuminat
1043 4631 1354 4696 semetipso,
1387 4641 1435 4682 et
1461 4646 1519 4684 se
1550 4629 1882 4683 cernendum

319 4723 544 4794 praebet.
577 4723 789 4777 Etcum
839 4722 910 4774 sit
931 4719 1090 4781 altor,
1133 4722 1291 4775 simul
1319 4731 1402 4775 cst
1430 4723 1518 4789 qui
1548 4735 1738 4789 panem
1769 4719 1889 4770 vita:

323 4815 452 4877 dat;
486 4813 619 4882 ipse,
653 4814 898 4883 inquam,
931 4825 1014 4868 est.
1043 4815 1136 4882 qui
1169 4815 1291 4868 dat:
1325 4825 1377 4867 et
1413 4815 1520 4867 vita
1554 4825 1636 4868 est
1662 4811 1890 4866 viventi-

324 4904 446 4970 bus,
477 4914 530 4959 et
553 4915 885 4975 unguentum
915 4906 1266 4975 spirantibus,
1289 4917 1340 4959 et
1367 4907 1742 4961 vestimentum
1767 4917 1894 4971 ope-

323 4995 418 5048 riri
454 4996 817 5061 cupientibus.
852 4994 1054 5065 Nempe
1083 4996 1128 5050 is
1153 5006 1254 5060 est,
1289 5012 1384 5064 per
1413 5012 1573 5066 quem
1610 4994 1890 5047 ambulare

326 5102 637 5155 possumus,
689 5098 741 5138 et
775 5086 886 5154 ipsa
951 5090 1056 5150 via,
1087 5097 1140 5140 et
1196 5088 1416 5154 insuper
1469 5084 1733 5140 terminus
1770 5083 1892 5146 riae,

326 5173 571 5244 adeoque
603 5177 981 5231 diversorium.
1017 5178 1250 5232 Membra
1284 5193 1385 5231 nos
1413 5193 1622 5239 sumus,
1657 5176 1769 5244 ipse
1799 5192 1891 5227 ca-

325 5281 449 5339 put.
468 5268 795 5324 Certandum
825 5271 942 5324 est?
962 5270 1075 5325 Una
1100 5281 1288 5324 certat.
1316 5270 1580 5324 Praxlare
1601 5267 1897 5322 ρειιιιιιιω2

325 5360 536 5417 Prarses
610 5371 664 5416 (³1.
741 5361 944 5417 arbiter
1013 5362 1325 5416 certaminis
1407 5371 1507 5416 cst.
1585 5359 1892 5413 Vincimus?

327 5451 450 5505 llo:
499 5467 701 5507 corona
758 5464 862 5508 est.
925 5453 1014 5508 Sic
1067 5455 1428 5522 undecunque
1486 5463 1718 5506 mentem
1798 5468 1890 5502 nu-

327 5550 496 5597 stram
546 5543 614 5597 ad
655 5546 891 5615 scipsum
921 5546 1177 5606 adrrrtit,
1224 5563 1321 5600 nec
1372 5547 1439 5598 ad
1492 5546 1634 5600 aliud
1693 5545 1896 5613 patitur

403 5721 443 5750 ³³
480 5721 633 5773 Ηυητ.
682 5739 752 5783 IX,
787 5725 817 5777 ὖ

1994 4441 2100 4508 γὰρ
2131 4439 2226 4491 καὶ
2271 4435 2423 4500 αὔξει.
2468 4436 2560 4489 καὶ
2591 4435 2780 4504 τρέφει
2815 4433 2908 4486 καὶ
2956 4432 3069 4500 φῶς
3100 4433 3215 4482 ἐστι
3240 4429 3335 4480 καὶ
3393 4426 3555 4492 πνοὴ,

1995 4534 2089 4585 καὶ
2157 4531 2381 4583 πλάττει
2449 4527 2548 4596 μὲν
2597 4527 2780 4586 αὐτοῖς
2855 4521 3131 4591 ὀφθαλμὸν
3179 4519 3377 4588 ἐαυτῷ,
3450 4534 3560 4583 φω-

1993 4625 2130 4688 τίζει
2165 4623 2221 4675 δὲ
2253 4625 2432 4690 έαυτῳ
2463 4618 2622 4672 πάλιν
2643 4657 2658 4682 ,
2686 4614 2915 4684 παρέχει
2943 4615 2996 4666 δὲ
3031 4613 3162 4682 ὁρᾷν
3191 4610 3404 4662 ἑαυτὸν.
3449 4608 3556 4658 Καὶ

1993 4715 2225 4786 τροφεὺς
2256 4713 2332 4764 ὢν
2366 4712 2460 4764 καὶ
2485 4710 2654 4779 τροφή
2690 4709 2826 4771 ἐστι,
2856 4705 2949 4756 καὶ
2979 4704 3138 4764 αὐτὸς
3183 4701 3280 4771 μέν
3336 4703 3481 4751 ἐστιν
3531 4697 3560 4746 ὁ

1996 4805 2252 4874 παρέχων
2289 4803 2376 4854 τὸν
2419 4801 2582 4868 ἄρτον
2638 4797 2738 4866 τῆς
2801 4789 2967 4864 ζωῆς,
3016 4793 3175 4854 αὐτὸς
3221 4787 3275 4843 δέ
3331 4794 3476 4843 ἐστιν
3531 4789 3560 4839 ὃ

1996 4899 2261 4968 παρέχειο
2293 4895 2387 4948 καὶ
2438 4891 2552 4959 ζωὴ
2615 4890 2714 4960 μέν
2747 4891 2862 4942 ἐστι
2908 4889 3094 4952 ζῶσιν,
3130 4886 3459 4940 ἀναπνέουσι
3503 4882 3556 4934 δὲ

1999 4992 2192 5060 μύρον,
2223 4986 2433 5056 ίμάτιον
2456 4985 2511 5037 δὲ
2539 4982 2854 5036 ἐνδύσασθαι
2899 4979 3263 5050 βουλομένοις,
3310 4977 3414 5028 Καὶ
3447 4975 3554 5043 μὴν

1996 5084 2156 5146 αὐτὸς
2191 5082 2289 5152 μέν
2320 5083 2454 5145 ἐστι,
2483 5072 2526 5147 ᾧ
2553 5074 2823 5146 δυνάμεθα
2854 5073 3108 5143 βαδίζειν,
3133 5071 3292 5132 αὐτὸς
3321 5070 3374 5120 δέ
3414 5073 3560 5120 ἐστιν

1997 5181 2028 5244 ἡ
2063 5175 2200 5236 ὁδὸς,
2233 5173 2325 5227 καὶ
2360 5174 2494 5237 προς
2523 5187 2583 5236 γε
2611 5171 2690 5219 ἔτι
2718 5168 2776 5218 τ),
2833 5166 3120 5232 κατάλυμα
3179 5161 3278 5227 τῆς
3309 5158 3428 5213 ὁδοῦ
3465 5159 3560 5208 καὶ

1997 5269 2054 5319 τὸ
2089 5267 2280 5334 πέρας.
2312 5262 2668 5331 Μεληὲσμὲν,
2692 5261 2895 5319 ἐκεῖνος
2929 5255 3137 5324 κεφαλή
3160 5271 3173 5284 ·
3200 5249 3560 5320 ἀγωνίζεσθαι

1998 5361 2113 5412 (ἷξον
2151 5353 2590 5421 συναγωνίζεται,
2621 5351 2995 5418 εὐδοκιμοῦσιν
3028 5347 3371 5415 ἀγωνοθέτης
3419 5345 3554 5394 ἐστι·

2000 5454 2262 5517 ν.κιῖιμεν,
2303 5447 2562 5513 στέφανος
2599 5447 2803 5504 ἐκεῖνος
2868 5444 3048 5503 εὐθυς.
3091 5439 3246 5492 Οὕτω
3291 5433 3557 5501 πανταχὸ-

2002 5545 2090 5596 Οεν
2127 5540 2256 5611 πρὸς
2287 5538 2475 5590 ἑαυτὸν
2531 5536 2865 5604 ἐπιστρέφει,
2903 5534 2996 5584 κυνὶ
3054 5534 3153 5584 οἰκ
3185 5531 3247 5599 ἐᾷ
3299 5524 3558 5597 προσχεῖν
