3992 6202
366 279 472 347 501

1438 287 1537 347 DE
1582 286 1757 349 VITA
1798 285 1878 343 ΙΝ
1912 281 2245 344 CHRISTO
2286 281 2435 342 LIB.
2473 280 2519 342 Ι.

3412 274 3416 279 '
3506 280 3633 342 δοες

364 396 459 449 τὸν
508 394 633 449 νοῦν
654 394 830 450 οὐδενὶ
859 397 967 452 τῶν
994 397 1170 453 ἄλλων
1209 398 1330 453 οὐδὲ
1391 399 1575 454 λαϐεῖν
1599 400 1776 471 ἔρωτα
1825 397 1934 452 τῶν

2053 392 2237 448 :ffundi
2271 407 2372 447 nec
2413 391 2577 447 ullius
2624 392 2702 447 rei
2749 405 2936 448 amore
2987 390 3272 463 implicari.
3305 391 3417 447 Etsi
3460 396 3607 448 enlm

364 489 537 543 ὄντων
563 489 795 553 οὐδενός.
826 490 947 546 Κᾶν
965 490 1075 563 γὰρ
1097 486 1200 547 ὧδε
1241 491 1555 564 κινήσωμεν
1600 495 1698 563 τὴν
1747 493 1937 547 ἐπιθυ-

369 579 525 647 μίαν,
560 580 718 645 αὐτὸς
749 581 933 652 ἵστησι
970 584 1066 638 καὶ
1101 584 1393 651 ἀναπαύει,
1417 585 1521 639 κᾶν
1550 586 1751 649 ἐκεῖσε,
1773 586 1935 638 πάλιν

366 665 550 732 αὐτὸς,
607 668 710 721 κᾶν
738 669 996 740 ἑτέρωσε,
1052 672 1145 727 καὶ
1179 674 1381 744 ταύτην
1425 673 1648 745 κατέχει
1683 675 1783 747 τὴν
1819 674 1936 728 ὁδὸν

366 759 466 813 καὶ
517 760 815 830 παριόντας
854 762 1171 833 χειροῦται.
1218 784 1236 817 ι
1296 767 1421 820 Ἐὰν
1472 768 1659 824 ἀναϐὦ
1718 770 1799 832 εἰς
1846 768 1936 823 τὸν

368 852 723 923 οὐρανὸν,σὺ
765 854 881 908 ἐκεῖ
921 851 989 922 εἴ,
1039 858 1223 927 φησίν·
1272 858 1369 912 ἐὰν
1418 860 1645 915 καταϐῶ
1704 863 1787 925 εἰς
1846 861 1937 916 τὸν

369 946 529 1017 ᾅδην,
576 947 771 1018 πάρει·
810 947 905 1002 ἐὰν
942 948 1199 1005 ἀναλάϐω
1228 951 1329 1016 τὰς
1354 952 1631 1024 πτέρυγάς
1674 969 1773 1023 μου
1816 952 1937 1007 κατ’

366 1039 566 1111 ὄρθρον
592 1041 687 1095 καὶ
719 1041 1129 1113 κατασκηνὼσω
1156 1044 1235 1107 εἰς
1269 1046 1338 1098 τά
1382 1045 1583 1115 ἔσχατα
1621 1048 1721 1118 τῆς
1742 1045 1942 1102 θαλάσ-

372 1148 495 1201 σης,
550 1132 646 1187 καὶ
703 1134 814 1205 γὰρ
871 1135 986 1188 ἐκεῖ
1043 1137 1078 1204 ἡ
1114 1136 1235 1207 χείρ
1285 1152 1380 1189 σου
1438 1138 1694 1209 ὁδηγήσει
1728 1157 1794 1210 με
1846 1141 1939 1195 καὶ

368 1223 592 1290 καθέξει
626 1241 691 1294 με
721 1226 753 1295 ἠ
782 1224 936 1291 δεξιά
958 1243 1073 1280 amr
1111 1247 1130 1280 ι
1167 1229 1381 1299 ἀνάγκῃ
1409 1232 1517 1284 τινὶ
1541 1231 1825 1303 θαυμαστῇ
1843 1234 1939 1287 καὶ

370 1312 745 1384 φιλανθρώπῳ
804 1317 1078 1385 τυραννίδι
1128 1317 1264 1388 πρὸς
1314 1318 1504 1374 ἑαυτὸν
1565 1320 1722 1391 μόνον
1767 1320 1943 1376 ἕλκων
1999 1376 2007 1383 _

370 1404 469 1455 καὶ
510 1405 690 1475 ἐαυτῷ
739 1408 887 1477 μόνῳ
951 1407 1259 1465 συνάπτων.
1302 1410 1412 1463 Kal.
1450 1410 1651 1481 ταύτην
1690 1406 1831 1465 εἶναι
1864 1406 1944 1464 οἴ-

374 1509 477 1560 μαι
507 1495 605 1565 τὴν
634 1496 902 1569 ἀνάγκην,
938 1492 1256 1573 ᾖσυνέλασε
1296 1501 1431 1566 πρὸς
1481 1500 1580 1573 τὴν
1627 1502 1805 1556 οἰκίαν
1849 1505 1940 1559 καὶ

371 1583 475 1651 τὴν
512 1584 748 1655 εὐωχίαν
776 1587 868 1651 οὓς
905 1588 1108 1654 ἐκάλει,
1154 1590 1230 1659 τῷ
1267 1590 1436 1661 δούλῳ
1465 1591 1657 1660 λέγων,
1692 1610 1712 1643 t
1754 1592 1940 1661 Ἀνάγ-

371 1692 544 1729 κασον
589 1676 869 1743 εἰσελθεῖν,
899 1680 1048 1743 ὅπως
1074 1683 1307 1753 γεμισθῇ
1336 1685 1364 1735 6
1383 1682 1530 1747 οἰκός
1573 1702 1694 1755 μου.
1735 1704 1755 1739 ι

448 1764 597 1824 Εἶεν.
652 1770 779 1823 Ὅτι
812 1769 908 1838 μὲν
951 1768 1093 1841 οὖνὴ
1147 1775 1207 1827 ἐν
1247 1775 1322 1844 τῷ
1345 1778 1564 1847 Χριστῷ
1588 1778 1821 1849 ζωὴούκ
1850 1780 1940 1834 ἐπὶ

373 1856 475 1911 τοῦ
515 1860 800 1928 μέλλοντος
847 1863 1030 1932 μόνον,
1065 1865 1299 1936 ἀλλ’ἥδη
1328 1868 1422 1920 καὶ
1464 1869 1558 1922 ἐπὶ
1603 1869 1694 1924 τοιί⁸
1744 1871 1943 1941 παρόν-

371 1965 469 2012 τος
499 1952 728 2019 πάρεστι
770 1956 883 2016 τοῖς
928 1954 1105 2022 ἁγίοις
1150 1956 1245 2010 καὶ
1273 1957 1405 2021 ζῶσι
1448 1961 1568 2013 κατ’
1604 1959 1819 2033 ὲκεῐνην
1849 1964 1944 2017 καὶ

372 2039 686 2109 ἐνεργοῦσι,
735 2044 969 2115 φανερὸν
1012 2047 1076 2098 ἐκ
1124 2047 1233 2100 τῶν
1294 2049 1618 2120 εἰρημένων.
1684 2051 1848 2108 Ὅθεν
1885 2052 1941 2106 δὲ

373 2128 528 2182 ἔστιν
590 2131 731 2185 οῦτω
760 2134 921 2201 ζῆσαι
972 2137 1087 2199 καὶ,
1126 2138 1153 2191 ὃ
1193 2156 1328 2208 φησι
1378 2139 1610 2207 Παῦλος,
1657 2144 1717 2195 ὲν
1764 2147 1945 2198 καινό-

370 2236 503 2289 τητι
565 2223 711 2292 ζωῆς
758 2227 1152 2297 περιπατῆσαι,
1208 2229 1351 2297 λέγω
1410 2230 1474 2302 δὴ
1518 2232 1569 2284 τί
1635 2234 1875 2289 ποιοῦσιν
1917 2238 1945 2289 6

373 2314 614 2382 Χριστὸς
644 2315 788 2369 οὕτω
823 2319 1151 2373 συνάπτεται
1195 2320 1293 2374 καὶ
1328 2322 1687 2392 προσφύεται,
1720 2325 1814 2379 καὶ
1847 2326 1947 2381 οὐκ

372 2402 473 2459 οἷδ’
500 2409 528 2460 ὅ
557 2425 610 2460 τι
652 2410 744 2461 καὶ
770 2410 874 2480 χρὴ
904 2412 1114 2477 καλεῖν,
1150 2412 1277 2481 ἑξῆς
1312 2412 1378 2465 ἂν
1412 2412 1495 2482 εἰη
1538 2414 1746 2484 ῥητέον.

454 2500 609 2552 Ἔστι
659 2500 835 2555 τοίνυν
888 2503 945 2554 τὸ
1002 2502 1105 2572 μὲν
1156 2496 1359 2571 θεόθεν,
1392 2504 1452 2556 τὸ
1485 2504 1540 2558 δὲ
1584 2506 1681 2575 τῆς
1739 2507 1946 2577 ἡμετέ-

380 2609 483 2662 ρας
525 2592 782 2664 σπουδῆς,
827 2596 922 2649 καὶ
963 2596 1024 2649 τὸ
1065 2596 1163 2664 μὲν
1193 2597 1408 2651 ἐκείνου
1462 2597 1716 2669 καθαρῶς
1762 2600 1944 2671 ἔργον,

379 2682 446 2734 τὸ
476 2683 533 2735 δὲ
576 2683 670 2736 καὶ
702 2687 832 2753 ἡμῖν
863 2684 976 2755 ἔχει
1018 2676 1369 2757 φιλοτιμίανῖ
1413 2687 1614 2758 μᾶλλον
1667 2688 1725 2741 δὲ
1759 2690 1947 2743 τοσοῦ-

376 2787 475 2824 τον
522 2772 653 2842 παρ’
682 2775 840 2843 ἡμῶν
891 2776 1202 2845 εἰσφέρεται
1250 2776 1433 2845 μόνον,
1476 2778 1599 2831 ὅσον
1657 2778 1947 2849 ὑπομεῖναι

376 2863 482 2931 τὴν
522 2864 682 2934 χάριν
708 2866 803 2918 καὶ
870 2866 943 2937 μὴ
1012 2867 1305 2937 προδοῦναι
1344 2869 1437 2922 τὸν
1471 2868 1764 2939 θησαυρὸν,
1815 2870 1949 2941 μηδὲ

382 2956 579 3009 σϐέσαι
610 2956 706 3027 τὴν
730 2957 985 3026 λαμπάδα
1017 2958 1268 3029 ἡμμένην
1310 2960 1431 3031 ἤδη.
1453 2960 1612 3028 Λέγω
1664 2961 1727 3032 δὴ
1784 2963 1951 3032 μηδὲν

1967 1722 2016 1783 Β

2040 485 2129 540 hic
2180 484 2503 556 cupiditates
2549 483 3018 550 debellaverimus,
3077 484 3196 555 ipse
3252 499 3347 541 eas
3397 494 3610 541 coercet

2037 590 2101 631 ac
2123 574 2294 631 sedat.
2324 575 2387 630 Et
2412 591 2506 631 seu
2539 575 2664 629 illuc
2685 590 2799 640 eas,
2826 589 2923 630 seu
2942 576 3070 642 alio,
3094 577 3257 631 etiam
3280 576 3439 630 aliam
3459 576 3601 630 viam

2039 676 2287 739 occupat,
2350 676 2801 738 transeuntesque
2825 683 2989 722 manu
3016 668 3425 736 comprehendit
3453 682 3466 721 :
3500 687 3517 720 ι
3550 666 3606 721 Si

2038 759 2338 813 ascendere
2364 755 2420 811 in
2449 759 2669 822 coelum,
2703 756 2901 826 inquit,
2931 765 2987 810 tu
3016 756 3126 810 illic
3159 769 3254 821 es;
3287 755 3332 810 si
3376 756 3608 809 descen-

2039 849 2169 905 dero
2205 849 2259 904 in
2290 848 2583 913 infernum,
2632 849 2783 903 ades.
2815 846 2871 902 Si
2905 860 3189 916 sumpsero
3221 861 3428 917 pennas
3458 861 3607 901 meas

2039 940 2279 1008 dilieulo,
2311 951 2365 996 et
2396 941 2717 995 habitavere
2783 939 2837 993 in
2871 940 3132 995 extremis
3162 940 3361 1003 maris;
3404 940 3604 993 etenim

2039 1035 2168 1090 illuc
2206 1047 2403 1088 manus
2433 1040 2522 1087 tua
2555 1031 2787 1087 deducet
2815 1044 2922 1094 me,
2956 1041 3011 1085 et
3045 1030 3245 1085 tenebit
3275 1046 3362 1084 me
3389 1029 3607 1089 dextera

2040 1134 2133 1182 tua
2163 1126 2231 1187 ",
2272 1144 2291 1178 ι
2321 1134 2507 1180 coactu
2531 1122 2770 1194 quodam
2812 1120 3131 1175 admirando
3159 1128 3210 1175 et
3236 1122 3386 1175 suavi
3421 1133 3603 1188 tyran-

2042 1217 2169 1273 nide
2202 1216 2267 1272 ad
2306 1232 2367 1271 se
2397 1215 2571 1272 solum
2605 1228 2706 1269 nos
2731 1213 2977 1279 trahens,
3016 1214 3231 1283 sibique
3265 1212 3526 1282 copulans
3554 1220 3609 1265 et

2042 1313 2365 1381 astringens.
2404 1309 2579 1378 Atque
2596 1309 2737 1363 hanc
2759 1308 2904 1363 illam
2933 1320 3054 1363 esse
3088 1308 3193 1361 vim
3219 1314 3275 1361 et
3312 1305 3610 1361 necessita-

2041 1411 2148 1459 tem
2180 1404 2393 1473 opinor,
2453 1404 2640 1471 quain
2698 1400 2919 1454 domum
2983 1412 3138 1453 suam
3170 1398 3238 1452 ad
3299 1398 3609 1452 convivium

2042 1494 2497 1565 compulit,{quos
2539 1492 2872 1556 convocavit,
2942 1505 3064 1545 cum
3127 1503 3284 1545 servo
3335 1489 3539 1543 diceret

2049 1605 2068 1639 ι
2095 1586 2371 1656 Compelle
2396 1587 2622 1647 intrare,
2654 1593 2712 1641 ut
2743 1584 3031 1654 impleatur
3053 1582 3249 1638 domus
3280 1596 3397 1635 mea
3421 1580 3518 1637 ὀδ

2111 1765 2287 1821 Vitam
2343 1764 2508 1835 igitur
2564 1764 2616 1816 in
2663 1763 2880 1819 Christo
2908 1777 3014 1818 non
3044 1778 3097 1818 tu
3125 1771 3354 1817 venturo
3405 1771 3608 1817 tantum

2043 1861 2242 1917 smculo
2296 1860 2628 1921 adfuturam,
2681 1859 2773 1915 sed
2830 1858 2883 1912 iu
2943 1860 3193 1929 praesenti
3229 1859 3392 1913 etiam
3421 1860 3612 1913 adesse

2044 1953 2271 2019 sanctis,
2301 1961 2349 2007 et
2382 1952 2679 2007 secundum
2737 1950 2888 2004 illam
2928 1963 3023 2005 eos
3048 1951 3235 2005 vivere
3293 1954 3614 2019 atquc’npe-

2044 2043 2176 2109 rari,
2221 2059 2287 2097 ex
2323 2042 2409 2097 his
2443 2059 2563 2110 qua:
2605 2041 2749 2096 dicta
2787 2052 2914 2098 sunt
2972 2044 3317 2112 perspicuum
3342 2042 3418 2095 fit.
3460 2042 3613 2097 Unde

2047 2146 2227 2190 autem
2277 2135 2352 2189 ita
2390 2136 2574 2189 vivere
2607 2135 2788 2200 liceat,
2824 2144 2879 2190 et
2917 2134 3061 2205 quod
3116 2134 3314 2189 Paulus
3354 2135 3430 2188 ait
3457 2136 3525 2199 “,
3556 2135 3609 2188 in

2046 2226 2287 2281 novitate
2338 2226 2461 2282 vita
2492 2226 2795 2294 ambulare,
2827 2226 2979 2297 quid,
3012 2227 3254 2295 inquam,
3284 2224 3612 2281 facientibus

2047 2316 2299 2372 Christus
2347 2318 2423 2372 ita
2463 2318 2829 2387 conjungatur
2883 2326 2937 2372 et
2982 2316 3338 2381 adhaerescet,
3378 2326 3474 2371 aut
3507 2332 3613 2387 quo

2046 2410 2265 2465 nomine
2297 2425 2387 2465 res
2419 2410 2736 2480 appellanda
2766 2416 2872 2475 est,
2906 2409 3160 2477 deinceps
3185 2409 3542 2463 disseremus.

2117 2501 2508 2558 Faciendorum
2564 2502 2745 2572 itaque
2781 2500 2924 2556 aliud
2970 2516 3001 2555 a
3029 2498 3156 2564 Deo,
3188 2499 3335 2554 aliud
3367 2516 3395 2555 a
3434 2500 3612 2555 studio

2048 2602 2102 2650 et
2124 2594 2403 2665 diligentia
2436 2603 2618 2649 nostra
2646 2602 2832 2664 aptum
2858 2601 2941 2647 est
2967 2609 2980 2646 :
3005 2603 3059 2647 et
3089 2593 3218 2647 illud
3238 2592 3455 2663 quidem
3475 2609 3613 2664 opus

2049 2686 2170 2756 ejus
2195 2687 2364 2742 solius
2390 2698 2495 2752 est,
2535 2687 2635 2743 hoc
2667 2694 2910 2741 nostram
2959 2700 3179 2756 quoque
3208 2687 3613 2741 contentionem

2051 2779 2345 2847 desiderat,
2399 2778 2481 2833 vel
2526 2780 2731 2849 potius,
2787 2794 2815 2833 a
2849 2778 3007 2833 nobis
3059 2788 3269 2833 tantum
3324 2788 3617 2848 praestatur

2050 2869 2336 2934 duntaxat,
2372 2882 2632 2938 quantum
2663 2870 2849 2942 gratiae
2875 2870 3145 2937 innititur,
3179 2883 3276 2925 nec
3300 2870 3613 2925 thesaurum

2051 2961 2249 3031 prodit,
2306 2976 2408 3016 nec
2462 2962 2736 3018 lucernam
2793 2964 2905 3033 jam
2966 2977 3253 3018 accensam
3283 2962 3614 3031 exstinguit;

379 3052 849 3119 ἐπεισαγαγόντας
879 3052 1117 3107 ἐναντίον
1155 3054 1219 3123 τῇ
1252 3054 1361 3125 ζωῇ
1392 3053 1487 3107 καὶ
1513 3053 1549 3109 ἃ
1589 3053 1680 3108 τὸν
1727 3054 1948 3108 θάνατον

2054 3065 2177 3105 cum
2214 3051 2426 3107 scilicet
2475 3053 2610 3106 nihil
2640 3054 3134 3123 superinducimus,
3170 3053 3315 3123 quod
3356 3053 3479 3107 vitae
3518 3054 3620 3108 ad-

376 3145 596 3197 τίκτει·
627 3144 759 3214 πρὸς
782 3144 940 3199 τοῦτο
983 3146 1091 3216 γὰρ
1121 3148 1231 3200 πᾶν
1264 3146 1596 3216 ἀνθρώπειον
1620 3146 1821 3215 ἀγαθὸν
1855 3145 1950 3201 καὶ

378 3238 535 3289 στᾶσα
563 3236 731 3307 ἀρετὴ
786 3238 960 3308 φέρει,
1017 3237 1091 3309 μὴ
1139 3239 1261 3293 καθ’
1306 3239 1500 3293 ἑαυτοῦ
1539 3256 1658 3291 τινα
1693 3241 1753 3291 τὸ
1799 3238 1948 3307 ξίφος

378 3328 616 3397 ὠθῆσαι,
654 3328 784 3398 μηδὲ
807 3331 1003 3397 φυγεῖν
1032 3329 1131 3400 τὴν
1147 3330 1494 3400 εὐδαιμονίαν
1527 3330 1621 3383 καὶ
1658 3333 1757 3400 τῆς
1780 3346 1951 3398 κεφα-

378 3417 481 3482 λῆς
507 3418 896 3473 ἀποσείσασθαι
921 3419 1046 3483 τοὺς
1087 3421 1404 3489 στεφάνους,
1434 3420 1508 3483 ὡς
1539 3421 1638 3491 τήν
1662 3437 1724 3489 γε
1764 3420 1949 3473 οὐσίαν

379 3508 557 3577 αὐτὴν
612 3509 707 3578 τῆς
741 3509 884 3579 ζωῆς
948 3510 1112 3573 αὐτὸς
1142 3510 1332 3582 παρὼν
1366 3513 1393 3564 6
1424 3512 1659 3582 Χριστὸς
1707 3510 1949 3584 ἄῤῥητόν

378 3618 507 3653 τινα
538 3601 741 3671 τρόπον
767 3603 986 3669 φυτεύει
1024 3606 1143 3667 ταῖς
1189 3604 1488 3675 ἡμετέραις
1515 3604 1737 3674 ψυχαῖς.
1772 3604 1951 3674 Πάρε-

384 3711 473 3747 στι
501 3693 612 3766 γὰρ
636 3695 849 3766 ἀληθῶς
876 3696 968 3750 καὶ
999 3696 1184 3768 βοηθεῖ
1231 3700 1349 3760 ταῖς
1388 3698 1585 3768 ἀρχαῖς
1629 3698 1728 3764 τῆς
1780 3695 1948 3766 ζωῆς,

383 3780 477 3848 αἶς
523 3786 682 3850 αὐτὸς
729 3788 1074 3859 ἐπιδημήσας
1127 3790 1409 3860 παρέσχεο
1461 3788 1694 3858 πάρεστι
1745 3788 1801 3841 δὲ
1856 3789 1953 3859 οὐχ

384 3879 578 3950 ὥσπερ
606 3880 666 3933 τὸ
704 3881 919 3951 πρῶτον
954 3882 1163 3953 διαίτης
1194 3884 1287 3934 καί
1318 3882 1589 3950 συλλόγων
1624 3881 1718 3934 καὶ
1751 3880 1957 3952 διατρι·

387 3971 503 4023 ϐῶν
533 3973 665 4040 ἡμῖν
697 3973 789 4024 καὶ
819 3972 1112 4038 κοινωνῶν,
1152 3974 1267 4026 ἀλλ’
1302 3973 1487 4041 ἕτερον
1519 3972 1712 4043 ἐκείνῳ
1741 3974 1835 4026 καὶ
1870 3989 1956 4025 τε-

2051 3153 2318 3209 versetur,
2356 3154 2695 3215 mortemque
2736 3145 3042 3216 progignat.
3085 3144 3204 3201 Huc
3233 3147 3379 3202 enim
3414 3148 3616 3203 bonum

2051 3250 2211 3292 omne
2254 3249 2308 3291 et
2338 3238 2514 3293 omnis
2568 3239 2742 3293 virtus
2788 3239 3025 3294 humana
3068 3237 3344 3302 collineat,
3395 3255 3463 3295 ne
3490 3241 3617 3309 quis

2051 3329 2290 3398 gladium
2328 3330 2379 3384 in
2415 3331 2766 3402 semetipsum
2813 3332 3017 3403 adigat,
3070 3348 3170 3388 nec
3197 3332 3368 3402 fugiat
3392 3332 3618 3388 felicita-

2050 3426 2181 3484 tem,
2228 3433 2281 3478 et
2329 3437 2587 3478 coronam
2621 3438 2653 3478 e
2684 3425 2862 3495 capite
2911 3426 3182 3491 excutiat;
3246 3424 3500 3495 quoniam
3535 3442 3623 3482 es-

2052 3518 2281 3575 sentiam
2304 3518 2477 3586 ipsam
2513 3517 2632 3571 vitae
2657 3516 2908 3573 Christus
2934 3518 3160 3587 ipsemet
3181 3532 3439 3587 praesens,
3459 3522 3621 3576 modo

2052 3612 2311 3680 quodam,
2362 3608 2448 3663 cui
2489 3607 2832 3677 explananda
2878 3609 3042 3664 verba
3081 3623 3190 3664 non
3246 3612 3618 3680 reperiuntur,

2053 3705 2249 3760 animis
2271 3703 2471 3758 nostris
2498 3703 2650 3757 serit.
2691 3702 2832 3758 Vere
2860 3702 3006 3757 enim
3060 3702 3236 3768 adest,
3261 3711 3313 3757 et
3338 3704 3623 3772 principiis

2051 3795 2266 3851 vivendi
2301 3810 2458 3865 opem
2498 3794 2625 3860 fert,
2669 3810 2793 3865 quae
2827 3795 3056 3865 ipsemet
3082 3796 3319 3850 adventu
3352 3811 3454 3850 suo
3482 3805 3624 3851 attu-

2055 3888 2134 3942 lit.
2170 3888 2334 3942 Adest
2366 3898 2567 3950 autem,
2607 3902 2713 3942 non
2748 3895 2806 3941 ut
2835 3886 3069 3955 primum
3104 3885 3273 3952 victu,
3300 3902 3620 3957 congressu,

2055 3978 2447 4032 consuetudine
2486 3976 2767 4032 nobiscum
2795 3977 3209 4033 communicans
3230 3979 3341 4032 :sed
3362 3977 3465 4032 alia
3491 3994 3628 4048 qua-

385 4064 655 4133 λεώτερον
684 4064 904 4133 τρόπον,
935 4065 1056 4118 καθ’
1080 4064 1138 4118 ὃν
1166 4063 1443 4135 σύσσωμοι
1492 4066 1637 4135 αὐτῷ
1697 4064 1948 4135 γινόμεθα

2056 4066 2179 4119 dam
2245 4065 2453 4119 ratione
2511 4064 2734 4119 meliore
2792 4064 3241 4134 perfectioreque,
3322 4067 3623 4121 secundum

344 4154 487 4210 ἀαὶ
520 4158 716 4221 σύζωοι
746 4157 839 4211 καὶ
875 4158 1034 4227 μέλη,
1072 4158 1166 4210 καὶ
1197 4158 1249 4210 εί
1291 4176 1343 4211 τι
1390 4157 1525 4227 πρὸς
1570 4159 1732 4210 τοῦτο
1778 4158 1948 4229 φέρει.

2059 4172 2219 4221 quam
2261 4170 2646 4226 concorpores,
2688 4166 2743 4212 et
2771 4156 3015 4226 ejusdem
3046 4157 3171 4212 vita:
3222 4158 3536 4226 participes,
3569 4167 3625 4213 et

387 4249 661 4319 Καθάπερ
712 4250 819 4319 γὰρ
868 4251 900 4319 ἡ
951 4248 1326 4318 φιλανθρωπία
1383 4251 1608 4315 ἆφατος,
1669 4249 1788 4302 ὅθεν
1821 4266 1948 4319 προ-

2061 4248 2299 4301 membra
2367 4247 2440 4300 illi
2495 4247 2795 4313 evadimus,
2855 4256 2909 4303 et
2950 4249 2997 4303 si
3045 4249 3172 4318 quid
3231 4249 3379 4303 aliud
3434 4250 3625 4305 eodem

388 4342 535 4411 ήχΟη
567 4344 691 4404 τοὺς
726 4343 1033 4411 αἰσχίστους
1064 4340 1205 4394 οὕτω
1245 4342 1474 4410 φιλήσας
1503 4341 1647 4393 οὕτω
1682 4341 1948 4413 μεγίστων

2060 4340 2312 4409 pertinet.
2343 4337 2811 4404 Quemadmodum
2851 4339 2995 4393 enim
3052 4340 3468 4411 benignitatem,
3520 4357 3625 4412 qua

390 4434 625 4498 ἀξιῶσαι
655 4433 916 4502 χαρίτων,
952 4434 1096 4503 καὶὴ
1138 4434 1418 4500 συνάφεια,
1457 4432 1579 4484 καθ’
1613 4434 1681 4503 ἣν
1742 4430 1948 4486 σύνεστι

2065 4432 2327 4498 impulsus
2362 4431 2615 4486 inimicos
2644 4432 2780 4486 adeo
2798 4430 3009 4497 dilexit,
3041 4433 3315 4502 tantisque
3344 4433 3647 4489 beneficiis.

388 4529 502 4587 τοῖς
534 4526 896 4593 φιλουμένοις,
923 4526 1100 4578 πᾶσαν
1130 4526 1309 4578 εἰκόνα
1337 4526 1430 4578 καὶ
1455 4526 1635 4578 πᾶσαν
1682 4524 1948 4595 ἐπωνυμίη

2065 4525 2383 4588 cumulavit,
2409 4524 2553 4577 nulla
2597 4524 2781 4593 lingua
2811 4532 3206 4595 consequatur:
3234 4534 3289 4580 et
3323 4533 3382 4579 ut
3405 4527 3630 4595 proinde

390 4637 460 4671 αν
499 4621 641 4688 νικᾷ,
671 4618 814 4671 οὕτω
846 4619 941 4671 καὶ
979 4620 1006 4670 6
1050 4618 1270 4687 τρόπος,
1326 4617 1448 4669 καθ’
1477 4616 1535 4670 ὃν
1598 4618 1814 4671 σύνεστι
1860 4618 1948 4671 καί

2064 4615 2378 4684 conjunctio
2420 4616 2560 4685 ejus,
2613 4632 2719 4686 qua
2754 4617 2948 4673 amicis
2975 4617 3090 4672 suis
3119 4617 3444 4684 devincitur,
3509 4633 3630 4673 om-

391 4713 623 4775 εύττοιεῖ,
658 4710 984 4777 θαυμαστὸς,
1015 4711 1107 4763 καὶ
1133 4709 1208 4775 τῷ
1234 4708 1517 4777 θαυμαστὰ
1547 4708 1791 4761 ποιοῦντι
1813 4708 1948 4777 μόνῳ

2067 4724 2188 4763 nem
2216 4724 2335 4777 quae
2352 4709 2534 4763 animo
2552 4708 2830 4763 informari
2872 4718 2967 4763 aut
2990 4708 3256 4764 nominari
3283 4719 3480 4778 potest,
3503 4724 3632 4765 cono

393 4804 710 4874 προσήκων.
738 4802 840 4854 Τὸν
874 4804 981 4871 γὰρ
1012 4802 1261 4863 θάνατον,
1319 4800 1377 4853 ὃν
1404 4800 1617 4872 άληθῶς
1674 4801 1814 4872 ὑπὲρ
1858 4804 1948 4872 τῆς

2062 4802 2393 4871 junctionem
2426 4810 2549 4872 post
2577 4816 2636 4857 se
2674 4800 2969 4871 relinquit;
3002 4800 3081 4856 sic
3107 4801 3235 4855 item
3294 4804 3486 4857 modus
3522 4817 3631 4873 quo

392 4897 670 4966 ἡμετέρας
699 4894 842 4964 ζωῆς
870 4896 1132 4960 ἀπέθανε,
1169 4894 1457 4964 συμϐόλοις
1524 4894 1635 4947 τισὶ
1701 4895 1948 4966 καθάπερ

2068 4895 2221 4949 adest
2268 4902 2323 4948 et
2348 4893 2632 4957 benefacit,
2666 4890 3025 4947 admiratione
3065 4890 3284 4961 dignus,
3317 4901 3370 4947 et
3412 4890 3633 4947 facienti

393 4990 455 5040 ἐν
495 4990 679 5058 γραφῇ
717 4987 1088 5057 μιμουμένους
1118 4987 1436 5056 πράγμασιν
1465 4988 1647 5051 αὐτοῖς
1680 4988 1962 5041 ἀνακαινί-

397 5079 482 5145 ζει
511 5081 603 5133 καὶ
635 5078 967 5133 ἀναπλάττει
991 5078 1082 5130 ταὶ
1114 5080 1209 5142 τῆς
1241 5077 1434 5130 ἑαυτοῦ
1486 5079 1774 5140 κοινωνοὺς
1798 5083 1967 5132 ποιεῖ-

396 5190 491 5227 ται
522 5171 689 5243 ζωῆς.

485 5361 611 5416 Ἐπὶ
634 5362 745 5432 γὰρ
764 5359 872 5413 τῶν
895 5358 1212 5429 μυστηρίων
1251 5357 1359 5411 τῶν
1383 5357 1545 5428 ἱερῶν
1568 5356 1660 5409 τὸν
1683 5356 1853 5425 τάφον
1873 5356 1968 5409 αύ-

400 5455 497 5510 τοῦ
529 5455 835 5525 γράφοντες
858 5453 954 5508 καὶ
980 5453 1072 5506 τὸν
1102 5451 1332 5505 θάνατον
1374 5451 1540 5503 αὐτοῦ
1568 5450 1969 5517 καταγγέλλον-

2069 4985 2335 5041 mirabilia
2360 4986 2462 5042 soli
2516 4984 2848 5040 conveniens
2889 4993 2989 5039 est.
3026 4982 3250 5036 Mortem
3275 4983 3442 5046 enim,
3470 4998 3629 5052 quam

2070 5081 2183 5148 ipse
2210 5094 2307 5148 pro
2357 5078 2465 5133 vita
2500 5086 2687 5133 nostra
2714 5091 2839 5132 vere
2860 5076 3014 5142 obiit,
3041 5075 3210 5143 signis
3258 5083 3312 5130 et
3342 5074 3487 5129 notis
3513 5074 3632 5141 qut-

2070 5174 2324 5234 busdam,
2365 5172 2507 5226 velut
2533 5172 2585 5226 in
2616 5171 2824 5242 pictura
2856 5170 3155 5232 imitantes,
3199 5168 3364 5222 rebus
3395 5168 3524 5235 lpsls
3548 5179 3635 5218 re-

2071 5273 2235 5317 novat
2262 5271 2314 5315 et
2345 5263 2643 5327 instaurat,
2697 5276 2760 5316 ac
2785 5261 2908 5316 vitm
2940 5276 3050 5316 sua:
3081 5271 3362 5317 consortes
3393 5262 3633 5326 praestat.

2132 5353 2187 5407 In
2210 5354 2376 5409 sacris
2401 5368 2629 5421 namque
2665 5351 3265 5422 mysteriissepulturam
3290 5349 3405 5418 ejus
3444 5345 3634 5399 adum-

2073 5446 2313 5507 brantes,
2336 5453 2388 5498 et
2409 5453 2634 5497 mortem
2652 5443 3060 5510 annuntiautes,
3084 5458 3178 5513 per
3201 5458 3261 5495 ea
3290 5450 3634 5509 generamur,

403 5566 518 5613 τες,
547 5548 615 5601 δι’
635 5548 817 5601 αὐτῶν
846 5545 1166 5616 γεννώμεθα
1189 5544 1282 5598 καὶ
1311 5542 1654 5613 πλαττόμεθα
1684 5543 1776 5594 καὶ
1809 5542 1948 5609 ὑπερ

2074 5537 2423 5604 etliugimur,
2454 5544 2507 5590 et
2535 5536 2990 5591 excellentissime
3037 5550 3159 5589 cum
3212 5532 3494 5586 Salvatore
3547 5543 3639 5582 co-

408 5642 562 5711 φυῶς
604 5639 990 5710 συναπτόμεθα
1014 5638 1091 5709 τῷ
1122 5637 1337 5708 Σωτῆρι
1357 5651 1371 5665 ’
1400 5638 1572 5689 ταῦτα
1603 5635 1711 5704 γάρ
1738 5636 1874 5697 ἐστι,
1903 5631 1971 5684 δι’

487 5753 526 5783 ί³
562 5751 707 5809 Psal.
742 5766 1003 5816 cxxxvut,
1041 5747 1188 5807 8-10.
1266 5748 1311 5780 "
1364 5747 1496 5803 Luc.
1534 5765 1644 5816 xxv,
1704 5747 1795 5802 ‘23.

2076 5628 2388 5682 alcscimus.
2429 5628 2549 5684 llaec
2575 5628 2715 5684 enim
2744 5637 2892 5695 sunt,
2922 5642 3014 5697 per
3044 5640 3161 5695 qua:
3184 5623 3235 5677 in
3270 5624 3405 5693 ipso,
3425 5632 3482 5677 ut
3500 5620 3640 5676 Pau-

1874 5746 1915 5777 ²¹
1948 5744 2109 5800 Rom.
2146 5758 2222 5810 ix,
2254 5742 2307 5796 5.
