3992 6202
363 250 472 318 503

1618 261 1922 320 NICOLAI
1969 263 2352 324 CABASlLsF.I

3497 258 3605 324 504

369 367 452 420 Ius
503 364 576 419 ait
601 367 666 430 ",
697 365 949 429 vivimus.
983 384 1284 434 movemur,
1311 381 1365 426 et
1395 387 1619 438 sumus;
1664 375 1930 442 siquidem

2048 371 2108 431 ἷιν
2150 379 2208 429 ἐν
2242 377 2392 447 αὐτῷ
2422 375 2625 445 ζῶμεν,
2737 394 2898 447 φησιν
2927 375 3157 438 Παῦλος,
3186 376 3280 430 καὶ
3307 377 3607 447 κινούμεθα

364 457 634 526 baptisma
693 461 908 529 quidem
960 476 1082 515 esse
1137 469 1191 514 et
1249 477 1472 530 prorsus
1531 463 1830 518 subsistere
1885 468 1933 519 in

363 548 582 603 abristo
635 550 885 618 largitur.
944 550 997 604 Id
1059 552 1200 605 enim
1254 566 1503 610 mortuos
1587 558 1937 628 perditosque

361 640 725 708 complexum,
748 641 980 709 primum
1015 641 1065 694 in
1093 643 1255 698 vitam
1293 646 1605 701 introducit.
1643 649 1806 703 Sacra
1835 665 1936 704 au-

361 732 466 776 tem
498 727 682 780 unctio
728 736 913 783 natum
944 730 1157 797 perficit
1183 741 1234 786 et
1267 745 1630 798 consummat,
1667 738 1934 792 actionem

359 817 453 873 tali
491 818 610 870 vita:
631 819 1046 886 respondentem
1079 822 1348 878 inserens.
1383 826 1568 881 Divina
1604 828 1799 883 deinde
1827 829 1936 884 Eu-

357 904 611 960 charistia
643 907 807 961 vitam
845 908 986 965 lianc
1017 920 1071 966 et
1124 914 1414 970 sanitatem
1470 919 1714 973 continet
1773 930 1938 990 atque

355 1007 661 1052 conservat.
706 999 869 1054 Parta
929 1003 1074 1056 enim
1130 1019 1367 1072 servare,
1400 1018 1452 1062 et
1485 1010 1648 1064 vitam
1680 1013 1936 1074 retinere,

357 1089 517 1154 panis
558 1091 679 1142 vitae
732 1091 933 1146 donum
978 1111 1039 1148 ac
1064 1111 1264 1150 munus
1292 1110 1395 1153 est.
1431 1100 1644 1156 Idcirco
1680 1104 1781 1158 hoc
1821 1109 1938 1175 qui-

357 1179 478 1232 dem
510 1195 647 1249 pauc
673 1182 923 1251 vivimus,
944 1198 1221 1256 unguento
1249 1199 1427 1244 autem
1450 1207 1751 1256 movemur,
1778 1206 1936 1265 post-

355 1286 518 1340 quam
551 1288 579 1326 a
611 1273 884 1341 baptismo
945 1279 1260 1347 accepimus
1319 1292 1377 1334 ut
1405 1297 1672 1339 essemus.
1737 1285 1804 1341 Et
1835 1287 1939 1342 hoc

356 1375 516 1431 pacto
551 1364 784 1422 vivimus
816 1369 922 1422 vita
987 1372 1188 1425 niuado
1220 1372 1326 1427 isto
1371 1377 1688 1442 aspectabi'li
1747 1378 1812 1432 ad
1860 1380 1940 1432 in-

355 1455 738 1522 inspectabilem
759 1472 1045 1525 conversa,
1077 1472 1129 1516 et
1150 1478 1254 1516 non
1279 1465 1497 1533 quidem
1523 1467 1662 1529 loco,
1691 1470 1784 1524 sed
1829 1472 1936 1524 vita

355 1551 410 1594 et
440 1543 657 1600 vivendi
691 1548 993 1605 rationibus
1025 1557 1393 1610 commutatis.
1418 1556 1528 1612 Nec
1555 1559 1700 1612 enim
1734 1560 1834 1628 ipsi
1872 1565 1936 1615 ad

357 1632 525 1689 Deum
558 1639 728 1692 evecti
761 1655 974 1709 sumus,
1006 1659 1104 1699 nec
1127 1648 1193 1700 ad
1220 1647 1366 1701 illum
1393 1650 1772 1718 ascendimus;
1802 1653 1935 1722 quin

2045 472 2136 524 καὶ
2172 470 2359 538 ἐσμέν.
2404 470 2559 522 Ἑπεί
2596 469 2656 523 τὸ
2700 469 2798 538 μὲν
2845 469 3133 539 βάπτισμα
3165 470 3225 523 τὸ
3253 467 3396 524 εἶναι
3425 472 3609 525 δίδωσι

2044 562 2138 615 καὶ
2172 561 2308 623 ὅλως
2355 562 2659 630 ὑποστῆναι
2701 562 2838 614 κατὰ
2865 561 3103 628 Χριστόν
3132 578 3146 593 ο
3199 561 3360 614 τοῦτο
3391 563 3500 630 γὰρ
3528 579 3613 614 νε-

2047 653 2212 722 κροὺς
2245 651 2339 705 καὶ
2382 651 2811 720 διεφθαρμένους
2852 650 3171 720 παραλαϐὺν
3211 651 3292 713 εἰς
3337 651 3434 720 τὴν
3466 651 3614 719 ζωὴν

2047 744 2263 813 πρῶτον
2291 745 2524 810 εἰσάγει.
2560 742 2625 796 Ἥ
2654 743 2709 796 δὲ
2741 742 2833 794 τοῦ
2879 745 3052 812 μύρου
3085 742 3264 812 χρίσις
3288 742 3489 794 τελειοῖ
3519 743 3611 794 τὸν

2046 835 2448 905 γεγεννημένον
2472 838 2538 904 τῇ
2569 835 2744 901 τοιᾷδε
2779 833 2891 904 ζωῇ
2920 835 3307 905 προσήκουσαν
3331 834 3613 902 ἐνέργειαν

2045 927 2317 980 ὲντιθείσα
2343 943 2356 956 ’
2398 927 2430 994 ἡ
2462 926 2519 980 δὲ
2567 926 2684 979 θεία.
2725 925 3050 994 εὐχαριστία
3097 925 3196 994 τὴν
3230 924 3378 993 ζωὴν
3409 924 3614 992 ταύτην

2047 1021 2142 1073 καὶ
2173 1019 2270 1089 τὴν
2295 1020 2486 1086 ὑγείαν
2523 1019 2780 1089 συν-τηρεῖ
2817 1018 2908 1069 καὶ
2937 1019 3172 1086 συνέχει.
3203 1018 3276 1070 T6
3306 1017 3413 1084 γὰρ
3443 1017 3615 1070 σῶσαι

2044 1113 2114 1163 τὰ
2163 1111 2432 1180 κτηθέντα
2463 1112 2558 1164 καὶ
2606 1111 2914 1163 διατελέσαι
2964 1108 3196 1172 ζῶντας,
3250 1112 3278 1161 ὁ
3328 1109 3427 1176 τῆς
3469 1108 3616 1174 ζωῆς

2044 1204 2260 1258 δίδωσιν
2295 1192 2460 1273 ἄρτος
2485 1218 2497 1232 ·
2528 1203 2615 1255 διὰ
2667 1201 2842 1256 ταῦτα
2883 1202 3056 1270 τούτῳ
3095 1200 3194 1269 μὲν
3231 1198 3308 1268 τῷ
3335 1200 3482 1270 apt-9
3511 1200 3617 1263 ζῶ-

2049 1314 2169 1366 μεν,
2202 1295 2502 1362 κινούμεθα
2523 1295 2581 1348 δὲ
2601 1294 2678 1364 τῷ
2707 1294 2862 1363 μύρῳ
2887 1293 2992 1346 ἀπὸ
3016 1293 3110 1344 τοῦ
3143 1291 3370 1361 λουτροῦ
3393 1293 3452 1343 τὸ
3478 1287 3616 1344 εἶναι

2047 1388 2326 1450 λαϐόντες.
2361 1388 2470 1442 Καὶ
2501 1385 2690 1440 τοῦτον
2720 1385 2814 1437 τὸν
2843 1385 3044 1453 τρόπον
3077 1385 3133 1433 ἐν
3155 1381 3232 1450 τῷ
3262 1380 3379 1449 Θεῷ
3407 1380 3610 1449 ζῶμεν,

2050 1479 2429 1550 μετατιθέντες
2485 1478 2574 1530 τὸν
2623 1477 2736 1546 βίον
2786 1475 2896 1529 ἀπὸ
2939 1474 3033 1527 τοῦ
3085 1472 3361 1541 ὁρωμένου
3415 1471 3610 1524 τούτου

2047 1573 2185 1642 πρὸς
2211 1574 2303 1624 τὴν
2334 1571 2409 1640 μὴ
2442 1570 2775 1639 βλεπόμενον
2796 1568 3025 1636 κόσμον,
3057 1566 3117 1617 οὐ
3143 1565 3234 1616 τὸν
3265 1564 3429 1616 τόπον
3454 1563 3616 1630 ἀμεί-

2047 1663 2258 1725 ϐοντες,
2288 1660 2425 1714 ἀλλὰ
2457 1659 2546 1712 τὸν
2596 1660 2708 1729 βίον
2744 1657 2838 1712 κοιλ⁴
2868 1657 2966 1726 τὴν
3000 1656 3167 1726 ζωήν.
3218 1655 3291 1708 Οὐ
3328 1654 3433 1722 γὰρ
3461 1655 3617 1708 αὐτοὶ

357 1724 444 1778 ille
471 1728 655 1794 potius
681 1731 747 1783 ad
781 1746 882 1787 nos
917 1735 1084 1799 venit,
1120 1747 1172 1790 et
1208 1737 1507 1804 descendit,
1543 1757 1642 1797 nec
1666 1759 1932 1812 nosque:-

2048 1755 2182 1825 πρὸς
2215 1724 2309 1807 τὸν
2338 1754 2468 1806 Θεὸν
2515 1724 2854 1821 ἐκιῖνήθημεν
2877 1724 2997 1803 οὐδὲ
3043 1724 3340 1817 ἀνέϐημεν,
3374 1748 3488 1800 ἁλλ’
3521 1749 3613 1800 αὐ·

355 1817 599 1886 sivimus,
637 1821 975 1904 sedlquaasiti.
995 1843 1186 1884 sumus
1205 1873 1220 1897 ,
1239 1831 1363 1897 quia
1383 1849 1486 1886 non
1506 1834 1622 1888 ovis
1641 1843 1935 1902 pastorem,

356 1918 456 1957 nec
483 1905 740 1963 drachma
789 1913 1234 1979 patremfamilias
1262 1919 1536 1984 qurcsivit,
1585 1931 1667 1974 ast
1720 1921 1833 1986 ipse
1874 1924 1941 1976 de

355 1997 493 2052 ctelo
522 1998 573 2051 in
597 2006 798 2056 terram
820 2007 1189 2074 prospexit,et
1213 2011 1423 2064 invenit
1447 2013 1732 2081 imaginem
1761 2031 1937 2080 suam,

355 2087 613 2156 venitque
651 2092 701 2144 in
734 2092 850 2147 loca
898 2094 950 2149 in
983 2099 1181 2166 quibus
1230 2102 1449 2156 errabat
1501 2105 1640 2170 ovis,
1671 2110 1850 2176 [quam
1885 2108 1938 2162 in

359 2179 617 2237 humeros
640 2185 882 2248 sustulit,
906 2198 958 2242 et
986 2189 1055 2243 ab
1087 2193 1324 2246 errando
1355 2195 1640 2252 cohibuit:
1675 2215 1780 2254 non
1818 2203 1942 2256 inde

359 2272 606 2336 homines
637 2277 1034 2346 transferendo,
1056 2284 1148 2338 sed
1175 2284 1228 2338 in
1261 2288 1422 2341 terris
1450 2302 1729 2346 manentes
1759 2303 1811 2346 et
1839 2311 1943 2351 coe-

361 2365 523 2420 lestes
546 2367 798 2434 reddidit,
822 2379 874 2424 et
902 2373 1061 2427 vitam
1089 2374 1156 2430 iis
1178 2378 1451 2433 caelestem
1476 2382 1795 2452 impertivit.
1826 2387 1940 2442 Non

325 2472 332 2478 ’
360 2456 415 2516 in
441 2459 641 2514 caelum
675 2476 774 2516 nos
817 2465 1102 2533 subduxit,
1132 2469 1227 2525 sed
1261 2477 1456 2526 emtum
1482 2475 1549 2528 ad
1585 2494 1684 2533 nos
1710 2479 1942 2535 inclina-

357 2549 512 2612 vitet
549 2551 793 2613 deduxit.
819 2556 1240 2628 sicutPropheta
1272 2565 1380 2619 ait:
1407 2566 1725 2624 tlucliuavit
1750 2573 1939 2639 coelns,

358 2647 414 2694 et
453 2639 733 2698 descendit
759 2646 828 2701 ".
862 2664 880 2698 ι
912 2647 1144 2706 Proinde
1179 2668 1272 2721 per
1311 2655 1423 2710 lucc
1463 2670 1649 2715 sancta
1683 2666 1941 2733 mysteria

360 2738 622 2802 tauquam
672 2752 769 2803 per
819 2738 1086 2797 fenestras
1116 2743 1166 2797 in
1217 2748 1563 2803 tenebrosum
1590 2753 1735 2808 hunc
1783 2771 1944 2809 mun-

361 2823 491 2878 dum
548 2825 639 2879 Sol
667 2827 894 2895 justitiaa
936 2831 1258 2900 ingreditur,
1289 2840 1560 2909 vitamque
1584 2844 1712 2897 huic
1744 2849 1944 2902 mundo

362 2914 699 2971 conformem
728 2928 902 2974 morte
925 2921 1111 2988 allicit,
1136 2940 1197 2979 ac
1226 2928 1502 2984 emlestem
1533 2935 1750 2999 excitat,
1777 2947 1830 2992 et
1850 2939 1941 2993 lux

363 3005 553 3058 mundi
610 3007 874 3065 mundum

367 3097 510 3168 «Ego
542 3099 644 3155 vici
679 3105 939 3164 mundum
967 3107 1064 3160 ".i
1104 3107 1160 3164 In
1191 3113 1402 3174 mortali
1436 3125 1487 3170 et
1511 3115 1686 3188 fragili
1714 3135 1943 3191 corpore

361 3194 616 3248 stabilem
648 3207 1021 3269 aeternamque
1049 3204 1213 3258 vitam
1249 3206 1451 3264 intulit.

2041 1848 2130 1910 τὸς
2167 1847 2302 1916 τρδς
2334 1849 2485 1917 ἡμᾶς
2526 1845 2752 1914 ἐλήλυθε
2794 1842 2890 1894 καὶ
2916 1842 3128 1912 κατῄει.
3163 1843 3237 1894 Οὐ
3266 1841 3372 1910 γὰρ
3417 1839 3614 1908 ἐζητή-

2043 1958 2239 2010 σαμεν,
2265 1939 2380 1991 ἀλλ’
2410 1937 2781 2007 ἐζητήθημεν,
2810 1937 2892 1988 ὅτι
2924 1935 3023 1986 οὐκ
3055 1933 3358 2002 ἐξεζήτησε
3389 1932 3447 1984 τὸ
3474 1933 3581 1999 πρό
3600 1962 3613 1969 -

2041 2033 2204 2084 ϐατον
2236 2030 2326 2083 τὸν
2356 2030 2612 2098 ποιμένα,
2635 2030 2726 2082 καὶ
2757 2030 2788 2097 ή
2819 2026 3035 2098 δραχμὴ
3083 2026 3174 2077 τὸν
3201 2025 3610 2091 οἰκοδεσπότην.

2042 2125 2156 2177 ἀλλ’
2188 2123 2347 2185 αὐτὸς
2378 2121 2575 2190 ἔκυψεν
2597 2122 2672 2183 εἰς
2697 2120 2794 2190 τὴν
2820 2120 2924 2186 γῆν
2950 2137 2968 2168 ι
2991 2120 3086 2170 καὶ
3107 2109 3232 2186 εὗρε
3253 2116 3349 2185 τὴν
3378 2114 3560 2166 εἰκόνα
3591 2129 3611 2162 ι

2045 2217 2138 2270 καὶ
2178 2217 2269 2268 ἐπὶ
2314 2215 2422 2267 τῶν
2473 2214 2652 2266 τόπων
2683 2211 2917 2279 ἐγένετο,
2967 2212 3051 2279 ἐφ’
3092 2203 3174 2271 οἷς
3233 2208 3292 2258 τὸ
3339 2207 3617 2275 πρόΰατον

2045 2309 2335 2371 ἐπλανᾶτο,
2368 2306 2462 2360 καὶ
2490 2305 2735 2359 ἀνείλετο
2770 2303 2864 2356 καὶ
2895 2302 2995 2373 τῆς
3026 2301 3236 2370 πλάνης
3277 2299 3521 2369 ἔστησεν.
3549 2297 3611 2348 οὐ

2048 2402 2402 2473 μεταστήσας
2453 2398 2687 2457 ἐνθένδε,
2731 2397 2867 2449 ἀλλὰ
2926 2397 3184 2464 μένοντας
3236 2393 3330 2446 ἐπὶ
3362 2393 3461 2460 τῆς
3508 2391 3614 2457 γῆς

2046 2495 2143 2547 καὶ
2205 2492 2492 2562 οὐρανίους
2546 2479 2918 2559 ἐποίησεκαὶ
2966 2487 3064 2558 τὴν
3115 2488 3172 2539 ἐν
3211 2481 3425 2554 οὐρανῷ
3463 2482 3614 2547 ζωὴν

2045 2587 2323 2656 ἐνέθηκεν,
2369 2585 2468 2636 οὐκ
2493 2581 2784 2650 ἀναγαγὼν
2818 2581 2897 2643 εἰς
2930 2581 3020 2634 τὸν
3067 2578 3320 2650 οὐρανὸν,
3358 2576 3489 2630 ἀλλὰ
3520 2575 3612 2625 τὸν

2045 2674 2272 2743 οὖρανὸν
2301 2673 2382 2732 εἰς
2402 2672 2550 2739 ἡμᾶς
2572 2661 2760 2732 κλίνας
2792 2671 2885 2723 καὶ
2910 2667 3265 2736 καταγαγών.
3306 2686 3323 2717 ι
3355 2665 3456 2718 Καὶ
3483 2665 3612 2730 γὰρ.

2045 2765 2074 2818 ὃ
2105 2763 2648 2834 φησινόῐῐροφήτης.
2677 2761 2887 2814 ἔκλινεν
2916 2761 3178 2828 οὐρανοὺς
3212 2760 3306 2814 καλ⁵
3335 2757 3558 2823 κατέϐη.
3591 2775 3608 2803 ι

2048 2856 2160 2909 Καὶ
2204 2853 2384 2906 τοίνυν
2415 2854 2503 2906 διὰ
2554 2853 2662 2906 τῶν
2695 2852 3014 2923 μυστηρίων
3052 2851 3258 2904 τούτων
3305 2851 3413 2902 τῶν
3454 2849 3617 2917 ἰεριτιν

2047 2949 2235 3017 ὥσπερ
2263 2948 2350 3001 διὰ
2387 2947 2620 3017 θυρίδων
2652 2948 2733 3009 εἰς
2760 2946 2852 3000 τὸν
2895 2945 3172 2999 σκοτεινὸν
3199 2942 3388 2996 τοῦτον
3414 2941 3618 3008 κόσμον

913 3013 1118 3082 vincit;
1153 3019 1296 3086 quod
1328 3020 1410 3076 liis
1440 3023 1621 3080 verbis
1669 3028 1938 3084 insinuat:

2048 3041 2076 3092 6
2099 3013 2249 3109 ἦλιος
2276 3013 2582 3108 εἰσέρχεται
2613 3038 2714 3108 τῆς
2752 3037 3120 3107 δικαιοσύνης,
3165 3034 3258 3088 καὶ
3279 3034 3500 3087 θανατοῖ
3516 3032 3617 3100 μὲν

2051 3135 2150 3198 τὴν
2190 3131 2475 3201 σύστοιχον
2513 3129 2590 3200 τῷ
2619 3129 2812 3199 κόσμῳ
2849 3128 3023 3196 τούτῳ
3056 3128 3222 3198 ζωὴν,
3281 3126 3529 3193 ἀνίστησι
3559 3122 3618 3223 δέ

2047 3224 2144 3290 τὴν
2173 3222 2570 3292 ὑπερκόσμιον,
2619 3221 2715 3275 καὶ
2743 3223 2867 3292 νικᾷ
2893 3223 2984 3273 τὸν
3025 3222 3232 3286 κόσμον
3261 3217 3322 3270 τὸ
3357 3215 3474 3286 φῶς
3515 3215 3616 3266 τοῦ

362 3288 589 3358 κόσμου,
643 3291 780 3361 ὅπερ
845 3293 1141 3349 αἰνίττεται
1208 3299 1406 3368 λέγων,
1481 3323 1499 3354 ι
1553 3305 1690 3372 Ἐγὼ
1737 3310 1999 3381 νενίκηκα
2047 3316 2138 3368 τὸν
2179 3316 2404 3384 κόσμον,
2447 3335 2464 3366 ι
2528 3318 2584 3367 ἐν
2643 3313 2823 3385 θνητῷ
2875 3314 2969 3374 καὶ
3026 3313 3200 3382 ῥέοντι
3256 3309 3463 3380 σώματι
3515 3309 3618 3377 τὴν

363 3381 610 3443 ἑστῶσαν
649 3385 739 3436 καὶ
769 3385 1040 3448 ἀθάνατον
1071 3391 1308 3458 εἰσάγων
1336 3394 1500 3464 ζωήν.

433 3476 585 3534 Sicut
617 3479 761 3533 enim
807 3482 860 3536 iu
900 3484 1062 3538 domo
1093 3489 1372 3557 quapiam,
1411 3490 1606 3560 illapso
1627 3495 1755 3548 solis
1780 3497 1933 3551 radio

360 3569 582 3647 lucerna
609 3573 944 3628 cernentium
962 3577 1149 3633 oculos
1173 3578 1239 3632 ad
1268 3595 1324 3635 se
1352 3585 1586 3651 amplius
1610 3600 1716 3639 non
1743 3587 1934 3641 adver—

363 3662 450 3726 tit,
481 3678 668 3718 verom
720 3667 940 3721 claritas
967 3669 1103 3723 radii
1135 3686 1254 3725 eam
1301 3672 1459 3744 longe
1500 3675 1724 3731 vincens
1755 3677 1934 3732 domi-

365 3765 558 3819 natur:
589 3758 945 3814 consimiliter
968 3762 1019 3816 in
1052 3762 1153 3819 hac
1187 3765 1297 3821 vita
1320 3783 1416 3836 per
1446 3771 1700 3839 mysteria
1743 3772 1938 3827 futura:

366 3845 489 3902 vitae
519 3849 775 3917 splendor
825 3851 1123 3918 immissus.
1151 3865 1206 3911 et
1237 3859 1452 3916 animas
1482 3862 1820 3931 inhabitans,
1856 3865 1938 3917 vi-

369 3949 478 4003 tam
513 3957 634 4011 qua:
669 3945 722 3998 in
764 3961 928 4001 carne
963 3948 1197 4018 degitur,
1234 3951 1423 4019 vincit,
1458 3955 1946 4022 pulchritudinem.-

370 4047 476 4100 que
497 4043 551 4086 ct
580 4033 878 4090 claritatem
906 4041 1090 4094 mundi
1117 4041 1280 4112 hujus
1309 4044 1584 4101 obscurat.
1604 4047 1672 4101 Et
1706 4049 1819 4103 hzec
1864 4061 1948 4103 est

369 4128 480 4180 v.ta
501 4128 587 4182 illa
622 4129 672 4181 in
700 4130 914 4197 spiritu,
939 4147 1044 4200 qua
1075 4137 1253 4190 outnis
1273 4138 1711 4206 concupiscentia
1742 4141 1944 4206 carnis,

364 4217 522 4283 juxta
553 4217 704 4272 Pauli
731 4235 940 4283 vocem,
967 4223 1368 4292 triumphatur:
1399 4228 1629 4296 «Spiritu
1651 4231 1941 4292 ambulate,

371 4308 569 4376 inquit,
606 4319 660 4361 et
683 4307 951 4366 desideria
989 4315 1170 4368 carnis
1199 4331 1302 4370 non
1339 4321 1630 4386 perliciatis
1657 4323 1756 4373 ³⁵.»
1790 4322 1938 4377 llauc

374 4397 513 4453 viam
545 4399 718 4454 secuit
755 4399 1015 4459 Dominus
1038 4413 1240 4471 noster,
1275 4421 1398 4459 cum
1424 4409 1488 4462 ad
1514 4425 1612 4463 nos
1643 4412 1867 4475 veniret,
1889 4421 1942 4466 et

373 4487 513 4543 hanc
558 4499 766 4559 portam
814 4495 867 4546 in
901 4497 1160 4551 mundum
1201 4497 1489 4568 Zingressus
1528 4505 1763 4571 aperuit,
1797 4514 1851 4558 et
1875 4506 1938 4558 ad

2112 3501 2375 3570 Καθάπερ
2429 3503 2538 3572 γὰρ
2594 3503 2654 3554 ἐν
2695 3501 2844 3572 οἰκίᾳ
2897 3502 2995 3572 τῆς
3025 3500 3244 3562 ἀκτῖνος
3271 3495 3618 3562 εἰσελθούσης

2043 3595 2070 3642 ὁ
2110 3593 2300 3660 λύχνος
2335 3592 2519 3644 οὐκέτι
2549 3592 2646 3650 τὰς
2677 3590 2828 3660 ὄψεις
2857 3591 2962 3644 τῶν
3009 3588 3258 3659 ὁρώντων
3301 3588 3380 3649 εἰς
3427 3587 3620 3638 ἐκυτὶν

2043 3685 2384 3754 ἐπιστρέφει,
2415 3683 2532 3737 ἀλλ’
2565 3684 2727 3754 ἠ.τῆς
2764 3685 2982 3743 ἀκτῖνος
3017 3680 3339 3750 λαμπρότης
3388 3679 3617 3742 ὑπερνι-

2049 3778 2199 3830 κῶσα
2233 3776 2454 3844 κατέχει
2474 3791 2486 3804 ·
2515 3775 2607 3827 τὸν
2642 3775 2753 3828 ἴσον
2795 3774 2994 3840 τρόπον
3023 3776 3114 3824 καὶ
3145 3774 3201 3823 ἐν
3231 3770 3368 3840 τῷδε
3409 3769 3483 3837 τῷ
3512 3768 3615 3836 βίῳ

2047 3871 2132 3922 διὰ
2167 3869 2274 3922 τῶν
2303 3867 2618 3938 μυστηρίων
2642 3870 2675 3937 ἡ
2717 3868 2816 3934 τῆς
2844 3865 3144 3936 μελλούσης
3172 3865 3316 3934 ζωῆς
3365 3861 3617 3931 λαμπρό-

2050 3980 2146 4030 της
2171 3961 2529 4030 εἰσερχομένη
2561 3961 2653 4010 καὶ
2681 3960 2799 4020 ταῖς
2828 3957 3028 4026 ψυχαῖς
3049 3955 3336 4008 ἐνοικοῦσα
3363 3954 3489 4024 νικᾷ
3515 3952 3616 4018 τὴν

2048 4056 2106 4107 ἐν
2135 4054 2296 4122 σαρκὶ
2321 4052 2466 4120 ζωὴν
2491 4050 2666 4104 καὶτὸ
2695 4048 2885 4110 κάλλος
2915 4047 3007 4100 τοῦ
3041 4051 3247 4116 κόσμου
3275 4044 3492 4104 τούτου,
3523 4045 3618 4095 καὶ

2048 4144 2145 4213 τὴν
2200 4142 2562 4212 λαμπρότητα
2601 4139 2965 4208 ἀποκρύπτει.
2999 4138 3092 4190 καὶ
3146 4135 3282 4204 αῦτη
3318 4134 3522 4200 ἐστινὴ
3556 4135 3618 4181 ἐν

2050 4233 2318 4302 πνεύματι
2340 4231 2475 4300 ζωὴ,
2517 4224 2586 4302 ἧς
2619 4231 2884 4294 ἐπιθυμία
2921 4231 3071 4284 πᾶσα
3123 4227 3322 4297 σαρκὸς
3361 4228 3612 4294 ἡττᾶται,

2049 4324 2190 4376 κατὰ
2235 4323 2324 4373 τὸν
2379 4320 2596 4374 Παύλου
2652 4321 2827 4386 λόγον,
2863 4337 2880 4370 ι
2924 4319 3198 4388 Πνεύματι
3257 4316 3614 4384 περιπατεῖτε

2051 4413 2146 4465 καὶ
2194 4411 2491 4479 ἐπιθυμίαν
2527 4411 2726 4481 σαρκὸς
2776 4410 2838 4462 οὐ
2875 4409 2949 4480 μὴ
2998 4410 3274 4478 τελέσητε.
3329 4427 3348 4459 ι
3396 4407 3612 4473 Ταύτην
3669 4431 3689 4449 ι

2047 4503 2144 4573 τὴν
2190 4505 2306 4557 ὁδὸν
2331 4507 2358 4554 6
2405 4503 2606 4572 Κύριος
2636 4502 2828 4572 ἔτεμεν
2861 4505 2938 4564 εἰς
2971 4503 3118 4572 ἡμᾶς
3170 4501 3485 4572 ἐρχόμενος,
3515 4503 3612 4552 καὶ

373 4579 582 4639 Patrem
622 4597 888 4650 reversus,
924 4588 1176 4646 claudere
1203 4606 1310 4646 non
1338 4594 1619 4660 sustinuit,
1646 4599 1737 4650 sed
1771 4612 1836 4649 ex
1874 4613 1938 4652 eo

2048 4596 2252 4666 ταύτην
2283 4595 2486 4666 ἀνέῳξε
2513 4595 2610 4664 τὴν
2633 4593 2831 4668 πύλην,
2862 4594 3121 4648 εἰσελθὼν
3151 4597 3230 4651 εἰς
3258 4595 3350 4646 τὸν
3382 4593 3607 4659 κόσμον,

376 4689 470 4742 per
493 4673 631 4731 hanc
659 4677 726 4733 ad
751 4690 971 4735 sanctos
995 4684 1234 4750 accedit;
1257 4687 1386 4752 quin
1413 4689 1591 4755 potius
1617 4692 1765 4742 muni
1799 4698 1934 4742 tein-

374 4781 503 4833 pore
537 4768 710 4829 adest.
747 4781 801 4825 et
836 4774 1117 4830 uobiscum
1177 4787 1263 4832 est
1301 4785 1354 4831 et
1380 4779 1482 4832 erit
1540 4795 1774 4848 semper,
1805 4795 1936 4848 pro-

377 4858 602 4918 missum
633 4877 697 4916 ac
727 4874 1000 4934 receptum
1027 4867 1153 4921 illud
1184 4885 1342 4923 suum
1361 4870 1618 4925 efliciens.
1642 4873 1935 4938 Quocirca,

381 4964 400 4998 ι
426 4945 540 5002 Non
567 4961 648 5004 est
673 4952 774 5007 hoc
791 4954 960 5019 aliud,
990 4958 1089 5011 nisi
1114 4959 1308 5014 domus
1335 4959 1450 5025 Dei,
1473 4971 1524 5016 et
1544 4963 1657 5018 haec
1682 4974 1766 5018 est
1790 4975 1944 5034 porta

376 5039 524 5097 cmli.
557 5060 576 5092 ι
605 5042 740 5097 dixit
772 5045 938 5100 Jacon
975 5052 1280 5117 patriarcha
1304 5053 1349 5083 ³³
1368 5091 1383 5117 ,
1408 5069 1503 5122 per
1524 5069 1688 5122 quam
1722 5071 1827 5109 non
1854 5071 1943 5111 so-

378 5131 488 5184 lum
530 5135 705 5203 angeli
739 5137 789 5190 in
817 5146 990 5194 terras
1018 5141 1354 5197 descendunt
1388 5145 1630 5212 (cuilibet
1667 5147 1811 5200 enim
1841 5147 1944 5202 iui—

381 5221 512 5283 tiato
542 5224 783 5294 adsunt),
811 5230 902 5282 sed
942 5235 1102 5286 etiam
1154 5234 1379 5300 ipsemet
1410 5237 1725 5304 angelorum
1767 5237 1945 5291 Domi-

381 5329 503 5368 nus.
548 5315 697 5370 Hanc
731 5320 800 5374 ob
840 5337 1059 5376 causam
1103 5335 1156 5376 et
1211 5322 1472 5380 Salvator
1500 5327 1718 5395 quando
1774 5327 1947 5396 bapti-

382 5421 560 5468 smum
591 5425 746 5464 suum
778 5429 877 5470 ceu
912 5416 962 5468 in
989 5417 1165 5471 tabula
1197 5430 1639 5486 prwmonstraus,
1679 5421 1943 5488 baptismo

382 5493 608 5561 Ioannis
647 5503 760 5571 ipse
793 5521 1011 5576 quoque
1037 5509 1181 5562 ablui
1211 5525 1317 5563 non
1350 5512 1565 5578 refugit,
1605 5511 1802 5564 cazlum
1826 5527 1924 5578 ape

456 5669 500 5714 ει
538 5672 652 5735 Act.
693 5689 822 5735 xvii,
854 5675 940 5726 28.
1020 5673 1063 5705 ’³
1099 5673 1237 5727 Ρδιει.
1297 5691 1425 5741 xvii,
1474 5676 1534 5728 10
1558 5691 1664 5730 sec.
1703 5674 1862 5742 LXX.

1942 5675 1987 5707 ’δ”
2017 5673 2174 5736 Juau.
2209 5692 2317 5738 xw,
2348 5676 2434 5729 55.

2045 4689 2140 4741 καὶ
2174 4689 2252 4750 εἰς
2283 4689 2372 4740 τὸν
2409 4687 2628 4754 Πατέρα
2666 4686 2905 4739 ἀνελθὼν
2941 4687 3040 4739 οὐκ
3070 4686 3326 4754 ἠνέσχετο
3375 4683 3606 4767 κλεῖσαι,

2047 4780 2160 4833 ἁλλ’
2188 4780 2246 4844 ἐξ
2268 4779 2472 4832 ἐκείνου
2503 4778 2589 4830 διὰ
2615 4779 2817 4847 ταύτης
2841 4779 3106 4848 ἐπιδημεῖ
3132 4780 3242 4841 τοῖς
3265 4775 3569 4843 ἀνθρώποις
3593 4788 3610 4804 ⁸
3665 4825 3668 4828 .

2054 4872 2252 4940 μᾶλλον
2290 4870 2345 4920 δὲ
2404 4869 2668 4938 πάρεστιν
2724 4872 2809 4923 ἀεὶ
2839 4871 2932 4926 καὶ
2985 4869 3104 4939 μεθ’
3143 4869 3300 4938 ἡμῶν
3351 4867 3468 4920 ἔστι
3519 4866 3612 4918 καὶ

2053 4965 2204 5016 ἔσται
2233 4963 2395 5031 μέχρι
2425 4963 2623 5024 παντὸς
2657 4963 2768 5025 τὰς,
2793 4963 3119 5031 ἐπαγγελίας
3150 4963 3336 5026 σώζων
3369 4961 3608 5021 ἐκείνας.

2059 5054 2266 5108 Οὐκοῦν
2293 5057 2393 5108 οὐκ
2415 5055 2528 5108 ἔστι
2555 5057 2712 5108 τοῦτο
2732 5055 2858 5109 ἄλλο
2880 5057 2911 5125 ἢ
2931 5052 3078 5118 οἶκος
3101 5054 3257 5117 Θεοῦ,
3287 5053 3381 5106 καὶ
3405 5052 3542 5119 αὕτη
3577 5052 3608 5118 ἡ

2052 5147 2192 5217 πύλη
2217 5147 2311 5200 τοῦ
2357 5147 2608 5217 οὐρανοῦ,
2646 5151 2674 5201 6
2705 5148 3049 5218 πατριάρχης
3079 5147 3143 5200 ἂν
3181 5142 3323 5210 εἷπε,
3353 5147 3420 5196 δι’
3449 5137 3514 5213 ἦς
3549 5142 3611 5194 οὖ

2054 5238 2214 5306 μόνον
2254 5239 2478 5305 ἄγγελοι
2513 5239 2926 5292 καταϐαίνουσιν
2957 5239 3036 5300 εἰς
3070 5238 3166 5308 τὴν
3194 5237 3297 5304 γῆν
3355 5236 3472 5304 (καὶ
3503 5239 3612 5300 γὰρ

2048 5328 2301 5397 πάρεισιν
2341 5329 2552 5397 ἑκάστῳ
2573 5329 2679 5382 τῶν
2717 5329 3103 5397 τελουμένων),
3151 5326 3285 5378 ἀλλὰ
3317 5327 3412 5377 καὶ
3449 5324 3612 5384 αὐτὸς

2052 5424 2080 5473 6
2119 5421 2228 5472 τῶν
2270 5421 2516 5485 ἀγγέλων
2545 5420 2840 5488 Δεσπότης.
2879 5420 2980 5472 Διὰ
3013 5420 3167 5472 τοῦτο
3211 5419 3305 5469 καὶ
3347 5417 3515 5484 ἡνίκα
3553 5418 3614 5464 τὸ

2058 5511 2342 5578 βάπτισμα
2377 5509 2438 5561 τὸ
2468 5509 2661 5562 ἑαυτοῦ
2693 5509 2942 5579 καθάπερ
2972 5513 3032 5563 ὲν
3069 5511 3253 5578 γραφῇ
3295 5503 3612 5576 προχαράτ-

2517 5677 2559 5708 ’⁸
2592 5677 2764 5732 Galat.
2790 5695 2841 5743 v,
2886 5677 2971 5731 lii.
3046 5679 3089 5708 "
3131 5676 3265 5731 Gen.
3303 5689 3493 5749 xxvtu,
3526 5669 3607 5736 l2.
