3838 6192
261 275 360 340 505

1337 281 1434 340 DE
1476 281 1658 342 Vle
1687 282 1763 341 IN
1806 282 2136 346 CHRISTO
2176 286 2325 350 LIB.
2360 286 2408 348 Ῐ.
3381 291 3486 354 506

259 415 379 461 των,
404 395 457 450 τὸ
479 394 762 466 βάπτισμα
800 394 1052 450 Ἰωάννου
1087 396 1181 450 καὶ
1213 397 1374 459 αὐτὸς
1405 401 1433 451 ὁ
1463 397 1649 468 Σωτὴρ
1677 398 1785 467 ipti-

1907 403 2048 466 ruit,
2097 403 2323 467 docens,
2361 404 2465 458 hoc
2497 418 2617 459 esse
2641 418 2738 473 per
2771 405 2916 476 quod
2967 406 3218 464 caelestes
3248 410 3369 467 illas
3399 430 3480 468 re.

258 502 405 556 σχετο
432 485 810 556 βαπτισθῆναι,
841 487 932 539 τὸν
964 487 1194 556 οὐρανδν
1222 487 1445 559 ἀνέῳξε,
1479 489 1693 552 δεικνὺς
1722 489 1805 542 ὅτι

253 577 396 631 τοῦτό
431 581 566 639 ἐστι,
597 577 665 630 δι’
694 572 755 631 οὗ
795 583 888 631 τὸν
913 579 1163 648 οὐράνιον
1192 579 1437 649 ὀψόμεθα
1460 581 1640 650 χῶρον
1663 596 1678 611 °
1711 580 1806 634 καὶ

254 670 352 740 μὴν
378 671 467 723 καὶ
495 669 562 723 δι’
587 664 661 722 ὧν
690 673 1013 740 ἀπεφήνατο
1042 671 1116 740 μὴ
1142 671 1402 725 δύνασθαι
1431 672 1698 725 εἰσελθεῖν
1725 673 1804 733 είς

247 763 335 832 τὴν
372 762 514 831 ζωὴν
569 762 664 816 τὸν
715 763 790 834 μὴ
823 764 1212 834 βαπτισθέντα,
1270 764 1430 817 τοῦτο
1475 764 1536 816 τὸ
1576 765 1803 834 λουτρὸν

247 853 432 905 εἴσοδον
461 871 583 906 τινα
610 855 742 907 αὐτὸ
772 854 1070 911 αἰνίττεται
1096 857 1192 910 καὶ
1225 856 1424 925 πύλην.
1462 874 1480 905 ι
1531 855 1804 920 ’Λνοίξατὲ

247 961 325 1013 μοι
357 945 530 1006 πύλας
575 947 947 1016 δικαιοσύνης,
987 967 1006 1001 ι
1055 949 1220 1019 φησὶν
1253 951 1280 1002 6
1327 949 1514 1008 Δαὸὶδ.
1573 949 1801 1014 ταύτας,

240 1031 401 1106 οἶμαι,
441 1037 539 1100 τὰς
573 1039 748 1103 πύλας
795 1041 1078 1111 ἀνοιγῆναι
1118 1042 1422 1111 ἐπιθυμῶν.
1477 1040 1647 1094 Τοῦτο
1695 1042 1802 1114 γάρ

238 1132 392 1194 ἐστιν,
426 1129 458 1182 ὃ
491 1130 678 1183 πολλοὶ
711 1133 991 1202 προφῆται
1040 1133 1136 1187 καὶ
1169 1134 1408 1202 βασιλεῖς
1445 1135 1802 1204 ἐπεθύμησαν

239 1223 375 1285 ἰδεῖν,
406 1224 743 1292 ἀφικόμενον
766 1228 843 1288 είς
870 1226 971 1296 τὴν
1005 1227 1111 1296 γῆν
1138 1229 1228 1279 τὸν
1266 1228 1520 1298 τεχνίτην
1560 1231 1668 1281 τῶν
1703 1231 1799 1282 θυ-

235 1314 338 1382 ρῶν
359 1315 572 1369 τούτων
596 1334 612 1348 ·
642 1316 732 1369 διὰ
773 1317 932 1371 τοῦτο
963 1320 1056 1371 καὶ
1083 1319 1129 1370 εί
1171 1319 1398 1385 γένοιτο,
1430 1321 1616 1387 φησὶν,
1648 1319 1798 1390 αὐτῷ

231 1410 400 1477 τυχεῖν
433 1409 541 1478 τῆς
571 1410 778 1462 εἰσόδου
828 1409 925 1463 καὶ
956 1410 1044 1463 διὰ
1096 1411 1301 1464 τούτων
1335 1412 1510 1464 ἐλθεῖν
1538 1411 1650 1464 τῶν
1689 1429 1798 1464 πυ-

230 1497 346 1564 λῶν,
393 1499 632 1569 χάριτας
668 1501 1030 1570 ὁμολογήσειν
1068 1501 1146 1571 τῷ
1177 1502 1297 1573 Θεῷ
1334 1503 1412 1572 τῷ
1457 1503 1690 1556 διελόντι
1738 1504 1799 1556 τὸ

227 1591 408 1658 τεῖχος.
453 1609 476 1641 ε
512 1591 786 1643 Είσελθὼν
814 1593 944 1660 γαρ,
998 1591 1185 1661 φησὶν,
1220 1593 1276 1644 ἐν
1321 1593 1514 1655 αὐταῖς
1547 1593 1796 1662 ἐξομολο-

225 1682 456 1750 γήσομαι
491 1679 570 1750 τῷ
622 1682 830 1751 Κυρίῳ,
875 1700 894 1731 ι
931 1684 1004 1743 ὼς
1050 1683 1157 1733 ἀπ),
1187 1683 1394 1735 τούτων
1423 1684 1657 1750 μάλιστα
1687 1685 1794 1735 τῶν

224 1771 394 1823 αυλῶν
420 1789 445 1822 ε
462 1775 508 1833 ξς
531 1772 874 1841 τελεωτάτην
902 1771 967 1826 ἂν
989 1774 1190 1840 γνῶσιν
1221 1774 1472 1844 δυνηθεὶς
1496 1777 1791 1841 ἀφικέσθαι

220 1865 310 1933 τῆς
338 1864 430 1918 τοῦ
471 1865 606 1918 Θεοῦ
636 1867 763 1935 περὶ
797 1866 854 1918 τὸ
887 1867 1040 1934 γένος
1090 1866 1431 1937 ἀγείθότητος
1462 1867 1557 1919 καὶ
1605 1866 1794 1934 φιλαν-

221 1958 482 2028 θρωπίας.

281 2051 342 2102 Τί
386 2053 499 2118 γὰρ
550 2050 617 2103 ἂν
668 2052 879 2119 γένοιτο
934 2052 1118 2120 μεῖζον
1150 2054 1519 2123 χρηστὸτητος
1561 2056 1654 2108 καὶ
1703 2074 1794 2123 φι-

222 2141 568 2212 λανθρωπίας
608 2147 857 2212 σημεῖον,
897 2145 931 2214 ἢ
980 2144 1206 2198 λούοντα
1265 2148 1363 2216 μὲν
1413 2147 1564 2200 ὕδατι
1615 2148 1788 2214 ῥύπου

222 2236 308 2305 τὴν
328 2235 510 2306 ψυχὴν
541 2236 929 2301 ἀπαλλάττειν,
958 2237 1180 2308 χρίοντα
1210 2239 1265 2290 δὲ
1301 2237 1790 2310 μύρῳ-βασιλεύειν

219 2329 304 2398 τὴν
328 2331 382 2382 ἐν
410 2331 672 2402 οὐρανοῖς
697 2330 996 2401 βασιλείαν,
1021 2333 1206 2402 ἐστιᾷν
1232 2332 1365 2384 δὲτὸ
1393 2334 1553 2402 σῶμα
1579 2337 1638 2387 τὸ
1663 2336 1788 2387 ἑαυ-

220 2425 300 2478 τοῦ
325 2427 416 2479 καὶ
454 2427 522 2480 τὸ
563 2423 704 2497 αἷμα
742 2427 1156 2497 παρατιθέντας
1207 2428 1281 2481 T6
1312 2445 1376 2495 γε
1425 2429 1532 2498 μὴν
1573 2429 1785 2500 ἀνθρὼ-

220 2537 338 2582 πους
365 2519 532 2582 θεοὺς
574 2521 666 2572 καλ⁵
692 2521 840 2583 υἱοὺς
873 2521 1129 2588 γενέσθαι
1166 2521 1324 2585 Θεοῦ,
1371 2523 1465 2574 καὶ
1494 2522 1591 2592 τὴν
1623 2513 1784 2590 φύσιν

218 2611 303 2680 τὴν
334 2612 622 2682 ἡμετέραν
654 2611 790 2664 Θεοῦ
824 2615 959 2682 τιμῇ
1013 2613 1334 2683 τιμηθῆναι,
1371 2613 1466 2667 καὶ
1509 2615 1601 2666 τὸν
1655 2615 1784 2685 χοῦν

216 2704 284 2765 είς
311 2704 464 2756 τοῦτο
496 2703 660 2773 δόξης
692 2703 1070 2774 ἀνενεχθῆναι,
1112 2705 1187 2765 ὡς
1217 2699 1476 2775 ὁμότιμον
1513 2706 1606 2758 xal.
1651 2707 1782 2776 ὀμό-

217 2795 324 2846 θεον
368 2796 467 2866 ήδη
507 2783 580 2864 τῇ
617 2794 739 2865 θείᾳ
778 2794 936 2862 φύσει
975 2795 1250 2864 γενέσθαι,
1311 2794 1418 2848 τίνι
1471 2795 1667 2863 γένοιτ’
1717 2798 1782 2850 ἂν

216 2884 261 2935 ῖς
294 2903 353 2949 ν;
387 2886 519 2938 τίνα.
567 2885 611 2937 δ’
641 2884 706 2938 ἂν
749 2886 1064 2955 καινότητος
1097 2885 1404 2956 ὑπερϐολὴν
1447 2888 1735 2940 καταλίποι
1763 2906 1778 2954 ς

217 2976 368 3030 Τοῦτο
397 2979 511 3048 γάρ
551 2979 759 3048 ἐστινὴ
811 2978 981 3048 ἀρετὴ
1025 2977 1118 3031 τοῦ
1153 2978 1315 3042 Θεοῦ,
1359 2979 1482 3049 ἥτις
1511 2980 1780 3050 ἐκάλυψεν

1907 493 2098 564 giones
2151 495 2322 550 visuri
2363 496 2558 551 simus.
2599 495 2740 562 Quin
2803 499 2988 564 etiam,
3041 500 3239 570 quibus
3307 504 3486 560 verbis

1907 585 2214 648 aﬂirmavit.
2247 604 2355 642 non
2388 603 2545 654 posse
2595 589 2688 656 qtti
2721 604 2879 643 sacro
2913 589 3061 645 l‘onte
3111 592 3329 648 ablutus
3368 611 3476 650 non

1905 678 1997 740 sit,
2048 678 2102 732 in
2139 680 2303 733 vitam
2361 680 2590 749 ingredi,
2625 680 2689 733 iis
2721 679 2854 748 ipsis
2910 682 3188 736 lavacrum
3231 685 3372 739 istuc
3407 689 3488 740 in-

1907 769 2130 824 troitum
2187 781 2239 823 et
2281 782 2491 840 portam
2528 772 2820 840 quamdam
2871 771 3014 826 illius
3045 788 3169 827 esse
3199 776 3482 832 indicavit.

1909 860 2160 928 «Aperite
2194 861 2328 938 mihi
2366 872 2551 930 portas
2584 862 2811 930 justitize
2847 863 2947 924 ¹⁷,›
2989 866 3260 918 exclamat
3291 867 3481 930 David,

1904 949 2026 1012 bas,
2091 959 2151 1006 ut
2180 953 2442 1016 arbitror,
2496 961 2684 1022 portas
2737 954 2936 1022 aperiri
2993 955 3329 1010 desiderans.
3372 955 3485 1011 Hoc

1903 1043 2046 1098 enim
2077 1053 2184 1107 est,
2218 1045 2364 1113 quod
2403 1045 2561 1097 mttlti
2597 1061 2751 1112 reges
2781 1055 2833 1100 et
2867 1046 3140 1115 propheta:
3183 1050 3365 1103 videre
3388 1065 3484 1103 cu-

1903 1131 2145 1200 pierunt,
2181 1133 2463 1203 delapsum
2492 1133 2700 1187 scilicet
2735 1135 2788 1187 in
2823 1145 2996 1189 terras
3035 1146 3314 1204 portarum
3353 1137 3483 1191 ista-

1903 1238 2022 1276 rum
2052 1225 2340 1277 artilicem.
2397 1223 2689 1291 Protiterea
2740 1226 2867 1278 item
2900 1228 2943 1279 si
2975 1229 3226 1298 ingressu
3256 1229 3361 1281 isto
3388 1243 3484 1297 po-

1904 1315 2090 1379 tiatur,
2125 1331 2325 1384 perque
2353 1326 2536 1383 portas
2564 1317 2726 1371 hasce
2761 1317 3018 1380 introeat,
3052 1319 3253 1386 gratias
3281 1335 3338 1373 se
3374 1319 3482 1372 Deo

1903 1414 2151 1459 acturum
2185 1408 2495 1474 proﬁtetur,
2530 1408 2622 1476 qui
2656 1423 2871 1461 murum
2914 1410 3127 1463 divisit:
3169 1409 3481 1479 «ingressus

1899 1497 2043 1549 enim
2078 1498 2131 1550 in
2160 1513 2274 1560 eas,
2325 1498 2524 1566 inquit,
2565 1498 2869 1552 conﬁtebor
2913 1499 3140 1552 Domino
3165 1501 3264 1562 ",i
3298 1510 3355 1553 ut
3387 1503 3478 1569 qui

1901 1589 1968 1641 ab
2000 1588 2149 1642 hisce
2192 1591 2366 1656 portis
2417 1590 2651 1643 maxime
2703 1590 2768 1642 ad
2804 1589 3253 1658 perfectissimam
3287 1593 3481 1645 divinze

1902 1682 2163 1736 bonitatis
2215 1681 2672 1750 benignitatisque
2698 1697 2822 1750 erga
2855 1698 3025 1752 genus
3060 1684 3357 1736 humanum
3391 1700 3481 1738 e0-

1897 1774 2198 1844 gnitionctn
2232 1772 2476 1843 aspirare
2508 1775 2769 1844 potuerit.

1962 2085 2117 2150 Quod
2175 2085 2317 2138 enim
2360 2082 2666 2138 clementia:
2721 2090 2772 2135 et
2816 2082 3163 2152 benignitatis
3219 2083 3475 2137 indicium

1889 2177 2266 2240 excellentius,
2287 2192 2448 2244 quam
2474 2176 2741 2228 lavantem
2768 2189 2926 2242 aqua,
2951 2187 2979 2226 a
3006 2172 3258 2228 sordibus
3283 2175 3478 2228 animte

1889 2267 2144 2336 purgari?
2199 2277 2426 2320 unctum
2487 2273 2764 2334 unguento
2798 2279 3030 2333 regnare
3063 2264 3117 2317 in
3172 2279 3340 2333 regno
3367 2278 3480 2318 ρω-

1887 2359 2048 2415 lesti?
2075 2359 2327 2413 convivio
2359 2356 2532 2424 excipi
2576 2357 2643 2408 ab
2672 2370 2760 2418 eo,
2795 2357 2887 2424 qtti
2927 2369 3085 2409 suum
3129 2355 3243 2423 ipse
3277 2369 3477 2421 corpus

1885 2462 1941 2506 et
1965 2451 2286 2521 sanguinem
2335 2448 2632 2518 apposuit?
2667 2446 2915 2500 homines
2941 2448 3092 2506 deos,
3124 2456 3177 2500 et
3209 2446 3348 2500 lilios
3383 2446 3474 2505 Dei

1887 2547 2002 2601 fieri
2039 2547 2446 2613 ?naturamque
2479 2553 2718 2597 nostram
2757 2542 2966 2596 divinis
3003 2541 3313 2596 honoribus
3343 2541 3474 2603 coli,

1886 2655 1951 2695 ac
1989 2639 2266 2709 pulverem
2302 2637 2354 2690 in
2393 2645 2603 2690 tantum
2643 2636 2827 2705 gloriae
2854 2633 3129 2704 fastigium
3174 2635 3378 2696 extolli,
3416 2643 3476 2688 tit

1880 2733 1990 2802 jam
2017 2732 2211 2785 divinae
2249 2741 2479 2794 natnrze,
2510 2737 2565 2782 et
2599 2729 2850 2790 honoris,
2885 2737 2938 2780 et
2968 2727 3187 2780 deitatis
3241 2741 3475 2780 consors

1883 2825 1997 2878 sit?
2057 2823 2290 2878 Cuinam
2347 2820 2552 2888 aliquid
2582 2819 2688 2874 tale
2739 2819 2990 2873 eveniat?
3046 2831 3472 2888 quam,qn:eso,

1884 2915 2161 2974 novitatis,
2205 2922 2257 2967 et
2295 2914 2567 2967 inusitatae
2619 2911 2692 2963 rei
2755 2911 3187 2979 magnitudinem
3241 2919 3471 2978 praeter-

1885 3006 2070 3060 misit?
2100 3005 2391 3068 llmcieuim
2429 3019 2514 3059 εει
2548 3006 2721 3056 virtus
2750 3002 2860 3066 Dei,
2895 3017 3015 3072 quae
3042 3001 3258 3072 operuit
3284 3000 3475 3069 caelos,

215 3070 458 3138 οὐρανούς
487 3088 506 3104 ο
548 3066 724 3142 οἶμαι,
764 3073 944 3125 πᾶσαν
975 3073 1264 3143 (ὑπερέϐη)
1319 3071 1497 3127 κτίσιν
1542 3076 1634 3128 καὶ
1672 3078 1778 3129 πᾶν

1891 3100 2100 3170 opinor.
2155 3111 2460 3155 creaturam
2516 3099 2827 3152 universant
2862 3112 3237 3168 supergressa
3282 3108 3386 3158 est,
3421 3105 3474 3151 rt

214 3161 354 3230 ἔργον
381 3164 683 3233 ἀπέκρυψε
711 3164 802 3218 τοῦ
837 3163 972 3217 Θεοῦ
1006 3165 1082 3234 τῷ
1117 3163 1338 3234 μεγέθει
1361 3167 1452 3219 καὶ
1481 3164 1558 3236 τῷ
1591 3167 1778 3221 κάλλει

212 3257 445 3324 νικῆσαν.
480 3256 614 3310 Τῶν
657 3257 763 3328 γὰρ
800 3257 960 3310 θείων
998 3257 1176 3327 ἔργων
1211 3257 1468 3312 ἁπάντων
1496 3258 1638 3313 οὕτω
1679 3261 1781 3330 μὲν

213 3351 404 3404 πολλῶν
441 3352 644 3411 ὄντων,
697 3350 842 3403 οὕτω
870 3351 926 3402 δὲ
977 3347 1160 3405 καλῦν
1209 3352 1304 3404 καὶ
1365 3353 1638 3423 μεγάλων,
1679 3357 1780 3409 οὐκ

212 3440 342 3494 ἔστιν
367 3442 554 3507 οὐδὲν,
599 3441 628 3494 ὃ
666 3441 741 3511 μὴ
797 3442 895 3511 τῆς
942 3443 1137 3510 σοφίας
1176 3443 1268 3496 τοῦ
1299 3443 1636 3516 δημιουργοῦ
1687 3450 1780 3501 καὶ

210 3533 296 3599 τῆς
335 3535 542 3603 τέχνης
569 3533 794 3586 ἔλαττον
825 3534 962 3604 ἔχει,
1003 3535 1097 3587 καὶ
1125 3533 1332 3589 δύναιτ’
1363 3537 1429 3590 ἂν
1461 3538 1570 3590 τῶν
1601 3540 1779 3612 ὑπηρ-

211 3626 412 3694 γμένων
440 3627 539 3680 καὶ
580 3626 788 3679 καλλίω
835 3628 931 3680 καὶ
962 3627 1136 3696 μείζω
1183 3629 1455 3698 παράγειν
1513 3634 1778 3702 οὖμενοῦν

209 3719 304 3770 οὐδ’
330 3723 453 3771 ὅσον
500 3721 684 3772 εἰπεῖν
716 3718 938 3783 ἐξεῖναι.
974 3721 1034 3773 El
1085 3721 1126 3773 δ’
1161 3721 1370 3774 ἔνεστιν
1423 3723 1586 3792 ἔργον
1639 3726 1776 3779 Θεοῦ

209 3812 448 3876 γενέσθαι
491 3810 688 3877 καλὸν,
733 3809 904 3872 οὕτως
933 3811 1161 3880 ἀγαθὸν,
1198 3813 1337 3866 ὥστε
1393 3817 1530 3884 πρὸς
1564 3817 1664 3877 τὴν
1689 3837 1778 3871 σο-

211 3902 326 3966 ςίαν
355 3903 576 3971 ἐκείνην
607 3904 700 3953 καὶ
726 3901 822 3970 τὴν
844 3901 1076 3971 δύναμιν
1121 3905 1213 3956 καὶ
1243 3904 1343 3974 τὴν
1375 3905 1572 3975 τέχνην
1621 3908 1782 3974 ἁμιλ-

211 3992 442 4063 ληθῆναι,
484 3998 585 4048 καὶ
619 3995 694 4056 ὡς
747 3995 878 4055 ἔπος
922 3995 1118 4058 εἰπεῖν,
1175 3995 1312 4065 πρὸς
1367 3996 1467 4066 τὴν
1516 3999 1778 4069 ἀπειρίαν

213 4085 550 4154 ἐξισωθῆναι,
592 4088 687 4139 καὶ
719 4086 967 4156 καθάπερ
1002 4087 1144 4157 ἴχνος
1167 4089 1225 4142 τὸ
1254 4091 1482 4159 μέγεθος
1509 4093 1656 4146 ἅπαν
1681 4094 1777 4164 τῆς

211 4176 388 4246 (θείας)
425 4179 770 4248 ἀγαθότητος
804 4181 1101 4247 ὑποδεῖξαι,
1132 4181 1291 4236 τοῦτο
1320 4179 1474 4253 οἶμαι
1518 4181 1662 4239 εἶναι
1696 4207 1776 4242 Vt-

213 4273 381 4338 κῆσαι.
409 4271 472 4323 Ei
519 4274 634 4341 γὰρ
666 4273 823 4327 τοῦτό
875 4275 1023 4326 ἐστιν
1075 4276 1161 4328 ἀεὶ
1209 4276 1287 4344 τῷ
1332 4278 1448 4346 Θεῷ
1484 4279 1543 4332 τὸ
1594 4281 1775 4353 ἔργον,

213 4361 400 4430 ἀγαθοῦ
438 4366 808 4433 μεταδιδόναι,
860 4369 952 4420 καὶ
987 4368 1128 4438 ὑπὲρ
1158 4372 1349 4423 τούτου
1385 4375 1560 4426 πάντα
1611 4379 1772 4437 ποιεῖ,

1889 3205 2051 3244 Omne
2109 3205 2248 3258 Opus
2295 3189 2387 3242 Dei
2439 3187 2754 3258 pralcellttit,
2818 3187 3101 3257 majestate
3161 3187 3368 3240 scilicret
3421 3195 3475 3238 ct

1888 3281 2199 3350 prrestantia
2224 3295 2583 3350 exsuperans.
2606 3278 2863 3333 Omnium
2895 3293 3132 3346 namque
3155 3277 3469 3330 divinorum

1887 3389 2135 3442 operum,
2174 3383 2281 3426 tam
2317 3373 2635 3436 multorum,
2674 3371 2964 3432 bonorum,
3040 3383 3472 3439 magnorumque

1887 3467 2094 3520 nullum
2151 3477 2253 3525 est.
2287 3465 2428 3533 quod
2481 3479 2589 3517 non
2652 3462 2794 3516 infra
2851 3461 3170 3530 sapientiam
3218 3469 3469 3516 etartem

1887 3559 2233 3613 fabricatoris
2278 3558 2522 3611 omnium
2575 3556 2842 3618 videatur,
2879 3563 3194 3623 potestque.
3254 3554 3296 3607 si
3334 3554 3468 3612 vult.

1886 3651 2048 3705 editis
2074 3651 2300 3704 meliora
2343 3658 2394 3702 et
2421 3648 2627 3716 majora
2663 3648 2846 3709 edere,
2904 3657 3170 3714 quantum
3229 3643 3472 3713 profecto

1885 3743 2065 3796 dicere
2097 3744 2405 3810 nequimus.
2432 3739 2586 3804 Quod
2610 3740 2652 3793 si
2685 3739 2820 3792 adeo
2863 3739 3063 3808 bonum
3118 3746 3172 3791 et
3200 3737 3460 3789 eximium

1887 3830 1980 3883 Dei
2016 3846 2152 3898 opus
2211 3829 2323 3884 lieri
2361 3838 2560 3899 potest,
2597 3839 2657 3882 ut
2693 3844 2815 3882 cum
2849 3829 2992 3881 illius
3019 3827 3311 3897 sapientia,
3370 3846 3468 3900 po-

1889 3930 2106 3979 testate.
2135 3929 2190 3975 et
2229 3931 2346 3974 arte
2373 3921 2684 3984 contendat,
2709 3930 2783 3980 et,
2811 3927 2870 3973 ut
2903 3919 3068 3972 verbo
3111 3920 3314 3984 dicam,
3347 3921 3466 3988 ejus

1887 4013 2139 4067 inﬁnitati
2172 4021 2510 4080 exaiquetur,
2537 4021 2590 4065 et
2620 4011 2785 4067 veluti
2822 4011 3112 4080 vestigium
3145 4020 3313 4064 totatn
3343 4011 3467 4080 ejus

1885 4104 2220 4175 maiestatem
2269 4102 2793 4172 amplitudinemque
2844 4100 3120 4162 ostendat.
3176 4103 3278 4158 hoc
3315 4105 3464 4158 arbi—

1887 4205 2001 4251 tror
2029 4210 2152 4251 esse
2190 4193 2410 4250 vicisse.
2439 4192 2574 4248 Nam
2605 4195 2650 4250 si
2695 4193 2798 4249 hoc
2831 4193 2923 4247 Dei
2956 4209 3092 4263 opus
3113 4209 3329 4264 semper
3362 4209 3466 4260 est,

1885 4286 2086 4340 bonum
2118 4285 2547 4349 communicare,
2584 4291 2637 4338 et
2667 4283 2785 4353 ejus
2815 4283 2891 4336 rei
2921 4297 3088 4337 causa
3127 4282 3236 4352 agit
3265 4286 3469 4348 omnia,

1885 4385 1938 4430 et
1974 4378 2062 4430 hic
2096 4386 2182 4431 est
2216 4376 2336 4430 linis
2369 4387 2535 4446 atque
2580 4391 2780 4444 scepus
2817 4385 2930 4428 tum
2964 4389 3154 4428 eorum
3188 4391 3308 4443 quae
3338 4376 3468 4429 bac-

213 4455 474 4510 καὶτοῦτο
505 4458 568 4508 τὸ
597 4457 750 4520 τέλος
782 4459 888 4510 τῶν
921 4477 978 4512 τε
1024 4461 1125 4530 ἤδη
1156 4463 1460 4529 γεγονότων
1493 4468 1588 4518 καὶ
1614 4466 1648 4520 δι
1679 4471 1776 4534 γέ.

1891 4476 2044 4524 lenus
2080 4471 2147 4524 ab
2177 4484 2244 4523 eo
2265 4467 2407 4522 facta
2433 4477 2582 4532 sunt,
2622 4477 2739 4522 tum
2785 4483 2974 4523 eorum
3033 4482 3155 4536 qua!
3197 4467 3249 4520 in
3293 4477 3472 4537 poste-

212 4549 328 4600 νοιτ⁹
352 4550 416 4602 au
447 4551 545 4603 τὸν
580 4549 772 4603 ἔπειτα
823 4552 1015 4621 χρόνον
1047 4554 1295 4623 (χεθῆναί
1324 4573 1456 4624 φησι
1484 4561 1542 4610 τὸ
1572 4559 1779 4625 ἀγαθὸν

214 4643 293 4692 καὶ
318 4643 558 4714 ὁδεῦσαι)
589 4661 603 4673 ο
635 4643 662 4696 ὅ
704 4646 873 4696 ποιῶν
904 4645 998 4697 τοῦ
1027 4648 1247 4700 πάντων
1277 4652 1304 4700 6
1336 4650 1468 4712 Θεὸς
1516 4653 1776 4721 μεγίστου

217 4734 502 4799 μετὲῑωκεν
536 4735 744 4801 ἀγαθοῦ
803 4737 895 4788 καὶ
941 4730 1002 4790 οὗ
1047 4739 1230 4806 μείζον
1269 4741 1368 4792 οῦκ
1399 4740 1512 4811 ἔχει
1565 4744 1772 4807 δοῦναι,

215 4827 351 4879 τοῦτο
380 4828 445 4881 ἂν
479 4829 568 4898 εἴη
599 4829 659 4880 τὸ
696 4830 951 4897 μέγιστον
984 4830 1077 4882 καὶ
1111 4831 1398 4885 κάλλιστον
1432 4836 1531 4904 τῆς
1564 4837 1770 4902 ἀγαθό-

217 4935 356 4987 τητος
387 4921 552 4990 ἔργον
583 4923 679 4974 καὶ
703 4922 729 4971 ὁ
755 4921 1064 4984 τελευταῖος
1095 4924 1193 4989 τῆς
1226 4927 1598 4996 χρηστότητος
1624 4929 1772 4998 ὄρος.

219 5009 451 5066 Τοιοῦτον
506 5015 564 5066 δὲ
596 5015 657 5066 τὸ
691 5014 789 5082 τῆς
840 5016 1153 5084 οἰκονομίας
1199 5017 1383 5086 ἔργον,
1417 5021 1450 5089 ἢ
1490 5021 1617 5088 περὶ
1670 5023 1777 5073 τῶν

221 5101 507 5170 ἀνθρώπων
536 5105 886 5175 ᾡκονομήθη.
927 5107 1190 5160 Ἐνταῦθα
1223 5110 1332 5177 γὰρ
1373 5112 1433 5162 οὐ
1470 5113 1777 5178 μετέδωκεν

222 5192 390 5258 ἁπλῶς
423 5197 648 5250 ὁτουοῦν
698 5198 908 5264 ἀγαθοῦ
942 5203 1006 5269 τῇ
1039 5199 1199 5268 φύσει
1239 5202 1346 5253 τῶν
1400 5203 1705 5272 ἀνθρώπων
1748 5210 1776 5259 ὁ

223 5283 335 5348 Θεὸς
366 5288 496 5360 παρ’
534 5291 710 5358 ἑαυτῷ
742 5291 810 5343 τὰ
839 5291 1010 5345 πλείω
1043 5295 1310 5362 τηρήσας,
1346 5295 1466 5348 ἀλλ’
1506 5297 1636 5348 αὐτὸ
1668 5301 1776 5352 πᾶν

223 5378 274 5426 τὸ
303 5379 568 5449 πλήρωμα
601 5382 702 5451 τῆς
750 5382 1022 5451 θεότητος,
1052 5384 1173 5437 ὅλον
1216 5385 1379 5437 αὑτὸν
1406 5386 1497 5439 τὸν
1544 5390 1774 5454 φυσικὸν

225 5465 428 5540 ἐνέθηκε
468 5474 717 5528 πλοῦτον.
762 5476 861 5527 Δια
907 5476 1066 5528 τοῦτο
1119 5479 1212 5528 καὶ
1270 5476 1620 5545 δικαιοσύνην
1677 5479 1770 5532 τοῦ

226 5557 343 5615 Θεοῦ
372 5565 428 5616 ὲν
453 5566 532 5635 τῷ
554 5568 866 5639 Εὑαγγελίῳ
892 5570 1260 5640 διαψερόντως
1285 5569 1769 5626 ἀποκαλύπτεσθαι

293 5745 332 5774 ’⁷
364 5745 504 5803 Psal.
551 5766 677 5823 xvtt,
722 5754 801 5806 l9.
881 5754 924 5784 "
973 5752 1106 5809 ibid.

1881 4579 2000 4617 rum
2042 4563 2153 4616 ﬂeri
2183 4563 2251 4616 ab
2285 4578 2349 4615 eo
2379 4571 2613 4632 possunt
2665 4562 2888 4634 (bonum
2928 4561 3071 4616 enim
3125 4563 3354 4616 diffundi
3405 4577 3468 4615 nr

1879 4655 2166 4724 propagari
2187 4654 2262 4707 ait
2284 4653 2673 4720 Dionysius”),
2697 4653 2837 4722 quod
2865 4653 3069 4706 faciens
3090 4654 3233 4708 Deus
3255 4654 3468 4707 univer-

1879 4761 2094 4806 sorum,
2120 4745 2545 4798 communicavit
2575 4743 2774 4796 bonum
2804 4744 3047 4796 omnium
3074 4743 3393 4806 maximum,
3415 4750 3468 4794 et

1878 4852 1986 4906 quo
2007 4835 2250 4889 nobilius
2266 4835 2395 4888 dare
2415 4833 2624 4900 nequit,
2649 4832 2698 4886 id
2721 4833 2886 4886 fuerit
2909 4849 3221 4900 supremum
3246 4834 3394 4895 illud,
3414 4845 3470 4893 ρι

1875 4925 2307 4995 pulcherrimum
2330 4923 2584 4976 bonitatis
2615 4937 2774 4991 opus.
2797 4932 2850 4977 et
2879 4933 3186 4977 extremum
3210 4924 3468 4977 bonitatis

1875 5019 2014 5087 ejus.
2035 5015 2422 5085 llujoscemudi
2458 5030 2618 5084 porro
2643 5017 2966 5069 meonomizn
2994 5031 3132 5083 opus
3163 5022 3268 5076 est,
3293 5029 3458 5084 quam

1875 5127 1974 5180 pro
2009 5111 2182 5165 salute
2236 5109 2478 5161 humana
2530 5107 2772 5174 suscepit
2803 5118 2855 5160 et
2886 5107 3314 5162 administravit.
3367 5103 3466 5158 llic

1875 5205 2018 5259 enim
2056 5219 2161 5257 non
2197 5201 2516 5272 simpliciter
2573 5199 2951 5269 qualecunque
3004 5199 3204 5253 bonum
3242 5203 3455 5250 natura:

1885 5299 2138 5352 humanae
2167 5273 2618 5353 communicavit,
2653 5291 2753 5344 sibi
2790 5290 3092 5359 potioribus
3139 5286 3460 5350 reservatis;

1882 5386 1976 5443 sed
2009 5385 2180 5454 ipsam
2232 5391 2402 5436 totam
2439 5381 2831 5451 plenitudinem
2884 5377 3210 5438 divinitatis,
3270 5387 3462 5428 omnes

1880 5476 2101 5530 divitias
2134 5487 2262 5527 suas
2293 5472 2573 5526 naturales
2612 5471 2664 5524 in
2699 5484 2816 5523 eam
2842 5467 3136 5537 congessit.
3167 5463 3376 5517 Idcirco
3405 5472 3461 5516 ct

1875 5567 2144 5642 justitiam
2178 5564 2270 5620 Dei
2293 5565 2363 5635 in.
2395 5563 2685 5635 Evangelia
2717 5561 2973 5632 praeclare
3005 5557 3228 5612 revelari
3259 5553 3460 5611 Paulus

1223 5756 1264 5786 ὀ
1303 5750 1376 5808 De
1417 5753 1588 5810 divin.
1627 5767 1772 5808 nom.
1813 5769 1864 5808 c.
1894 5751 1948 5809 4,
