3992 6202
394 285 495 347 507
1645 265 1956 331 NICOLAI
1990 264 2379 327 meum
2890 212 2910 235 ’
3523 252 3627 317 ειη

391 396 613 455 scribit:
644 393 896 451 «iustitia
950 393 1095 448 enim
1130 391 1223 445 Dei
1258 391 1312 445 in
1336 403 1404 443 eo
1432 386 1706 442 revelatur
1727 384 1798 449 ³⁸,
1826 402 1844 434 ι
1882 381 1957 433 in-

2035 425 2040 437 .
2070 379 2280 444 Παῦλος
2302 375 2427 433 duo
2456 393 2471 409 ο
2497 376 2548 430 τί
2572 376 2685 445 γάρ
2706 372 2824 426 ἐστί
2849 387 2934 435 τις
2962 366 3132 439 ἀρετὴ
3151 364 3286 421 Θεοῦ
3310 364 3408 421 καὶ
3426 365 3611 422 δικαιο

395 491 533 563 quit.
566 489 621 544 Si
645 502 753 558 qua
784 488 926 541 enim
949 493 1031 539 est
1053 482 1278 552 justitia-
1317 490 1374 535 et
1400 482 1569 536 virtus
1600 479 1715 545 Dei,
1746 494 1808 534 ea
1838 478 1964 542 erit,

2069 468 2427 539 σύνη,.τοῦτο
2458 466 2526 521 ἂν
2560 466 2647 535 εἴη
2675 465 2736 518 τὸ
2761 464 2929 517 πᾶσιν
2971 457 3221 528 ἀφθόνως
3268 456 3380 512 τῶν
3404 457 3622 525 ἀγαθῶν

395 549 974 638 omnibus-afﬂuentes
1044 549 1184 629 bona
1232 590 1329 629 sua
1395 572 1688 643 impertiri,
1741 572 1970 642 ipsaque

2069 560 2179 614 τῶν
2206 558 2403 612 ἑαυτοῦ
2431 555 2754 627 μεταδοῦναι
2777 555 2872 608 καὶ
2894 555 2929 623 ή
2949 552 3052 622 τῆς
3085 549 3487 621 μακαριότητος
3513 566 3616 603 κοι-

397 674 708 730 communio
741 668 1113 725 beatitudinis.
1145 669 1298 722 Hanc
1330 666 1403 721 oh
1436 681 1661 721 causam
1710 663 1969 735 mysteria

2070 651 2259 704 νωνία.
2294 646 2501 701 Τούτου
2541 645 2703 716 χάριν
2736 646 2804 698 τὰ
2851 641 3122 714 ίερὼτατα
3154 642 3431 711 μυστήρια
3469 640 3623 694 πύλαι

399 763 770 820 sacratissima
829 768 1000 829 porta:
1055 757 1285 828 justitia:
1344 758 1539 813 merito
1589 757 1967 822 nominentur,

2072 743 2141 797 ἂν
2187 741 2413 803 εἰκότως
2447 739 2697 793 καλοῖντο
2750 734 3120 805 δικαιοσύνης,
3159 735 3241 787 ὅτι
3274 734 3308 804 ἡ
3353 732 3445 787 τοῦ
3498 731 3632 785 Θεοῦ

399 854 656 923 quoniam
687 851 775 905 Dei
805 867 929 921 erga
959 865 1129 921 genus
1153 860 1399 905 nostrum
1440 863 1695 918 suprema
1722 848 1969 917 benigni-

2074 833 2204 905 περὶ
2231 832 2292 887 τὸ
2324 832 2480 900 γένος
2526 830 2729 899 ἐσχάτη
2779 825 3163 897 φιλανθρωπία
3208 824 3307 877 καὶ
3340 821 3631 891 ἀγαθότης,

403 913 484 1000 tas
501 958 552 999 et
582 944 819 1005 bonitas,
844 913 1070 1012 tlvttazvesl
1090 942 1271 996 divina
1300 945 1475 998 virtus
1497 949 1553 998 et
1571 941 1805 1013 justitia,
1829 940 1976 995 hunc

2072 926 2196 997 ἥτις
2244 924 2392 977 ἐστὶν
2437 924 2470 992 ἡ
2512 921 2629 974 θεία
2676 919 2845 990 ἀρετὴ
2895 919 2988 971 καὶ
3041 913 3383 983 δικαιοσύνη,
3435 913 3635 972 ταύτας

400 1036 559 1089 nobis
596 1035 873 1088 introitum
911 1034 963 1086 in
996 1034 1193 1088 castum
1232 1033 1504 1102 patefecit.

2075 1019 2207 1089 ἡμῖν
2235 1019 2314 1079 εἰς
2338 1016 2431 1069 τὸν
2455 1012 2683 1084 οὐρανὸν
2707 1011 2929 1080 εποίησε
2963 1008 3062 1070 τὰς
3088 1006 3348 1067 εἰσόδους.

475 1128 590 1181 1ιιιο
641 1143 769 1180 vero
819 1127 979 1180 etiam
1007 1128 1114 1181 alio
1145 1128 1323 1188 modo,
1348 1127 1558 1193 judicio
1608 1125 1869 1195 quodam,
1920 1133 1974 1179 et

2146 1110 2257 1163 Καὶ
2294 1105 2399 1177 μὴν
2430 1106 2522 1159 καὶ
2541 1104 2729 1174 ἕτερον
2763 1100 2963 1171 τρόπον
2997 1098 3175 1169 κρίσει
3207 1098 3312 1152 τινὶ
3328 1097 3420 1150 καὶ
3437 1095 3640 1149 δικαιοο

404 1218 619 1286 jnstitia
649 1217 755 1270 hoc
781 1224 1046 1284 trepaeum
1105 1215 1391 1269 constituit
1424 1185 1704 1276 Dominus,
1753 1220 1808 1266 et
1836 1212 1978 1264 hanc

2078 1199 2214 1270 σύνη
2244 1198 2402 1251 τοῦτο
2425 1196 2488 1250 τδ
2512 1194 2770 1264 τρόπαιον
2803 1190 3032 1261 ἔστησεν
3059 1193 3087 1243 ό
3117 1188 3354 1260 Κύριος,
3383 1190 3481 1241 καὶ
3511 1185 3643 1242 ταύ-

408 1315 616 1372 pnrtam
651 1314 705 1356 et
747 1304 889 1357 hanc
930 1305 1068 1357 viam
1100 1304 1259 1358 nobis
1285 1313 1367 1357 est
1402 1304 1652 1370 largitus.
1683 1302 1805 1358 Non
1829 1301 1974 1356 enim

2077 1307 2179 1360 την
2208 1290 2340 1360 ἡμῖν
2389 1286 2590 1339 ἔδωκεν
2636 1282 2735 1353 τὴν
2771 1280 2949 1350 πύλην
2976 1278 3071 1332 καὶ
3098 1277 3200 1348 τὴν
3244 1278 3386 1331 όδόν.
3415 1276 3489 1330 Ού
3533 1277 3643 1345 γὰρ

404 1368 649 1463 captivos
676 1394 877 1463 rapuit,
912 1394 1005 1448 sed
1057 1395 1395 1449 liberationis
1433 1368 1663 1465 pretium
1695 1393 1975 1463 persolvit,

2078 1385 2296 1456 ἥρπασε
2328 1379 2453 1441 τοὺς
2509 1372 2908 1445 αἰχμαλώτους,
2956 1369 3092 1425 ἀλλά
3118 1370 3316 1440 λύτρον
3348 1368 3516 1423 ἔδωκε
3550 1368 3643 1421 καὶ

405 1494 458 1536 ιιι
478 1460 684 1537 fortem
740 1460 1008 1553 alligavit,
1045 1486 1189 1555 quod
1220 1495 1368 1541 esset
1415 1460 1709 1553 potentior,
1746 1497 1799 1541 et
1830 1488 1978 1556 jnsta

2080 1475 2244 1544 ἔδησε
2286 1470 2377 1523 τὸν
2442 1467 2684 1537 ίσχυρδν,
2730 1465 2792 1518 οὐ
2843 1460 2920 1534 τῷ
2978 1462 3151 1530 μείζω
3200 1461 3429 1531 δύναμιν
3480 1460 3643 1528 ἔχειν,

407 1574 675 1627 sententia
716 1590 782 1629 eo
817 1577 1197 1642 condemnato,
1225 1577 1470 1647 regnavit
1494 1579 1547 1632 in
1592 1579 1754 1632 domo
1790 1579 1976 1643 Jacob,

2081 1569 2247 1637 ψήφῳ
2280 1564 2337 1617 δὲ
2370 1561 2557 1631 δικαίᾳ
2595 1556 3019 1630 κατακριθέντα,
3052 1555 3148 1609 καὶ
3178 1555 3526 1609 ὲόασῐλευσεν
3555 1552 3648 1604 ἐπὶ

408 1662 463 1716 iu
491 1663 780 1719 animabus
833 1666 1114 1720 hominum
1180 1668 1517 1736 tyrannidem
1554 1680 1837 1733 evertens;
1869 1683 1977 1722 non

2083 1657 2176 1708 τὸν
2199 1650 2347 1707 οἷκον
2380 1649 2595 1716 Ἰακὼϐ,
2625 1651 2681 1702 ἐν
2722 1648 2843 1709 ταῖς
2872 1645 3071 1715 ψυχαῖς
3100 1644 3207 1698 τῶν
3231 1643 3528 1713 ἀνθρώπων
3548 1640 3650 1710 τὴν

407 1754 535 1823 quia
574 1765 819 1810 evertere
871 1756 1066 1824 potuit,
1114 1758 1208 1811 sed
1253 1758 1380 1826 quia
1413 1773 1529 1812 eam
1571 1759 1739 1812 everti
1761 1760 1972 1827 justum

2092 1745 2383 1817 τυραννίδα
2416 1743 2606 1805 λύσας,
2654 1742 2753 1810 οὐχ
2787 1741 2868 1793 ὅτι
2912 1738 3135 1791 ἐδύνατο
3178 1736 3363 1799 λῦσαι,
3409 1734 3523 1827 ἀλλ’
3566 1735 3652 1787 δτι

407 1819 543 1899 erat.
576 1845 751 1915 Atque
774 1819 886 1901 hoc—
905 1819 1068 1902 David
1097 1819 1364 1907 indicans.
1391 1849 1502 1904 ait:
1542 1819 1786 1905 «Justitia
1811 1860 1863 1904 et
1883 1849 1978 1919 ju-

2091 1837 2325 1907 λυθῆναι
2355 1835 2567 1889 δίκαιον
2593 1827 2680 1903 ἦν.
2711 1830 2819 1885 Καὶ
2847 1828 3006 1884 τοῦτο
3032 1830 3300 1898 ἐμήνυσεν
3326 1828 3383 1880 ὲν
3403 1819 3484 1888 οἷς
3506 1821 3651 1888 εἷπε,

408 1937 637 2004 dicium,
662 1942 980 2010 praeparatio
1012 1941 1157 1996 sedis
1184 1944 1405 1996 ιυαξυ.»
1440 1944 1559 1998 Νοιι
1581 1944 1755 1999 solum
1794 1954 1975 1999 autem

2096 1947 2116 1981 ι
2153 1923 2476 1993 Δικαιοσύνη
2522 1923 2615 1975 καὶ
2641 1921 2813 1991 κρίμα
2839 1920 3129 1987 ὲτοιμασία
3159 1917 3251 1971 τοῦ
3281 1916 3492 1987 θρόνου.
3527 1933 3545 1966 ι
3573 1915 3650 1968 Οὐ

405 2029 619 2099 justitia
649 2032 745 2085 has
776 2042 962 2100 portas
1012 2038 1252 2103 aperuit,
1303 2037 1396 2089 sed
1431 2036 1591 2090 etiam
1624 2037 1829 2107 iustitia
1858 2036 1978 2106 ipsa

2091 2018 2406 2084 δικαιοσύνη
2434 2014 2490 2067 δὲ
2522 2014 2683 2082 μόνον
2713 2010 2918 2073 ταύτας
2948 2010 3111 2063 διεῖλε
3153 2009 3253 2070 τὰς
3294 2007 3487 2072 πύλας,
3517 2005 3656 2058 ἀλλὰ

409 2134 508 2185 per
536 2135 629 2175 eas
653 2121 717 2173 ad
750 2138 921 2192 genus
979 2136 1225 2177 nostrum
1289 2125 1460 2179 venit.
1490 2124 1775 2181 Prioribus
1831 2127 1974 2181 enim

2092 2108 2409 2177 δικαιοσύνη
2456 2104 2526 2158 δι’
2558 2104 2738 2157 αὐτῶν
2773 2105 2851 2165 εἰς
2882 2102 2943 2155 τὸ
2994 2100 3268 2172 ἡμέτερον
3298 2099 3527 2167 ἀφίκετο
3558 2095 3656 2164 γέ-

414 2210 770 2280 temporibus,
814 2213 1128 2284 priusquam
1167 2216 1309 2270 Deus
1338 2215 1403 2269 ad
1433 2216 1680 2270 homines
1704 2218 1980 2273 delabere-

2094 2218 2205 2265 νος.
2253 2200 2376 2251 Ἐπὶ
2412 2199 2512 2268 μὲν
2556 2196 2665 2265 γὰρ
2703 2193 2809 2247 τῶν
2857 2191 3139 2262 προτέρων
3177 2191 3406 2262 χρόνων,
3461 2186 3658 2284 πρὶνῇ

413 2311 526 2367 tur,
556 2303 768 2372 iustitia
799 2307 852 2360 in
886 2310 1016 2362 orbe
1046 2317 1313 2363 terrarum
1356 2326 1629 2380 nusquam
1665 2314 1980 2369 invenieba-

2093 2294 2185 2347 τὸν
2214 2291 2349 2345 Θεὸν
2387 2291 2469 2351 είς
2512 2287 2641 2348 τοὺς
2679 2282 3000 2355 ἀνθρώπους
3053 2282 3409 2351 ἐπιδημῆσαι,
3442 2282 3541 2335 οὐκ
3584 2275 3661 2349 ἦν

417 2402 529 2449 tur.
566 2395 682 2463 Ipse
731 2398 875 2452 enim
910 2400 1049 2455 Deus
1094 2402 1160 2456 de
1181 2402 1320 2457 coelo
1369 2404 1641 2472 aspiciens
1696 2408 1980 2476 quaesivit,

2095 2385 2277 2454 εὑρεῖν
2309 2377 2660 2447 δικαιοσύνην
2691 2376 2781 2429 ἐπὶ
2812 2375 2912 2444 τῆς
2958 2373 3079 2443 γῆς.
3114 2373 3290 2437 Αὐτὸς
3316 2371 3425 2442 γὰρ
3470 2373 3534 2425 ἐκ
3561 2371 3660 2423 τοῦ

415 2501 576 2554 quem
616 2488 782 2542 latere
839 2504 945 2544 non
1004 2493 1287 2559 potuisset,
1348 2494 1391 2548 si
1436 2495 1540 2549 ulla
1570 2464 1892 2564 exstitisset,
1930 2507 1983 2555 ct

2096 2474 2328 2545 οὐρανοῦ
2350 2470 2572 2539 διέκυψε
2601 2469 2697 2522 καὶ
2727 2467 2992 2536 ἐζήτησεν
3022 2467 3050 2519 ὁ
3083 2465 3236 2529 Θεὸς,
3263 2464 3323 2517 ὃν
3347 2464 3531 2517 λαθεῖν
3558 2464 3662 2518 οὐκ

419 2589 599 2633 tamen
623 2596 729 2634 non
759 2582 995 2637 invenit:
1022 2582 1252 2640 «Omnes
1276 2587 1650 2657 enim,iuquit,
1676 2589 1984 2645 declinave-

2095 2565 2247 2633 ἐνῆν,
2279 2563 2440 2634 εῖπερ
2465 2563 2601 2622 ὅλως
2626 2556 2714 2631 ἦν,
2747 2559 2842 2611 καὶ
2879 2559 3030 2626 ὅμως
3056 2555 3152 2626 οὐχ
3182 2550 3306 2627 ε’ὖρε
3331 2571 3344 2584 ·
3382 2575 3401 2608 ι
3452 2556 3662 2619 Πάντες

420 2679 568 2734 runt,
600 2679 653 2725 et
676 2671 896 2728 inutiles
926 2672 1051 2727 facti
1092 2684 1254 2729 sunt:
1293 2690 1399 2728 non
1431 2646 1543 2729 Vest.
1568 2646 1660 2746 qui
1698 2676 1860 2732 faciat
1890 2682 1984 2733 ho-

2095 2655 2227 2723 γὰρ,
2256 2653 2441 2723 φησὶν,
2484 2650 2785 2717 ἐξέκλιναν,
2814 2649 2931 2718 ἅμα
2955 2647 3358 2718 ἠχρειώθησαν,
3391 2648 3489 2700 οὐκ
3539 2646 3660 2700 ἔστι

420 2777 549 2815 num
580 2780 594 2824 ;
636 2779 741 2817 non
801 2775 883 2820 est
938 2781 1112 2834 usque
1147 2766 1214 2819 ad
1274 2782 1445 2820 unum
1470 2737 1670 2820 ³⁸.»Ἀι
1699 2777 1980 2838 postquam

2096 2747 2267 2800 ποιῶν
2298 2744 2662 2816 χρηστότητα,
2688 2742 2787 2794 οὐκ
2812 2740 2957 2792 ἐστιν
2988 2739 3093 2802 ἓως
3114 2738 3253 2802 ἑνός.
3295 2757 3313 2791 ι
3355 2737 3506 2792 Ἐπεὶ
3534 2737 3587 2791 δὲ
3618 2738 3658 2808 ή

419 2851 619 2906 veritas
649 2853 715 2907 de
741 2862 880 2908 terra
932 2855 985 2909 in
1014 2856 1250 2910 tenebris
1279 2866 1443 2926 atque
1492 2828 1982 2912 umbra'meu'dacii

2097 2838 2328 2908 ἀλήθεια
2356 2839 2421 2889 ὲκ
2458 2836 2557 2905 τῆς
2584 2833 2687 2902 γῆς
2721 2831 2964 2886 ἀνέτειλε
2998 2833 3110 2894 τοῖς
3140 2832 3197 2883 ὲν
3236 2828 3316 2900 τῷ
3358 2829 3540 2883 σκότει
3563 2828 3663 2881 τοῦ

420 2942 737 3000 sedentibus
768 2956 959 3000 exorta
995 2955 1097 3010 est,
1130 2954 1258 3002 tunc
1287 2924 1449 3002 etiam
1509 2949 1719 3019 justiti:
1747 2950 1814 3004 de
1847 2950 1986 3005 ccelo

2096 2933 2326 3004 ψεύδους
2372 2931 2466 2984 καὶ
2492 2931 2556 3001 τῇ
2593 2927 2722 2998 σκιᾷ
2761 2926 3116 2996 καθημένοις,
3165 2924 3469 2995 τηνικαῦτα
3498 2926 3590 2978 καὶ
3625 2926 3664 2995 ἡ

421 3037 718 3105 prospexit,
744 3048 797 3092 et
819 3047 931 3091 tum
965 3038 1200 3107 primum
1232 3054 1355 3093 vere
1397 3015 1741 3111 perfecteque
1768 3040 1997 3095 immini-

2099 3021 2415 3092 δικαιοσύνη
2448 3023 2511 3074 ἐκ
2561 3018 2657 3072 τοῦ
2688 3017 2918 3087 ούρανοῦ
2967 3015 3224 3087 διέκυψεν
3252 3018 3382 3086 ἄρτι
3430 3015 3668 3086 πρώτως

423 3125 526 3180 hus
548 3127 795 3195 apparuit
821 3169 836 3194 ,
864 3137 917 3181 et
941 3106 1224 3195 iustiﬁcati
1254 3106 1479 3192 sumus;
1510 3106 1745 3200 primum
1781 3132 1996 3201 quidem

2100 3114 2316 3183 ἀληθῶς
2339 3113 2431 3166 καὶ
2446 3109 2665 3173 τελείως
2679 3111 2790 3172 τοῖς
2810 3108 2905 3163 ἀνθ
2919 3107 3121 3179 ρώποις
3144 3109 3372 3177 φανεῖσα
3396 3122 3410 3137 ο
3444 3106 3535 3159 καὶ
3551 3106 3666 3158 ἑδις

424 3232 453 3269 a
493 3217 744 3283 vinculis,
801 3226 856 3273 et
908 3233 936 3272 a
969 3221 1178 3274 ratione
1211 3220 1479 3275 reddenda
1513 3196 1774 3290 liberati,
1798 3196 1874 3277 eo
1906 3226 1999 3294 qui

2101 3206 2436 3276 καιὼθημεν,
2454 3201 2668 3271 πρῶτον
2705 3201 2805 3271 μὲν
2828 3200 2935 3253 τῶν
2957 3199 3171 3269 δεσμῶν
3193 3199 3287 3252 καὶ
3311 3199 3406 3267 τῆς
3431 3196 3669 3265 εὐθύνης

424 3307 557 3361 nihil
589 3310 811 3364 sceleris
843 3311 1139 3364 admiserat
1171 3327 1267 3380 per
1297 3321 1523 3366 mortem
1560 3316 1741 3370 crucis
1775 3330 1875 3383 pro
1901 3329 2000 3369 no-

2101 3298 2541 3365 ἀπαλλαγέντες,
2591 3294 2686 3348 τοῦ
2738 3293 2907 3366 μηδὲν
2951 3291 3276 3363 ἀδικηκότος
3323 3290 3465 3362 ὑπὲρ
3505 3289 3669 3360 ήμῶν

427 3402 510 3455 bis
545 3402 943 3469 respondente;
976 3418 1081 3471 qua
1124 3418 1312 3472 pmuas
1341 3405 1439 3459 luit
1493 3421 1707 3469 eorum,
1750 3423 1871 3475 qua:
1902 3424 2000 3461 nos

2101 3389 2587 3457 ἀπολογησαμένου
2618 3385 2695 3455 τῷ
2740 3384 2829 3439 διὰ
2885 3383 3120 3454 σταυροῦ
3163 3381 3401 3452 θανάτῳ,
3443 3382 3565 3436 καθ’
3602 3382 3668 3436 ὃν

428 3492 636 3548 nefarie
667 3494 785 3548 ausi
819 3494 1135 3550 fueramus:
1169 3495 1363 3549 deinde
1389 3511 1485 3566 per
1510 3508 1737 3551 mortem
1772 3499 1915 3552 illam
1947 3508 2001 3554 et

2102 3483 2267 3535 ἔδωκε
2299 3480 2454 3550 δίκην
2504 3477 2645 3546 ὑπὲρ
2676 3470 2751 3531 ὧν
2804 3476 2967 3546 ἡμεῖς
3024 3474 3426 3544 ἐτολμήσαμεν,
3471 3472 3670 3527 ἔπειτα.

426 3587 584 3640 amici
612 3585 725 3647 Dei,
744 3596 797 3639 et
817 3586 948 3655 justi
972 3589 1268 3642 evasimus.
1298 3588 1419 3641 Non
1446 3589 1591 3642 enim
1620 3592 1999 3645 tantummodo

2102 3573 2198 3626 καὶ
2237 3571 2381 3641 φίλοι
2414 3566 2550 3622 Θεοῦ
2583 3568 2678 3621 καὶ
2712 3567 2913 3620 δίκαιοι
2954 3566 3301 3635 κατέστημεν
3330 3564 3420 3616 διὰ
3445 3562 3535 3616 τὸν
3570 3563 3672 3616 θά-

425 3693 527 3732 nos
562 3677 831 3742 liberavit,
856 3686 909 3732 et
942 3694 1063 3732 cum
1091 3679 1249 3733 Patre
1274 3680 1326 3732 in
1358 3680 1585 3749 gratiam
1613 3682 1827 3735 reduxit
1854 3698 1997 3737 mor-

2103 3682 2261 3718 νατον
2290 3665 2516 3715 ἐκεῖνον.
2562 3659 2638 3713 Οὐ
2678 3658 2787 3730 γὰρ
2827 3658 2983 3711 ἔλυσε
3033 3657 3194 3727 μόνον
3228 3657 3323 3709 καὶ
3372 3654 3452 3726 τῷ
3490 3655 3671 3725 Πειτρὶ⁵

427 3775 554 3820 tuus
577 3766 861 3833 Salvator,
896 3769 989 3823 sed
1019 3768 1243 3839 insuper
1279 3770 1458 3825 «dedit
1489 3771 1644 3825 nobis
1678 3782 1997 3840 potestatem

2103 3755 2440 3827 κατήλλαξεν
2478 3751 2766 3807 ἀποθανὼν
2812 3752 2840 3804 ὁ
2895 3752 3106 3821 Σωτὴρ,
3137 3749 3265 3801 ἁλλᾶ
3294 3751 3390 3801 καὶ
3422 3769 3441 3801 ‹
3468 3749 3670 3802 ἔδωκεν

429 3857 567 3911 filius
602 3857 688 3912 Dei
725 3859 838 3913 ﬁeri
864 3860 961 3915 ³⁸.»
1021 3859 1296 3930 Copulans
1357 3862 1575 3929 quidem
1612 3839 1714 3917 sibi
1750 3876 1997 3920 naturam

2100 3855 2233 3922 ἡμῖν
2265 3848 2518 3915 ἐξουσίαν
2548 3846 2714 3899 τέκνα
2745 3841 2882 3895 Θεοῦ
2916 3841 3192 3909 γενέσθαι,
3234 3858 3252 3890 ι
3290 3839 3529 3909 συνάψας
3564 3839 3668 3908 μὲν

425 3959 698 4017 nostram,
735 3966 831 4020 per
864 3937 1081 4006 carnem
1119 3954 1277 4008 nobis
1330 3964 1677 4022 comparatus
1740 3967 1862 4010 est:
1897 3972 1997 4010 no-

2103 3937 2281 4008 ἐαυτῷ
2320 3938 2421 4005 τὴν
2454 3935 2617 4004 φύσιν
2641 3933 2739 4001 τὴν
2773 3931 3050 4001 ἡμετέραν
3079 3929 3168 3981 διὰ
3207 3929 3306 3998 τῆς
3346 3930 3562 4000 σαρκὸς,
3595 3931 3670 3998 ἣν

427 4051 605 4096 atrurn
633 4054 813 4097 autem
856 4059 1300 4113 unumquemque
1357 4047 1505 4099 carni
1569 4062 1681 4100 suae
1715 4048 1997 4116 copulatis,

2102 4032 2363 4093 ἀνείλετο,
2431 4027 2717 4081 συνάπτων
2766 4025 2824 4079 δὲ
2879 4023 3037 4093 ήμῶν
3072 4020 3302 4073 ’ἑκαστον
3354 4025 3419 4091 τῇ
3466 4019 3666 4074 ἑαυτοῦ

426 4133 630 4188 virtute
681 4138 1064 4205 mysteriorum
1100 4137 1370 4200 videlicet,
1406 4139 1507 4191 hoc
1540 4137 1702 4189 modo
1729 4139 1996 4207 justitiam

2105 4122 2268 4192 σαρκὶ
2294 4126 2357 4192 τῇ
2390 4121 2617 4188 δυνάμει
2662 4119 2771 4170 τῶν
2819 4117 3158 4185 μυστηρίων.
3195 4116 3306 4169 Καὶ
3350 4112 3535 4166 τοῦτον
3571 4116 3667 4165 τὶν

431 4243 585 4280 suam
624 4236 676 4281 et
703 4228 865 4280 vitam
915 4229 968 4280 in
992 4228 1278 4293 animabus
1302 4229 1500 4282 nostris
1524 4229 1721 4282 exoriri
1751 4228 1894 4283 facit.
1925 4233 1997 4285 Ita

2100 4215 2300 4283 τρόπον
2329 4212 2424 4281 τὴν
2449 4210 2642 4264 ἑαυτοῦ
2669 4209 3019 4276 δικαιοσύνην
3051 4210 3143 4261 καὶ
3172 4208 3272 4276 τὴν
3300 4205 3442 4272 ζωὴν
3470 4206 3523 4255 ὲν
3544 4206 3668 4267 ταῖς

432 4329 618 4367 veram
664 4315 930 4381 justitiam
966 4331 1060 4383 per
1090 4331 1241 4368 sacra
1301 4318 1559 4386 mysteria
1590 4328 1642 4369 et
1671 4332 1999 4385 COgnoscere

2104 4308 2398 4377 ἡμετέραις
2429 4301 2704 4356 ἀνατέλλει
2734 4299 2933 4369 ψυχαῖς
2955 4317 2968 4331 ο
3002 4299 3143 4352 οὕτω
3157 4299 3253 4369 τὴν
3283 4296 3454 4367 ἀληθῆ
3470 4297 3677 4348 δικαιο-

435 4403 746 4460 hominibus
774 4404 946 4470 licuit,
980 4417 1032 4460 et
1057 4419 1117 4460 ea
1143 4407 1242 4460 rite
1270 4406 1440 4478 fungi.

2108 4400 2275 4468 σύνην
2320 4397 2406 4449 διὰ
2463 4395 2571 4446 τῶν
2623 4391 2940 4462 μυστηρίων
2995 4391 3104 4443 τῶν
3170 4389 3331 4457 ἱερῶν
3393 4388 3672 4455 ἐξεγένετο

2105 4490 2199 4544 κπὶ
2228 4486 2571 4556 γνῶναι’τοῖς
2605 4480 2914 4552 ἀνθρώποις
2945 4481 3040 4532 καὶ
3069 4478 3435 4546 κατορθῶσαι.

506 4579 620 4637 Etsi
660 4581 804 4634 enim
855 4581 1009 4635 multi
1047 4581 1202 4649 justi,
1234 4591 1287 4637 et
1310 4582 1470 4638 amici
1502 4583 1593 4639 Dei
1643 4586 1697 4640 in
1755 4584 2002 4657 Scriptu-

2174 4582 2235 4634 Ei
2286 4580 2393 4647 γὰρ
2431 4575 2613 4628 πολλοὶ
2659 4573 2857 4625 δίκαιοι
2912 4570 3006 4624 καὶ
3055 4570 3196 4638 φίλοι
3240 4568 3374 4621 Θεοῦ
3411 4567 3559 4635 παρὰ
3596 4569 3666 4637 τῇ

436 4689 497 4726 ra
525 4684 914 4737 memorentur,
951 4682 1238 4742 antequam
1269 4675 1574 4740 adveniret,
1603 4679 1694 4745 qui
1733 4681 2003 4747 justitica-

2105 4674 2295 4741 Γραφῇ
2343 4670 2469 4739 πρὶν
2505 4665 2731 4734 ἀφῖχθαι
2775 4664 2864 4715 τὸν
2908 4662 3222 4715 δικαιοῦντα
3277 4660 3368 4713 καὶ
3418 4658 3672 4712 διαλλάτ-

440 4775 523 4820 ret
569 4774 623 4819 et
654 4764 1067 4829 reconciliaret,
1104 4775 1283 4820 tamen
1327 4766 1458 4819 illud
1516 4767 1565 4820 in
1612 4772 1800 4836 primis
1852 4772 2000 4839 regio

2106 4782 2287 4829 τοντα,
2340 4764 2516 4815 ἐκεῖνο
2566 4755 2873 4821 λογίζεσθαι
2908 4754 3033 4825 χρὴ,
3072 4754 3309 4822 μάλιστα
3363 4753 3458 4823 μὲν
3508 4753 3564 4839 έν
3599 4753 3668 4819 τῇ

442 4859 663 4912 tandum
696 4865 801 4921 est,
846 4859 988 4927 quod
1023 4857 1260 4927 primum
1297 4859 1361 4912 ad
1415 4860 1672 4912 saeculum
1735 4860 2000 4926 ipsorum,

2109 4856 2273 4922 γενεᾷ
2306 4852 2506 4914 αὐτῶν,
2539 4849 2729 4902 ἔπειτα
2762 4848 2858 4901 καὶ
2897 4845 2986 4899 διὰ
3025 4845 3086 4897 τὸ
3123 4843 3336 4913 μέλλον,
3364 4846 3445 4897 ὅτι
3473 4838 3578 4895 οἶοί
3607 4858 3670 4894 τε

439 4959 561 5018 post
592 4949 657 5002 ad
710 4947 953 5004 futurum
984 4948 1267 5013 attinebat,
1316 4964 1411 5002 eos
1441 4950 1706 5017 potuisse.
1742 4960 1795 5003 et
1847 4966 2004 5018 para-

2112 4949 2356 5017 ὲγένοντο
2402 4946 2497 4998 καὶ
2553 4939 3092 5010 παρασκευάσθησαν
3146 4936 3456 5007 ἀνασχούση
3506 4951 3678 5005 προσ-

442 5049 527 5095 tos
570 5039 736 5093 fuisse
763 5039 827 5093 ad
854 5040 1151 5108 justitiam,
1185 5040 1349 5094 veluti
1378 5039 1443 5093 ad
1477 5040 1749 5096 sublatum
1786 5042 2004 5109 aliquod

2112 5041 2340 5112 δραμεῖν
2373 5040 2439 5107 τῇ
2476 5034 2795 5105 δικαιοσύνῃ
2838 5034 2932 5086 καὶ
2963 5032 3190 5101 λυθῆναι
3227 5031 3327 5101 μὲν
3355 5029 3447 5083 τοῦ
3477 5027 3676 5097 λύτρου

441 5133 657 5201 signum
728 5146 1036 5196 accurrere,
1111 5132 1495 5201 persolutuque
1563 5132 1757 5201 pretio,
1808 5132 2010 5201 quibus

2112 5129 2568 5199 καταϐληθέντος,
2622 5125 2750 5176 ἰδεῖν
2780 5124 2834 5176 δὲ
2876 5122 2970 5176 τοῦ
3014 5123 3190 5189 (pte-cii;
3236 5121 3516 5188 φανέντος,
3547 5118 3681 5170 ἀνα-

446 5225 773 5280 tenebantur
793 5224 1020 5279 vinculis
1043 5224 1233 5289 levari,
1252 5224 1601 5293 oblatumque
1630 5226 1808 5277 lumen
1847 5238 2009 5293 aspe-

2111 5224 2301 5293 στῆναι
2339 5221 2395 5272 δὲ
2425 5218 2532 5270 τῶν
2568 5216 2756 5268 τύπων
2797 5214 2897 5283 τῆς
2936 5213 3196 5285 ἀληθείας
3244 5209 3674 5279 ἀναδειχθείσης.

444 5335 616 5385 ctare,
666 5335 719 5379 et
775 5324 1148 5377 demonstrata
1183 5322 1296 5392 jam
1357 5321 1608 5386 veritate,
1646 5336 1675 5374 a
1708 5321 1898 5391 figuris
1958 5329 2013 5375 et

2111 5318 2218 5369 Καὶ
2255 5313 2427 5380 τούτῳ
2468 5309 2762 5376 διήνεγκαν
2800 5308 2849 5360 οῖ
2899 5305 3102 5358 δίκαιοι
3145 5302 3253 5355 τῶν
3294 5300 3567 5370 πννηρῶν,
3618 5300 3678 5352 ἑν

445 5418 657 5471 umbris
699 5415 970 5471 recedere.
1021 5411 1089 5468 Ει
1110 5390 1213 5467 hoc
1239 5414 1371 5484 justi
1415 5414 1483 5469 ab
1527 5390 1789 5482 improbis
1837 5412 2010 5467 diffe-

2110 5410 2222 5470 τοῖς
2254 5407 2437 5465 αὐτοῖς
2484 5401 2666 5471 σχεδὸν
2718 5399 2950 5461 ἐκείνοις
2996 5396 3150 5457 ὄντες
3195 5393 3410 5461 δεσμοῖς
3454 5391 3546 5484 καὶ
3576 5390 3679 5484 τήν

446 5512 661 5575 rebant,
696 5524 819 5564 cum
867 5513 1054 5563 essent
1110 5478 1314 5575 alioqui
1371 5478 1766 5576 propemodum
1817 5501 2009 5556 iisdem

2111 5497 2279 5567 αὐτὴν
2313 5492 2674 5562 ὑφιστάμενοι
2717 5486 3033 5557 τυραννίδα,
3066 5485 3146 5538 ὅτι
3194 5483 3245 5536 οἱ
3290 5483 3387 5552 μὲν
3412 5479 3549 5552 πρὸς
3582 5478 3680 5532 τὸν

528 5688 571 5717 ⁸ο
621 5687 775 5742 Rom.
825 5705 863 5753 ι,
904 5687 988 5742 17.
1064 5685 1106 5719 ³¹
1139 5684 1284 5742 Psal.
1327 5700 1589 5750 cxxxvtn,
1619 5682 1704 5737 15.
1783 5683 1828 5717 ³³
1859 5679 2002 5738 Psal.
2052 5694 2101 5734 χι

1188 5684 1284 5742 sal.
1327 5700 1589 5750 cxxxvtn,
1619 5682 1704 5737 15.
1783 5683 1828 5717 ³³
1859 5679 2002 5738 Psal.
2052 5694 2162 5742 XIX,
2196 5677 2250 5731 5.
2325 5669 2553 5728 "Joan.
2590 5684 2629 5738 ι,
2675 5669 2764 5724 19..
