3992 6202
322 312 440 375 509

323 516 512 619 εἶχον,
538 525 631 619 καὶ
669 525 901 597 ηὔχοντο
941 533 1002 585 τὸ
1039 534 1412 609 δεσμωτήριον
1447 516 1904 619 καταστραῗρήναγι

325 617 429 666 καὶ
458 616 526 667 τὰ
572 616 749 683 δεσμὰ
795 622 978 677 ἐκεῖνα
1010 625 1258 697 λυθῆναι,
1306 633 1401 686 καὶ
1452 616 1762 709 ἐπεθύμουν
1800 616 1908 696 ’πα-

324 706 603 777 τουμὲνην
636 709 768 764 ἰδεῖν
800 712 905 765 ὑπὸ
932 717 1040 769 τῶν
1064 719 1365 789 δεδεμένων
1387 723 1486 795 τὴν
1513 729 1608 782 τοῦ
1631 706 1904 797 ’τυράννου

326 798 599 897 κεφαλὴν,
645 806 754 866 τοῖς
792 804 850 860 δὲ
899 807 1019 863 οὔτε
1061 813 1234 868 ἐδόκει
1279 815 1452 870 δεινὸν
1481 820 1633 873 οὐδὲν
1658 826 1725 877 τὰ
1762 842 1908 897 παρ-

280 886 293 907 '
332 888 487 954 όντα,
542 893 639 945 καὶ
692 896 886 965 ἥδοντο
931 900 1295 967 δουλεύοντες.
1353 905 1469 965 Oiei
1523 913 1620 965 καὶ
1664 915 1756 967 ἐπὶ
1799 886 1909 967 τῶν

331 982 563 1073 ήμερῶν
620 987 843 1042 ἐκείνων
906 993 1157 1059 ἐγένοντο
1209 997 1319 1050 τῶν
1374 1003 1680 1073 μακαρίων,
1715 1004 1765 1058 οἳ
1818 1007 1910 1061 τὸν

326 1072 487 1142 ἣλιον
519 1077 609 1128 ἐπ’
631 1080 813 1132 αὐτῶν
840 1084 1201 1141 ἀνατείλαντα
1229 1089 1353 1144 οὔτε
1387 1072 1638 1159 ἐδέξαντο
1662 1099 1755 1151 καὶ
1778 1101 1911 1153 ἀπο-

327 1163 526 1259 σϐέσαι
556 1169 923 1240 ἐπεχείρησαν
955 1171 1037 1239 οἷς
1067 1178 1216 1247 ἐξῆν,
1255 1182 1322 1234 δι’
1351 1176 1426 1237 ὧν
1452 1182 1714 1255 ᾠήθησαν
1749 1189 1909 1259 δυνη-

326 1253 492 1322 θῆναι
519 1260 784 1327 ἀφανίσαι
814 1265 916 1335 τὴν
957 1268 1154 1322 ἀκτῖνα
1200 1273 1379 1328 πάντα
1410 1253 1714 1339 ποιοῦντες.
1743 1253 1908 1334 Ὅθεν

326 1351 429 1439 καὶ
459 1352 510 1402 οἰ
564 1355 665 1421 μὲν
712 1356 985 1428 ἐλύθησαν
1017 1364 1119 1431 τῆς
1174 1366 1231 1417 ἐν
1273 1365 1400 1438 ᾅδου
1445 1372 1765 1439 τυραννίδος
1812 1375 1907 1426 τοῦ

326 1437 601 1508 βασιλέως
635 1449 919 1515 φανέντος,
960 1455 1011 1505 οἰ
1056 1454 1111 1508 δὲ
1140 1437 1364 1519 ἔμειναν
1404 1458 1497 1512 ἐπὶ
1519 1437 1639 1514 τῶν
1666 1463 1904 1533 δεσμῶν.

402 1623 669 1695 Καθάπερ
716 1627 811 1680 ἐπὶ
847 1629 957 1682 τῶν
993 1634 1354 1688 νοσούντωνοῖ
1393 1638 1491 1709 τὴν
1526 1639 1821 1710 θεραπείαν
1847 1647 1909 1699 ἐκ

320 1716 537 1777 παντὸς
562 1718 766 1786 τρόπου
798 1721 1023 1790 ζητοῦσι
1051 1726 1146 1779 καὶ
1184 1726 1277 1781 τὸν
1308 1730 1493 1800 ἰατρδν
1532 1734 1707 1802 ἡδέως
1736 1736 1904 1806 ὁρῶσι

322 1807 439 1859 τῶν
475 1809 612 1877 μηδὲ
639 1810 859 1866 εἰδότων
888 1816 970 1867 ὅτι
996 1817 1212 1873 νοσοῦσι
1244 1823 1336 1875 καὶ
1369 1824 1506 1893 πρὸς
1540 1800 1609 1879 τά
1636 1800 1904 1898 φάρμακα
1939 1800 1977 1853 Β

322 1900 738 1970 ἀποπηδώντων
767 1904 1026 1973 ἀμείνους
1057 1910 1150 1960 καὶ
1176 1910 1569 1984 ἀνεκτο-έρους
1594 1911 1732 1969 εἶναι
1766 1935 1906 1987 συμ-

323 1988 509 2042 ϐαίνει
535 2007 550 2022 ·
589 1991 815 2057 τούτους
856 1997 967 2067 γὰρ
1004 2000 1031 2050 6
1069 1999 1277 2068 ἰατρός,
1311 1996 1601 2071 οἶμαι,καὶ
1625 2007 1905 2073 ὑγιαίνονο

320 2101 429 2148 τας
482 2086 583 2157 ἠδη
631 2093 895 2160 προσερεί
939 2094 1033 2145 καὶ
1089 2095 1253 2162 μήπω
1310 2096 1559 2164 ὑγιάσας,
1618 2100 1670 2151 εί
1716 2118 1780 2168 γε
1829 2103 1903 2174 μὴ

325 2176 576 2232 σύνοιδεν
613 2181 796 2251 ἑαυτῷ
828 2182 928 2253 τὴν
953 2184 1150 2255 τέχνην
1183 2187 1281 2255 τῆς
1312 2189 1626 2260 ἀρρωστίας
1652 2193 1857 2248 ἐλάττω
1886 2213 1900 2227 ·

320 2266 521 2320 τοῦτον
569 2270 662 2326 τὸν
689 2273 893 2341 τρόπον
932 2276 1032 2328 καὶ
1076 2276 1320 2342 δικαίους
1363 2279 1458 2332 καὶ
1502 2281 1690 2350 φίλους
1727 2285 1904 2349 ἐνίους

322 2360 426 2414 ἐπὶ
456 2362 567 2416 τῶν
595 2366 805 2436 χρόνων
852 2368 1081 2423 ἐκείνων
1119 2370 1380 2425 ἐκάλεσεν
1407 2376 1435 2426 6
1481 2373 1634 2438 Θεός.
1685 2376 1766 2430 Τὰ
1793 2378 1902 2448 γάρ

320 2455 466 2525 παρ’
497 2456 708 2510 ἑαυτῶν
742 2461 1029 2531 εἰσέφερον
1056 2462 1234 2517 πάντα
1258 2466 1357 2518 καὶ
1382 2466 1483 2538 τὴν
1509 2468 1746 2540 δυνατὴν
1778 2472 1904 2524 ἐπε-

318 2546 575 2613 δείξαντο
625 2550 1012 2621 δικαιοσύνην,
1072 2555 1214 2628 ὅπερ
1270 2558 1501 2627 λυθῆναι
1556 2561 1657 2630 μὲν
1712 2562 1902 2629 ἀξίους

316 2640 554 2711 ἐποίησε
577 2641 670 2695 τοῦ
695 2643 856 2697 λῦσαι
885 2646 1189 2718 δυναμένου
1221 2652 1507 2719 φανέντος,
1533 2653 1688 2707 ἔλυσε
1721 2656 1776 2709 δὲ
1807 2655 1902 2710 οὐ·

317 2733 540 2802 δαμῶς.
573 2735 767 2788 Καίτοι
807 2739 857 2791 εἰ
897 2739 1057 2792 τοῦτο
1084 2736 1152 2812 ἦν
1185 2742 1394 2814 ἀληθὴς
1430 2745 1772 2816 δικαιοσύνη.
1804 2750 1900 2801 καὶ

314 2823 480 2876 αὐτοὶ
512 2825 578 2877 ἄν
610 2821 749 2897 ἦσαν
783 2847 805 2880 ι
836 2829 893 2880 ὲν
924 2830 1118 2903 εἰρήνῃ
1163 2832 1257 2885 καὶ
1294 2836 1354 2887 ὲν
1385 2839 1528 2907 χειρὶ
1557 2838 1717 2903 Θεοῦ,
1754 2858 1772 2891 ι
1804 2841 1902 2894 Σο-

315 2916 511 2987 λομὼν
551 2915 695 2984 εἷπε,
725 2921 786 2973 τὸ
823 2921 985 2993 σῶμα
1027 2926 1408 2992 ἀνατιθέμενοι
1447 2931 1644 2985 τοῦτο*
1697 2932 1794 2987 νῦν
1842 2932 1901 2989 δὲ

314 3011 734 3080 ἀπερχομένους
758 3012 965 3067 ινθένδε
990 3015 1121 3088 ᾅδης
1145 3002 1439 3089 ἐξεδέχετο.
1463 3022 1577 3092 Τὴν
1595 3023 1702 3094 γὰρ
1725 3025 1898 3098 ἀληθῆ

1438 339 1537 401 DE
1578 342 1757 405 VITA
1800 344 1883 408 IN
1924 348 2265 416 CHRISTO
2309 359 2455 420 LIB.
2498 361 2550 423 ῐ.

320 428 772 538 ἀειδραποδισμὸν
809 436 1017 495 ἐκεῖνον
1060 442 1156 497 καὶ
1194 444 1292 516 τὴν
1320 448 1570 519 δουλείαν
1618 456 1896 530 δυσχερῶς

2001 471 2352 538 compedibus
2386 476 2603 538 irretiti.
2646 492 2765 532 eam

3470 378 3572 440 510

2776 481 3007 550 demque
3047 484 3386 552 tyrannidem
3421 499 3578 557 pate-

2007 571 2211 619 rentur.
2256 566 2393 620 Nam
2444 570 2517 622 illi
2567 570 2894 638 mancipium
2927 582 2981 627 et
3048 577 3365 630 servitutem
3431 578 3579 634 illam

2010 649 2198 720 iniquo
2262 656 2510 712 ferebant
2581 662 2814 726 animo,
2860 664 3232 735 optabantque
3298 684 3577 724 carcerem

2007 743 2239 809 destrui.
2267 758 2319 803 et
2351 751 2564 803 vincula
2617 753 2703 805 illa
2736 754 3025 824 disrumpi.
3077 767 3131 811 et
3171 761 3382 827 tyranni
3413 773 3577 829 caput

2010 853 2037 890 a
2078 838 2274 893 vinctis
2304 843 2685 895 conculcatqu
2722 844 2904 898 videre
2929 846 3241 915 cupiebant.
3265 850 3361 904 [Iis
3393 862 3575 906 autem

2009 940 2250 994 praesens
2275 944 2453 983 rerum
2492 941 2667 985 status
2727 934 2860 987 nihil
2897 935 3097 990 habere
3136 938 3398 993 horribile
3431 941 3578 995 vide-

2011 1023 2190 1086 batur,
2230 1031 2283 1077 et
2319 1025 2582 1081 servitute
2611 1028 2725 1095 ipsa
2762 1027 3101 1084 hetabantur.
3131 1030 3333 1094 Quales
3363 1042 3415 1087 et
3446 1032 3576 1087 bea-

2015 1098 2095 1166 ιὶξ
2118 1112 2225 1166 illis
2250 1116 2591 1183 temporibus
2633 1129 2816 1177 erant,
2849 1119 2960 1186 qui-
2995 1120 3165 1173 solem
3197 1136 3363 1189 super
3395 1139 3453 1176 se
3484 1139 3578 1176 ex-

2010 1213 2190 1256 ortnnt
2226 1219 2326 1257 nec
2352 1205 2733 1274 admittebant,
2770 1218 2825 1261 et
2875 1210 3078 1277 quibus
3114 1223 3337 1277 possent
3402 1216 3577 1268 modis

2010 1297 2356 1363 exstinguere
2380 1298 2764 1364 moliebantur,
2789 1300 2922 1352 nihil
2948 1306 3442 1369 praetermittentes,
3466 1320 3577 1373 quo

2011 1400 2068 1438 se
2109 1388 2317 1439 radium
2369 1386 2761 1442 obscuraturos
2812 1390 3239 1446 arbitrabantur.
3300 1391 3456 1447 Unde
3521 1405 3576 1449 et

2012 1473 2110 1538 illi,
2144 1475 2233 1527 ubi
2272 1490 2360 1529 rex
2390 1478 2664 1545 apparuit,
2716 1494 2745 1531 e
2801 1488 3037 1533 tartareo
3071 1480 3354 1537 dominatu
3402 1485 3575 1554 erepti

2012 1575 2178 1617 sunt:
2216 1565 2267 1617 hi
2304 1582 2432 1620 vero
2466 1569 2517 1619 itt
2551 1567 2785 1622 vinculis
2818 1581 3258 1636 permanserunt.

2081 1656 2234 1711 Sicut
2272 1658 2416 1710 enim
2462 1658 2603 1712 inter
2648 1669 2903 1729 aegrotos,
2951 1661 3042 1729 qui
3066 1664 3403 1716 curationem
3429 1680 3577 1718 omni

2012 1748 2290 1819 diligentia
2322 1752 2638 1819 exquirunt,
2683 1760 2739 1804 et
2770 1751 3037 1805 medicum
3069 1752 3289 1805 minime
3318 1768 3576 1807 aversan-

2007 1853 2116 1905 tur,
2148 1841 2215 1895 iis
2256 1843 2347 1912 qui
2375 1859 2443 1895 ne
2471 1844 2713 1897 sentiunt
2739 1844 2957 1913 quidem
3009 1859 3068 1898 se
3117 1853 3399 1914 regrotare,
3447 1856 3501 1900 et
3542 1860 3573 1900 a

2007 1936 2280 1989 medicina
2331 1936 2605 2000 resiliunt,
2646 1936 2913 1991 meliores
2946 1947 2999 1990 et
3025 1937 3425 1992 tolerabiliores
3454 1954 3575 1993 esse

2005 2025 2221 2082 solent:
2262 2028 2348 2083 his
2379 2029 2627 2083 medicus
2661 2028 2928 2093 medetur,
2956 2029 3172 2098 opinor,
3234 2037 3292 2084 et
3321 2031 3577 2086 convale-

2002 2129 2221 2174 scentes
2263 2120 2582 2189 alloquitur,
2614 2122 2777 2192 idque
2801 2122 2931 2175 nihil
2965 2122 3238 2185 dubitans,
3286 2124 3331 2179 si
3368 2125 3576 2180 noverit

2002 2218 2173 2265 artem
2192 2226 2346 2265 suam
2388 2213 2563 2267 morbi
2596 2213 2815 2267 saevitia:
2847 2229 2954 2267 non
3004 2214 3265 2283 imparem
3312 2230 3471 2281 esse;
3506 2215 3572 2268 ad

2003 2303 2251 2356 eumdem
2311 2303 2532 2356 modum
2564 2304 2727 2358 etiam
2755 2303 2935 2373 justos
2965 2314 3020 2358 et
3065 2305 3269 2359 amicos
3305 2306 3572 2375 quosdam

2003 2395 2109 2449 illis
2139 2395 2350 2450 saeculis
2401 2396 2615 2451 vocavit
2672 2394 2833 2451 Deus.
2874 2398 3025 2463 Quod
3059 2396 3202 2451 vitim
3255 2399 3308 2450 in
3345 2413 3404 2453 sc
3433 2408 3572 2463 erat,

2004 2489 2054 2543 id
2088 2489 2439 2557 praestabant,
2484 2492 2538 2541 et
2601 2504 2701 2557 pro
2756 2487 2898 2542 virili
2958 2489 3228 2555 justitiam
3295 2489 3568 2557 colebant,

2002 2581 2144 2652 quod
2180 2596 2275 2635 eos
2328 2579 2605 2634 solutione
2652 2579 2848 2649 dignos
2906 2581 3209 2644 reddebat,
3268 2597 3390 2636 cum
3438 2582 3483 2636 is
3518 2583 3570 2635 in

2004 2667 2183 2722 medio
2212 2675 2380 2733 esset,
2410 2668 2505 2738 qui
2551 2669 2795 2723 solvendi
2827 2679 3152 2738 potestatem
3194 2671 3449 2726 habebat.
3474 2672 3575 2727 Ast

2004 2760 2316 2831 neutiquam
2347 2761 2532 2815 solvit.
2574 2760 2738 2832 Atqui
2775 2762 2819 2815 si
2853 2764 2965 2815 haec
3000 2773 3117 2816 erat
3167 2780 3291 2816 vera
3337 2763 3570 2833 iustitia.

2003 2850 2106 2920 ipsi
2167 2866 2385 2920 quoque
2421 2865 2653 2920 corpore
2692 2854 2795 2907 hoc
2818 2854 3068 2919 deposito
3100 2872 3117 2904 ι
3150 2853 3201 2906 in
3253 2868 3382 2921 paete
3432 2853 3573 2909 etin

2002 2959 2162 2997 tnattn
2201 2943 2292 2997 Dei
2316 2962 2334 2995 ›
2371 2958 2494 2999 esse
2523 2943 2847 2999 debuerunt.
2872 2944 3027 2997 Nune
3057 2953 3323 2999 :ttlL'tlIcX
3351 2950 3453 2999 hac
3484 2945 3573 3000 lu-

2003 3056 2063 3094 ce
2116 3040 2416 3104 abeuntes,
2474 3037 2633 3092 inferi
2702 3038 3068 3108 excipiebant.
3136 3037 3332 3092 Veram
3374 3039 3573 3108 quippe

314 3100 674 3171 δικαιοσύνην
703 3104 796 3157 καὶ
821 3104 922 3174 τὴν
958 3108 1098 3177 πρὸς
1132 3107 1266 3162 Θεὸν
1297 3112 1546 3182 ἑταιρίαν
1573 3115 1670 3185 οὐχ
1695 3116 1895 3187 ὑπερό-

2001 3135 2264 3207 justitiam
2304 3145 2355 3188 et
2389 3149 2511 3187 cum
2560 3134 2669 3187 Deo
2721 3132 3020 3187 amicitiam
3083 3131 3345 3186 Dominus
3389 3140 3575 3185 noster

316 3210 441 3264 ριον
464 3193 636 3249 οὖσαν
661 3199 980 3267 κατήγαγεν
1008 3201 1037 3252 6
1066 3203 1347 3273 Δεσπότης
1374 3205 1550 3272 ἡμῶν,
1580 3208 1697 3261 ἀλλ’
1733 3210 1896 3276 αὐτὸς

312 3288 624 3356 εἰσήγαγεν
656 3288 736 3353 εἰς
779 3288 874 3343 τὸν
931 3292 1161 3360 κόσμον,
1199 3296 1293 3347 καὶ
1348 3301 1447 3366 τὴν
1491 3299 1765 3369 φέρουσαν
1813 3304 1896 3367 εἰς

311 3380 414 3433 τὸν
442 3382 674 3450 οὐρανὸν
700 3384 801 3435 οὐκ
826 3378 988 3437 οὖσαν
1020 3380 1204 3455 εὗρεν,
1238 3387 1353 3442 ἀλλ’
1390 3391 1551 3456 αὐτὸς
1582 3393 1797 3465 ἔτεμεν.
1833 3396 1894 3449 Εἰ

313 3474 431 3543 γὰρ
461 3469 554 3543 ἦν,
597 3479 691 3529 καὶ
720 3477 878 3541 ἄλλος
908 3478 974 3532 ἂν
1015 3479 1176 3551 ἔτεμε
1212 3484 1320 3535 τῶν
1350 3487 1635 3556 προτέρων
1660 3504 1674 3519 ⁸
1715 3489 1809 3544 νῦν
1838 3490 1894 3545 δὲ

320 3583 343 3616 σ
384 3566 580 3629 Οὐδεὶς
636 3567 979 3638 ἀναϐέϐηκεν
1023 3574 1104 3636 εἰς
1131 3575 1223 3626 τὸν
1268 3572 1519 3645 οὐρανὸν,
1570 3581 1617 3632 εί
1666 3581 1739 3653 μὴ
1770 3583 1797 3634 6
1832 3586 1894 3637 ἐκ

313 3658 417 3713 τοῦ
444 3659 676 3729 ούρανοῦ
710 3662 977 3729 καταϐὰς,
1002 3666 1031 3717 6
1066 3666 1193 3730 Υἱὸς
1218 3668 1313 3721 τοῦ
1334 3669 1644 3740 ἀνθρώπου,
1680 3677 1705 3726 6
1731 3674 1808 3728 ὢν
1834 3679 1889 3729 ὲν

311 3753 400 3820 τῷ
428 3752 667 3823 οὐρανῷ.
704 3773 723 3806 ι
754 3756 926 3808 Ὅπου
953 3758 1060 3827 γὰρ
1085 3757 1280 3826 ἄφεσιν
1307 3762 1596 3834 ἁμαρτιῶν
1625 3768 1717 3819 καὶ
1739 3768 1897 3837 δίκης

311 3845 652 3916 ἀπαλλαγὴν
681 3847 780 3899 ὀὐκ
813 3844 884 3918 ἦν
915 3850 1098 3919 εὑρεῖν
1130 3852 1237 3923 πρὸ
1273 3853 1367 3906 τοῦ
1403 3855 1664 3927 σταυροῦ,
1690 3862 1742 3912 τί
1786 3865 1892 3932 χρὴ

313 3938 454 4000 περὶ
499 3938 846 4007 δικαιοσύνης
890 3941 1169 4009 νομίζεινς
1210 3947 1283 3998 Οὐ
1335 3948 1443 4017 γὰρ
1473 3945 1540 4019 ἦν
1576 3952 1890 4019 ἀκόλουθον,

312 4027 504 4096 οἶμαι,
535 4035 665 4101 πρὶν
712 4028 1124 4103 καταλλαγῆναι
1163 4038 1301 4105 μετὰ
1333 4041 1427 4093 τοῦ
1464 4040 1628 4112 χοροῦ
1663 4045 1771 4097 τῶν
1802 4050 1893 4115 φί-

312 4124 433 4173 λων
464 4122 685 4176 ἑστάναι
733 4124 827 4176 καὶ
855 4125 1033 4194 δεσμὰ
1078 4130 1502 4198 περικειμένους
1547 4132 1627 4185 ἔτι
1655 4136 1891 4208 ἐστεφα-

312 4213 598 4283 νωμένους
626 4216 1099 4286 ἀνακηρύττεσθαι
1122 4235 1135 4249 ⁸
1166 4220 1301 4282 ὅλως
1326 4222 1382 4283 δὲ
1409 4224 1535 4276 εἰτὸ
1564 4227 1670 4279 πᾶν
1698 4228 1894 4298 ἤνυσεν

312 4305 345 4357 δ
380 4305 554 4371 ἀμνὸς
584 4307 818 4370 ὲκείκος,
852 4308 906 4360 τί
935 4308 1046 4362 τῶν
1068 4310 1340 4379 δευτέρων
1362 4313 1467 4367 ἔδει
1497 4317 1739 4384 τούτων;
1773 4321 1893 4375 Τῶν

312 4396 434 4467 γὰρ
463 4396 651 4451 τύπων
680 4399 775 4452 καὶ
804 4400 914 4452 τῶν
954 4402 1180 4456 εἰκόνων
1206 4404 1305 4475 τὴν
1329 4405 1674 4481 ζητουμένην
1710 4412 1891 4465 εὐδαι-

2001 3245 2108 3281 non
2169 3243 2200 3281 e
2244 3224 2634 3281 remotissimis
2683 3234 2736 3279 et
2794 3225 3096 3293 peregrinis
3148 3224 3285 3279 locis
3316 3232 3572 3295 tanquam

1996 3324 2064 3375 ab
2092 3320 2287 3375 exsilio
2319 3319 2534 3373 reduxit
2565 3335 2581 3385 ;
2641 3318 2732 3373 sed
2769 3318 3002 3388 ipsemet
3060 3319 3270 3387 primus
3299 3317 3352 3370 in
3411 3332 3576 3371 mun-

1997 3417 2121 3466 dum
2153 3410 2474 3472 introduxit,
2513 3420 2568 3464 et
2607 3410 2709 3462 iter
2740 3410 2791 3462 in
2818 3410 3012 3463 coelum
3051 3408 3249 3472 ft'l'ttlls,
3295 3423 3401 3462 non
3424 3408 3567 3478 quod

1993 3512 2113 3558 erat
2169 3503 2399 3565 invenit,
2436 3502 2531 3555 Sed
2601 3502 2716 3571 ipse
2780 3502 2912 3554 illud
2946 3502 3202 3566 munivit,
3240 3511 3294 3554 et
3322 3500 3568 3555 ambula-

1998 3596 2094 3648 vit.
2128 3594 2260 3647 Nam
2304 3592 2350 3646 si
2389 3591 2608 3658 fuisset,
2645 3592 2839 3661 utique
2873 3593 3015 3647 alius
3064 3593 3177 3661 pris
3213 3608 3373 3647 orum
3439 3592 3571 3646 illud

1996 3685 2322 3755 capessisset
2368 3703 2382 3740 :
2439 3702 2456 3735 ι
2489 3684 2653 3752 Atqui
2709 3700 2867 3739 nemo
2926 3684 3172 3739 ascendit
3240 3687 3293 3739 itt
3348 3686 3572 3747 malum,

1996 3781 2102 3834 nisi
2134 3774 2303 3833 Filius
2336 3778 2592 3843 hominis,
2620 3778 2713 3847 qui
2748 3790 2831 3832 est
2866 3778 2922 3830 in
2978 3777 3115 3832 εωιυ
3175 3776 3239 3831 ³⁸.
3278 3796 3298 3829 ι
3343 3775 3572 3842 Quando

1994 3873 2140 3925 enim
2168 3873 2515 3938 peccatm'htn
2546 3870 2785 3932 veniam,
2854 3883 3252 3936 pmnarnmque
3312 3867 3572 3920 immuni-

1999 3971 2160 4014 tatem
2219 3969 2345 4014 ante
2385 3959 2676 4014 Dominum
2731 3962 2783 4013 in
2838 3975 3002 4014 cruce
3050 3958 3304 4014 sullixum
3344 3959 3575 4027 adipisci

1995 4070 2103 4108 non
2141 4054 2311 4119 licuit,
2346 4054 2474 4122 quid
2526 4054 2836 4125 dejustitia
2884 4052 3375 4108 existimabimus?
3416 4052 3570 4106 Haud

1994 4148 2139 4200 enim
2171 4156 2607 4200 consentaneum
2643 4155 2784 4211 erat,
2820 4155 2878 4199 ut
2902 4145 3164 4206 arbitror,
3198 4153 3324 4199 ante
3377 4160 3572 4200 recon-

1995 4240 2327 4307 ciliationem
2364 4240 2418 4294 in
2448 4240 2618 4295 choro
2657 4239 2965 4294 amicorum
2999 4237 3286 4302 collocari,
3316 4237 3569 4292 etadhue

1996 4332 2237 4386 vinculis
2285 4328 2658 4388 circumdatos
2721 4346 2819 4400 pro
2881 4331 3159 4384 coronatis
3210 4329 3568 4400 promulgari.
3662 4336 3667 4341 ’

1994 4426 2063 4482 Ut
2094 4426 2404 4480 summatim
2445 4424 2641 4488 dicam,
2674 4424 2721 4479 si
2762 4439 2936 4494 agnus
2993 4424 3264 4494 paschalis
3308 4424 3399 4478 ille
3454 4439 3575 4477 nn)-

315 4491 515 4563 μονίαν
543 4492 968 4559 εἰσενεγκόντων
1006 4495 1184 4566 μάτην
1214 4499 1244 4567 ή
1276 4500 1503 4569 ἀλήθεια
1533 4505 1626 4555 καὶ
1655 4505 1724 4557 τὰ
1752 4508 1893 4576 πρά-

2001 4521 2086 4573 uia
2115 4520 2364 4581 confecit,
2417 4518 2545 4585 quid
2596 4517 2680 4571 his
2726 4518 3120 4586 posterioribus
3147 4532 3286 4585 opus
3326 4515 3429 4571 fuit
3463 4518 3510 4550 ³⁵
3548 4517 3572 4570 ?

308 4603 533 4655 γματα.
565 4587 641 4640 Τό
668 4605 732 4655 γε
761 4593 867 4660 μὴν
891 4590 979 4643 διὰ
1012 4591 1105 4644 τοῦ
1138 4590 1369 4645 θανάτου
1400 4593 1492 4646 τοῦ
1527 4596 1763 4665 Χριστοῦ
1788 4599 1890 4667 τὴν

308 4677 523 4749 ἔχθραν
570 4680 963 4751 καταλυθῆναι,
1008 4682 1105 4735 καὶ
1136 4684 1197 4735 τὸ
1256 4685 1573 4755 μεσότοιχον
1622 4689 1685 4741 ὲκ
1722 4690 1887 4758 μέσου

307 4773 575 4841 γενέσθαι
602 4773 700 4828 καὶ
740 4778 967 4846 εἰρήνην
1001 4764 1095 4831 καὶ
1126 4778 1476 4848 δικαιοσύνην
1519 4781 1616 4833 ἐπὶ
1645 4783 1753 4835 τῶν
1791 4782 1886 4837 τοῦ

308 4863 576 4934 Σωτῆρος
604 4865 833 4937 ἡμερῶν
869 4867 1151 4922 ἀνατεῖλαι
1201 4872 1295 4921 καὶ
1322 4870 1504 4925 πάντα
1538 4870 1734 4939 ταῦτα,
1764 4875 1887 4928 τίνα

306 4956 381 5010 ἂν
412 4955 493 5009 ἔτι
537 4956 722 5029 χώραν
752 4956 887 5035 ἔχοι,
925 4961 973 5012 εί
1017 4961 1162 5028 φίλοι
1213 4960 1347 5013 Θεοῦ
1398 4963 1495 5013 καὶ
1547 4963 1746 5018 δίκαιοι
1786 4967 1890 5036 πρὸ

306 5051 414 5116 τῆς
468 5048 658 5109 θυσίας
690 5045 832 5122 ἦσαν
885 5054 1132 5123 ἐκείνης;
1186 5054 1503 5124 Τεκμήριον
1536 5056 1591 5108 δὲ
1642 5060 1886 5113 κάκεῖνο.

307 5139 450 5190 Τότε
493 5137 594 5207 μὲν
624 5140 734 5207 γὰρ
760 5143 926 5209 νόμος
969 5144 1115 5211 ἡμᾶς
1147 5144 1223 5213 τῷ
1266 5146 1384 5212 Θεῷ
1423 5148 1683 5215 συνῆπτε,
1716 5150 1807 5201 νῦν
1834 5151 1893 5205 δὲ

307 5229 503 5294 ⁴πίστις
529 5235 620 5285 καὶ
653 5232 814 5302 χάρις
844 5235 937 5287 καὶ
962 5232 1017 5288 εί
1040 5252 1092 5289 τι
1119 5237 1325 5289 τούτων
1358 5238 1560 5309 ἔχεται.
1587 5240 1757 5310 Δῆλον
1782 5244 1891 5314 γὰρ

308 5323 570 5375 ὶντεῦθεν
602 5325 907 5395 τηνικαῦτα
965 5328 1064 5395 μὲν
1107 5328 1378 5396 δουλείαν,
1414 5332 1508 5383 νῦν
1554 5333 1610 5384 δὲ
1669 5334 1891 5403 υίόῖητα

311 5418 407 5468 καὶ
434 5416 623 5484 φιλίαν
650 5420 750 5485 τῂν
784 5418 894 5470 τῶν
919 5417 1221 5490 ἀνθρώπων
1255 5422 1391 5490 πρὸς
1433 5423 1566 5476 Θεὸν
1604 5427 1889 5479 κοινωνίαν

308 5504 450 5560 εἰναι
476 5523 491 5536 ·
519 5509 548 5559 6
592 5508 694 5577 μὲν
718 5510 830 5579 γὰρ
857 5510 1020 5579 νόμος
1063 5515 1176 5575 τοῖς
1214 5513 1441 5578 δούλοις,
1488 5516 1658 5582 φίλων
1688 5516 1746 5568 δὲ
1795 5517 1889 5569 καὶ

311 5597 448 5651 υἱῶν
483 5601 516 5667 ἠ
551 5598 706 5668 χάρις
745 5600 840 5653 καὶ
874 5602 907 5672 ἡ
938 5603 1121 5667 πίστις
1154 5605 1245 5658 καὶ
1292 5606 1354 5659 τὸ
1402 5606 1649 5679 θαρρεῖν.
1692 5606 1779 5673 Ἐξ
1809 5603 1886 5663 ὧν

391 5787 431 5818 ’⁸
459 5787 597 5843 Joan
626 5804 711 5855 tn,
753 5790 835 5846 l5.

1995 4608 2129 4661 Nam
2156 4608 2200 4661 si
2237 4610 2342 4679 typi
2393 4618 2448 4661 et
2496 4607 2761 4677 imagines
2791 4610 3074 4676 quaesitam
3129 4607 3437 4664 felicitatem
3490 4618 3573 4665 ato

1999 4699 2259 4761 tulerunt,
2294 4699 2495 4752 veritas
2546 4708 2599 4752 et
2639 4714 2728 4752 res
2758 4698 2871 4767 ipsa
2900 4700 3083 4754 inania
3116 4713 3267 4755 sunt.
3290 4700 3396 4755 Per
3421 4716 3573 4756 mor-

1996 4800 2104 4844 tem
2146 4804 2270 4842 veru
2299 4787 2504 4842 Christi
2536 4788 2855 4842 inimicitias
2904 4789 3168 4853 convelli,
3220 4798 3274 4845 et
3328 4789 3570 4845 medium

1996 4884 2255 4953 parietem
2288 4898 2316 4936 e
2357 4880 2534 4935 medio
2578 4880 2691 4935 tolli
2729 4882 2796 4947 ",
2859 4897 3157 4952 pacemque
3214 4893 3270 4937 et
3299 4885 3571 4953 justitiam

1996 4973 2329 5042 temporibus
2386 4964 2687 5027 Salvatoris
2739 4973 2964 5035 exoriri.
3016 4983 3071 5029 et
3102 4975 3291 5029 omnia
3346 4977 3569 5031 demum

1996 5057 2324 5133 hujusmmli,
2380 5077 2673 5131 quemnam
2731 5063 2910 5118 adhuc
2969 5065 3149 5119 locum
3212 5066 3469 5130 habeant,
3521 5066 3567 5121 si

1993 5167 2117 5208 ante
2159 5154 2487 5208 sacrilicium
2545 5155 2676 5209 illttd
2721 5155 2855 5225 justi
2909 5166 2963 5210 et
3027 5159 3186 5212 amici
3241 5158 3332 5212 Dei
3363 5160 3571 5213 erant?

1995 5246 2091 5302 Est
2139 5258 2190 5301 et
2238 5248 2384 5301 aliud
2429 5249 2481 5302 in
2522 5258 2777 5318 promptu
2814 5263 3223 5321 argumentum.
3257 5251 3411 5307 Tunc
3442 5252 3568 5321 qui-

1996 5339 2116 5393 dem
2148 5338 2231 5393 lex
2264 5338 2368 5394 Deo
2397 5353 2499 5393 nos
2528 5340 2864 5395 consociavit
2893 5359 2907 5396 :
2936 5351 2992 5396 at
3011 5358 3155 5397 nunc
3188 5341 3341 5405 ﬁdes,
3371 5352 3565 5409 etgra«

2000 5429 2097 5494 tia,
2150 5443 2202 5484 et
2254 5430 2298 5484 si
2336 5430 2465 5499 quid
2520 5431 2604 5485 his
2672 5432 2830 5487 aliine
2875 5443 2978 5488 est.
3035 5431 3378 5486 Manifestum
3418 5430 3565 5485 enim

1998 5519 2143 5585 hinc,
2194 5531 2307 5574 tum
2347 5522 2567 5591 quidem
2623 5525 3067 5578 communionem
3103 5522 3383 5576 hominum
3437 5538 3563 5577 cum

1996 5611 2107 5666 Deo
2139 5627 2344 5667 meram
2394 5616 2738 5683 servitutem,
2777 5631 2925 5672 nunc
2961 5629 3090 5671 vero
3132 5614 3366 5670 ﬁliorum
3397 5616 3565 5691 adop-

917 5792 959 5825 "
989 5791 1161 5861 Exod.
1193 5808 1291 5860 xu,
1321 5808 1473 5864 seqq.
1529 5793 1571 5827 ³⁸
1602 5794 1800 5867 Ephes.
1832 5814 1889 5864 ιι,
1939 5797 2020 5864 Η,
2067 5798 2150 5854 16.
