3838 6192
419 265 528 334 511

1695 266 2011 326 NICOLAI
2047 266 2132 325 CA
2146 267 2437 327 BASlL/E
3500 276 3580 343 512

417 388 626 442 tionem
678 394 732 442 et
770 387 1066 441 amicitiam
1101 400 1240 441 esse.
1298 384 1404 438 Lex
1456 386 1656 439 etenim
1699 388 1873 442 servis
1909 386 2039 440 da-.

2145 389 2360 443 πάντων
2410 383 2618 452 γίνεται
2668 380 2850 450 δῆλον,
2893 380 3075 453 ὥσπερ
3111 401 3129 434 ι
3171 387 3474 454 πρωτότοκος
3500 395 3582 447 τῶν

420 486 532 539 tur,
563 476 867 530 amicorum
906 484 1083 528 autem
1119 476 1466 544 liliorumque
1506 478 1700 544 gratia,
1741 475 1897 538 lides,
1934 475 1994 528 li—

422 567 585 622 ducia
631 575 733 622 est.
779 568 852 621 Ex
896 567 1380 636 quibusomnibus
1428 577 1594 636 patet,
1644 568 1998 637 quemadmo-

425 661 555 714 dum
601 660 854 714 Salvator
891 681 909 712 ι
958 662 1358 729 primogenitns
1388 673 1471 716 est
1510 671 1849 715 mortuorum
1880 663 1945 726 ³⁷,
1972 681 1989 713 ›

427 767 532 806 nec
566 761 778 821 poterat
812 754 1108 822 quisquam
1143 753 1527 808 defunctorum
1564 764 1689 809 ante
1714 755 1781 809 ad
1834 756 1996 808 vitam

431 847 794 901 immortalem
829 846 1174 908 reviviscere,
1235 861 1397 914 quam
1435 846 1523 900 ille
1554 847 1830 902 redivivus
1853 846 2000 900 exsi-

431 946 601 992 steret
634 953 650 1003 ;
697 937 886 991 eodem
923 938 1085 990 mmlo
1117 938 1282 991 etiam
1306 929 1370 991 ad
1399 938 1739 991 sanctitatem
1764 937 2001 1008 etjusti-

432 1029 564 1081 tiam
591 1026 906 1080 hominibus
930 1027 1100 1094 ipsum
1135 1027 1309 1081 solum
1344 1027 1670 1094 praeivisse;
1704 1034 1758 1078 et
1801 1023 2002 1078 Paulus

433 1118 746 1178 conﬁrmat,
807 1119 1086 1170 Clu-istum
1135 1133 1530 1186 praecursorem
1605 1132 1704 1186 pro
1741 1117 1897 1171 nobis
1948 1116 2003 1169 in

437 1219 629 1264 sancta
661 1210 944 1263 inti-oiisse
1003 1210 1276 1265 scribens.
1329 1210 1584 1263 Introivit
1634 1210 1779 1262 enim
1852 1218 2008 1277 post-

437 1315 602 1368 quam
637 1301 874 1369 seipsnm
909 1302 1105 1354 obtulit
1138 1301 1303 1364 Patri,
1330 1311 1381 1355 et
1407 1301 1649 1355 volentes
1687 1299 2008 1361 introducit,

437 1388 730 1456 sepultura:
754 1389 871 1458 ejus
905 1399 1190 1445 consortes
1221 1407 1236 1456 ;
1273 1406 1381 1443 non
1414 1405 1544 1445 sane
1574 1390 1796 1460 perinde
1830 1399 1887 1442 ut
1922 1389 2012 1441 ille

440 1480 766 1545 morientes,
797 1481 892 1536 sed
931 1491 1161 1534 mortem
1221 1482 1369 1534 illam
1405 1483 1456 1534 in
1486 1481 1708 1535 lavacro
1755 1481 2011 1551 baptismi

443 1570 756 1641 cogitationi
800 1572 1172 1641 subjicicntcs,
1199 1582 1252 1625 cl
1275 1583 1492 1635 unctos,
1521 1583 1576 1627 et
1602 1574 1653 1626 in
1683 1589 1836 1628 sacra
1865 1589 2015 1626 inen-

446 1676 506 1714 sa
557 1663 973 1728 annuntiantes,
1035 1667 1307 1734 modoque
1372 1665 1633 1720 ineffabili
1686 1682 1783 1736 pro
1839 1666 2016 1735 epulis

2097 479 2308 549 νεκρῶν
2341 497 2356 529 ι
2382 478 2408 529 δ
2437 476 2652 545 Σωτὴρ,
2685 475 2779 527 καὶ
2801 474 2900 526 οὑκ
2925 469 2992 545 ἦν
3015 473 3292 529 ἀναϐιῶναι
3319 477 3413 529 τῶν
3435 481 3586 551 τεθνη-

2099 572 2274 624 κότων
2310 567 2505 621 οὐδένα
2551 566 2650 635 τὴν
2703 565 2972 618 ἀθάνατον
3017 564 3158 634 ζωὴν
3195 565 3265 636 μὴ
3313 569 3587 634 ἀναστάντος

2099 663 2310 716 ἐκείνου
2329 676 2342 690 ο
2371 658 2463 712 τὸν
2517 659 2633 712 ἴσον
2665 656 2865 725 τρόπον
2896 655 2990 708 καὶ
3017 656 3149 725 πρὸς
3189 657 3279 726 τὴν
3333 659 3591 730 ἁγιωσύνην

2101 755 2196 809 καὶ
2225 751 2573 823 δικαιοσύνην
2596 753 2707 814 τοῖς
2732 749 3042 822 ἀνθρώποις
3070 749 3225 812 αὐτὸς
3262 751 3482 821 ἡγήσατο
3518 755 3595 818 μά.

2103 865 2214 912 νος,
2249 846 2345 900 καὶ
2391 845 2548 898 τοῦτο
2597 843 2806 905 Παῦλος
2853 842 3021 907 ἔδειξε
3072 842 3310 912 γράφων,
3340 844 3596 913 πρόδρομον

2104 939 2245 1010 ὑπὲρ
2278 940 2310 1008 ἠ
2323 937 2440 1004 μῶν
2467 937 2547 999 είς
2577 936 2644 989 τὰ.
2675 935 2809 1003 ἆγια
2839 936 2933 986 τὸν
2969 933 3197 1002 Χριστὸν
3236 933 3598 1002 εἰσεληλυθέναι.

2106 1030 2339 1098 Εῐσῆλθε
2357 1028 2465 1098 γὰρ
2479 1028 2558 1091 είς
2578 1029 2646 1082 τὰ
2663 1026 2814 1094 ἅγια,
2834 1024 3026 1080 ἐαυτὸν
3047 1023 3338 1090 ἀνενεγκὼν
3356 1025 3425 1094 τῷ
3441 1025 3599 1094 “arpi,

2109 1126 2202 1177 καὶ
2230 1124 2358 1184 τοὺς
2392 1120 2748 1192 βουλομένους
2776 1118 2984 1186 εἰσάγει
3020 1118 3116 1185 τῆς
3156 1118 3323 1185 ταφῆς
3355 1117 3484 1185 αὐτῷ
3515 1134 3603 1168 κοιο

2109 1215 2433 1280 νιονοῦντας,
2467 1215 2566 1268 οὐκ
2595 1213 3042 1281 ἀποθνήσκοντας
3071 1208 3254 1279 ὥσπερ
3296 1209 3494 1270 ἐκεῖνος,
3519 1207 3606 1260 ἀλλ’

2111 1310 2204 1363 ἐπὶ
2236 1307 2330 1363 τοῦ
2357 1306 2584 1377 λουτροῦ
2615 1305 2706 1358 τὸν
2740 1304 2967 1359 θάνατον
2999 1301 3456 1369 ἐπιδεικνυμένους
3498 1301 3609 1352 ἐκεῖ-

2113 1419 2223 1463 νον,
2286 1401 2380 1453 καὶ
2430 1399 2523 1452 ἐπὶ
2577 1398 2677 1466 τῆς
2725 1395 3007 1466 τραπέζης
3055 1391 3491 1461 καταγγέλλοντας
3534 1389 3613 1456 τῆς

2117 1493 2269 1560 ἱερᾶς
2303 1489 2397 1543 καὶ
2451 1489 2773 1559 χρωμένους
2822 1488 2918 1540 καὶ
2977 1485 3372 1555 εὐωχουμένους
3420 1481 3616 1552 ᾶρῥητόν

2117 1595 2237 1632 τινα
2276 1577 2476 1646 τρόπον
2511 1577 2675 1630 αὑτὸν
2721 1577 2810 1628 τὸν
2841 1577 3186 1646 νεκρωθέντα
3212 1574 3302 1626 καὶ
3342 1573 3619 1625 ἀναστάντα.

2121 1670 2231 1724 Καὶ
2265 1668 2407 1723 οὓτω
2439 1667 2528 1720 διὰ
2556 1668 2666 1721 τῶν
2692 1666 2879 1720 πυλῶν
2906 1666 3114 1720 τούτων
3143 1662 3434 1733 εἰσαγαγὼν
3459 1663 3526 1725 είς
3547 1660 3623 1730 τὴν

447 1761 731 1807 sumentes
792 1754 970 1823 ipsum
1022 1756 1112 1822 qui
1163 1767 1414 1811 mortuus
1472 1768 1556 1812 est
1599 1767 1647 1813 et
1699 1758 2017 1813 resarrexit.

2145 1760 2405 1814 ιασιλείαν
2430 1759 2524 1813 καὶ
2552 1760 2679 1822 τοὺς
2714 1760 3010 1829 στεφάνους
3046 1761 3282 1830 ἡγεῖται.

449 1843 517 1898 Ει
551 1845 622 1898 ita
659 1861 754 1914 per
804 1847 902 1900 luas
964 1857 1153 1916 portas
1196 1850 1540 1904 introductos
1579 1850 1642 1903 ad
1701 1864 1922 1919 regnum
1969 1857 2022 1902 ct

451 1935 517 1989 ad
544 1949 773 1990 coronas
808 1937 980 1992 ducit.

525 2028 698 2082 Portze
748 2030 862 2084 istae
917 2032 1021 2087 illis
1053 2033 1287 2102 paradisi
1341 2034 1511 2103 portis
1553 2033 1725 2088 multo
1765 2032 2022 2099 maiorem

455 2123 869 2176 venerationem
899 2134 950 2178 et
998 2125 1284 2180 utilitatem
1324 2128 1544 2181 habent.
1585 2128 1694 2182 Illa:
1755 2127 2022 2196 siquidem

455 2211 592 2264 nulli
620 2213 933 2280 aperientur
961 2215 1054 2284 qui
1101 2231 1197 2285 per
1226 2218 1390 2271 hasce
1434 2217 1588 2287 prius
1638 2232 1746 2273 non
1791 2217 2028 2270 intrave-

458 2303 530 2357 rit
559 2320 573 2357 :
609 2303 692 2358 ha:
720 2322 870 2370 vero,
912 2309 1166 2376 quamvis
1195 2309 1402 2363 clausis
1445 2309 1570 2373 illis,
1597 2317 1779 2378 patent
1831 2307 1895 2360 Et
1928 2308 2032 2361 illa:

461 2393 681 2462 quidem
718 2397 883 2450 etiam
917 2397 1152 2452 educere
1188 2409 1506 2470 potuerunt,
1536 2400 1684 2454 intus
1704 2408 1984 2454 versantes
2013 2415 2027 2452 :

465 2486 548 2540 lue
579 2496 788 2543 tantum
826 2489 1205 2556 introducunt,
1260 2493 1531 2547 neminem
1569 2493 1825 2547 educunt.
1863 2493 1924 2546 Et
1965 2492 2034 2545 il-

466 2568 533 2624 la:
559 2572 771 2627 occludi
823 2584 1098 2644 poterant,
1150 2577 1495 2644 occlusmque
1546 2584 1676 2631 sunt
1711 2593 1725 2642 ;
1760 2591 1923 2646 super
1950 2576 2035 2631 his

466 2665 612 2734 quod
641 2665 817 2720 velum
860 2667 984 2733 fuit,
1013 2668 1239 2722 omnino
1279 2669 1594 2738 disjectum,
1622 2679 1676 2723 et
1703 2668 1918 2724 medius
1940 2684 2037 2738 pa-

468 2755 582 2810 ries
637 2757 888 2812 sublatus
933 2768 1018 2813 est
1052 2777 1065 2812 ε
1105 2774 1204 2813 nec
1249 2760 1412 2814 datur
1446 2761 1684 2830 amplius
1743 2763 2036 2816 maceriam

470 2845 735 2910 excitare,
776 2856 831 2900 et
861 2857 1047 2916 portas
1073 2849 1148 2903 illi
1204 2859 1412 2919 aptare,
1453 2860 1508 2904 et
1556 2851 1764 2919 pariete
1804 2851 2042 2906 interce-

471 2935 637 2991 dente
670 2939 902 2994 mundos
953 2941 1212 3006 invicem,
1264 2943 1628 3012 superiorem,
1676 2943 1920 3012 inquam,
1955 2943 2042 2997 in-

2195 2017 2439 2080 Αὗταιαί
2481 2025 2644 2080 πύλαι
2683 2025 2790 2080 τῶν
2806 2027 2899 2081 τοῦ
2935 2025 3263 2098 παραδείσου
3303 2024 3472 2079 πυλῶν
3492 2021 3636 2091 πολλῷ

2130 2105 2358 2192 συμνότε
2370 2140 2457 2194 ραι
2488 2122 2584 2175 καὶ
2628 2121 3043 2192 λυσιτελέστερα
3056 2141 3096 2175 ι.
3131 2122 3194 2174 Al.
3231 2119 3325 2189 μέν
3356 2117 3457 2187 γὰρ
3485 2117 3569 2169 οὐκ
3587 2115 3639 2168 ἂν

2129 2217 2396 2285 ἀνοιγεῖεν
2429 2215 2608 2268 οὐδενὶ
2647 2215 2722 2284 μὴ
2747 2216 2835 2268 διὰ
2871 2214 3084 2268 τούτων
3103 2211 3390 2266 εἰσελθόντι
3413 2209 3637 2278 πρότερον

2129 2309 2239 2362 τῶν
2265 2306 2465 2369 πυλῶν,
2503 2306 2559 2358 αἱ
2594 2305 2650 2358 δέ
2682 2303 3090 2372 κεκλεισμένων
3114 2303 3334 2358 ἐκείνων
3355 2300 3640 2370 ἠνοίγησαν·

2133 2405 2228 2453 καὶ
2265 2400 2319 2452 ai
2373 2398 2472 2467 μὲν
2507 2397 2602 2450 καὶ
2635 2396 2892 2451 ἐδύναντο
2938 2397 3159 2464 ἐξάγειν
3201 2395 3326 2456 τοὺς
3355 2392 3506 2454 ἔνδον,
3535 2389 3581 2442 αἱ
3603 2388 3647 2441 δέ

2133 2491 2416 2559 εἰσάγουσι
2465 2490 2650 2561 μόνον,
2701 2489 2955 2558 ἐξάγουσι
2988 2489 3044 2543 δέ
3076 2489 3292 2542 οὐδένα.
3338 2486 3437 2540 Καὶ
3463 2485 3550 2547 τὰς
3576 2482 3651 2552 μὲν

2137 2582 2228 2636 καὶ
2261 2581 2580 2650 κλεισθῆναι
2615 2580 2841 2633 δυνατὸν
2869 2575 2936 2652 ἦν
2967 2580 3062 2633 καί
3096 2597 3159 2648 γε
3190 2577 3550 2645 ἐκλείσθησαν,
3579 2573 3653 2624 ἐπὶ

2137 2673 2193 2727 δὲ
2219 2674 2426 2727 τούτων
2461 2673 2775 2727 παντάπασι
2807 2673 2869 2726 τὸ
2895 2674 3313 2742 παραπέτασμα
3340 2669 3428 2723 καὶ
3453 2667 3508 2720 τδ
3532 2663 3660 2735 μεσόο

2139 2770 2318 2836 τοιχον
2375 2765 2537 2836 ἐλύθη
2593 2769 2688 2820 καὶ
2744 2767 3027 2838 ἀνῃρέθηο
3069 2767 3166 2820 καὶ
3221 2765 3318 2819 οὐκ
3369 2763 3558 2816 ἔνεστιν
3597 2756 3660 2810 ἔτι
3747 2773 3754 2781 ·

2145 2858 2400 2928 φραγμὸν
2431 2857 2733 2926 ἀναστῆναι
2787 2860 2883 2910 καὶ
2930 2857 3109 2921 πύλας
3153 2853 3546 2927 ἀναρμοσθῆναι
3590 2848 3664 2901 καὶ

2143 2954 2270 3013 τοὺς
2299 2951 2540 3020 κόσμους
2585 2949 2833 3017 ἀλλήλων
2867 2949 3054 3020 τειχίῳ
3104 2947 3462 3017 διαιρεθῆναι.
3491 2943 3556 2996 Uti
3581 2939 3666 3009 γὰρ

475 3026 844 3098 ferioremque
880 3029 1159 3087 dirimere.
1198 3033 1313 3089 Non
1347 3035 1491 3088 enim
1543 3035 1866 3106 simpliciter
1905 3035 2039 3090 dun-

2145 3043 2456 3115 ἀνεῴγασιν
2509 3043 2695 3106 ἁπλῶς
2731 3044 2915 3112 μόνον,
2954 3041 3072 3095 ἀλλ’
3106 3040 3431 3111 ἐσχίσθησαν
3468 3038 3511 3089 οἱ
3541 3035 3671 3128 ούρα-

477 3128 630 3174 taxat
661 3123 869 3191 aperti,
909 3125 1004 3180 sed
1036 3134 1089 3180 et
1137 3125 1364 3193 diducti,
1392 3135 1446 3181 et
1480 3129 1637 3197 quasi
1675 3127 1863 3181 diliissi
1918 3136 2046 3181 sunt

477 3208 628 3272 cmli,
658 3223 718 3266 ut
756 3214 976 3270 Marcus
1017 3218 1093 3271 ait
1120 3215 1186 3269 ⁸⁸.
1226 3219 1343 3284 Qua
1388 3234 1447 3273 re
1487 3227 1769 3274 ostensum
1800 3228 1902 3283 est,
1938 3235 2044 3274 non

477 3306 590 3376 jam
622 3314 834 3374 portam
892 3315 944 3362 et
987 3318 1192 3377 postes,
1225 3325 1400 3378 neque
1451 3313 1816 3366 velamentum
1878 3311 2045 3365 ullum

483 3399 738 3454 relictum
772 3414 914 3455 esse.
944 3399 1046 3466 Qui
1099 3403 1246 3456 enim
1299 3418 1596 3473 supernum
1639 3406 1904 3460 mundum
1965 3406 2050 3458 bis

483 3491 579 3562 qui
627 3491 767 3548 infra
803 3503 930 3548 sunt
964 3495 1340 3552 reconciliavit
1369 3507 1422 3550 et
1447 3498 1754 3566 conjunxit,
1778 3507 1831 3552 et
1862 3511 2049 3566 pacem

485 3585 634 3649 fecit,
676 3586 1047 3656 parietemque
1099 3588 1335 3642 medium
1387 3590 1636 3644 maceria:
1688 3591 1958 3645 destruxit
1985 3589 2052 3653 ”,

487 3695 594 3735 non
631 3689 808 3750 potest
865 3695 1067 3750 negare
1124 3681 1478 3750 semetipsum
1503 3680 1571 3746 ⁸⁸,
1622 3691 1684 3737 ιιι
1736 3681 1796 3737 Β.
1854 3680 2056 3735 Paulus

489 3771 689 3842 inquit.
722 3773 914 3830 Portas
937 3775 1082 3828 enim
1124 3775 1246 3830 illas
1272 3783 1492 3846 propter
1520 3775 1788 3830 Adamutn
1819 3783 2056 3845 apertas,

489 3879 557 3918 eo
591 3879 696 3918 non
727 3865 1074 3934 persistente,
1101 3866 1153 3921 in
1186 3866 1387 3936 quibus
1421 3868 1712 3936 persistere
1745 3867 2057 3938 oportebat,

492 3956 658 4011 etiam
695 3957 874 4013 claudi
932 3958 1120 4029 utique
1163 3968 1593 4014 consentaneum
1631 3967 1766 4014 erat.
1818 3957 1928 4014 Has
1963 3973 2061 4011 au-

493 4057 603 4102 tem
631 4049 888 4105 Christus
933 4051 1163 4120 ipsemet
1195 4053 1483 4117 reseravit,
1511 4051 1604 4122 qui
1638 4061 1919 4121 peccatum
1954 4067 2060 4106 non

497 4139 649 4204 lecit,
698 4151 751 4196 et
801 4143 854 4196 in
887 4159 1048 4211 quem
1104 4159 1328 4212 peccare
1364 4161 1474 4198 non
1515 4144 1660 4198 cadit
1689 4143 1756 4197 δ’.
1794 4162 1812 4196 ι
1844 4143 2062 4198 Justitia

497 4232 646 4284 enim
672 4233 812 4300 ejus,
850 4233 1029 4301 inquit
1071 4234 1262 4297 David,
1297 4246 1479 4290 manet
1529 4235 1581 4290 in
1636 4245 1900 4291 aeternum
1931 4237 1998 4288 δ’.
2040 4253 2060 4287 ι

502 4323 657 4378 Unde
687 4339 781 4379 cas
809 4335 992 4393 patere
1019 4341 1232 4394 semper
1254 4343 1478 4395 prorsus
1509 4343 1733 4383 necesse
1766 4336 1870 4394 est,
1907 4336 1960 4382 et
1989 4329 2064 4398 ad

2145 3134 2248 3197 vei,
2288 3135 2317 3187 ό
2355 3133 2659 3204 θαυμάσιος
2705 3131 2811 3204 ἔφη
2863 3133 3118 3204 Μάρκος,
3166 3130 3379 3193 δεικνὺς
3425 3128 3493 3188 ὡς
3516 3123 3670 3176 οὐκέτι

2147 3226 2287 3296 θύρα
2316 3226 2410 3278 καὶ
2449 3225 2793 3295 παραστάδες
2821 3225 2940 3278 ούδέ
2973 3228 3392 3295 παραπέτασμα
3409 3219 3547 3276 οὐδὲν
3569 3217 3674 3270 ὑπεο

2147 3315 2361 3384 λείφθη.
2398 3313 2459 3367 '0
2489 3305 2619 3387 γὰρ’
2647 3314 2990 3380 καταλλάξας
3029 3317 3132 3368 καὶ
3173 3313 3415 3381 συνάψας
3442 3309 3528 3362 καὶ
3548 3309 3673 3374 είρη·

2149 3409 2442 3477 νοποιὴσας
2476 3408 2567 3460 τὸν
2609 3407 2722 3462 ἀνω
2753 3409 2959 3476 κόσμον
2996 3411 3114 3471 τοῖς
3148 3409 3303 3462 κάτω
3338 3406 3428 3458 καὶ
3459 3402 3513 3455 τὸ
3549 3395 3683 3469 μεσό·

2151 3516 2328 3570 τοιχον
2372 3497 2468 3552 τοῦ
2505 3500 2765 3570 φραγμοῦ
2815 3499 2986 3563 λύσας
3029 3501 3090 3553 οὐ
3124 3500 3352 3554 δύναται
3382 3490 3683 3567 ἀρνήσασθαι

2153 3593 2366 3655 ἑαυτὸν,
2403 3593 2432 3644 ό
2479 3593 2746 3663 μακάριος
2780 3593 2882 3662 ἐφη
2917 3591 3157 3654 Παῦλος.
3187 3590 3300 3652 Τὰς
3341 3588 3437 3658 μὲν
3477 3585 3574 3654 γὰρ
3602 3579 3689 3632 πύ-

2155 3682 2250 3746 λας
2283 3683 2500 3746 ἐκείνας
2533 3683 2621 3737 διὰ
2666 3684 2756 3737 τὸν
2803 3683 2977 3753 ’Δδὰμ
3024 3683 3358 3751 άνεῳγυίας,
3407 3677 3598 3732 ἐκείνου
3631 3671 3690 3742 μὴ

2162 3777 2440 3846 μείναντος
2473 3776 2560 3842 ἐφ’
2583 3769 2666 3838 οἷς
2691 3775 2799 3829 ἔδει
2829 3776 3028 3846 μένειν,
3068 3775 3168 3828 καὶ
3194 3772 3501 3842 κλεισθῆναι
3525 3768 3695 3836 δήπου-

2161 3869 2251 3922 θεν
2276 3867 2424 3931 είκὸς
2451 3862 2540 3938 ἦν.
2581 3866 2802 3929 Ταύτας
2832 3865 2889 3918 δὲ
2922 3867 2951 3918 ό
2990 3867 3237 3936 Χριστὸς
3267 3866 3430 3926 αὐτὸς
3470 3858 3690 3930 ἀνέῳξεν,

2159 3962 2216 4024 ὃς
2237 3960 2513 4032 ἁμαρτίαν
2537 3959 2638 4012 οὐκ
2667 3958 2944 4028 ἐποίησεν,
2969 3960 3089 4014 οὐδὲ
3121 3959 3346 4014 δύναται
3369 3955 3695 4028 ἁμαρτάνειν·

2163 4057 2196 4124 ὴ
2226 4055 2335 4127 γὰρ
2356 4053 2671 4124 δικαιοσύνη
2709 4052 2897 4121 αὐτοῦ,
2927 4053 3086 4122 φησι,
3123 4054 3278 4124 μένει
3308 4053 3388 4114 είς
3416 4049 3503 4102 τὸν
3525 4043 3698 4099 αἰῶνα·

2165 4146 2287 4198 ὅθεν
2328 4145 2544 4214 ἀνάγκη
2568 4146 2739 4208 πᾶσα,
2771 4144 2954 4215 μένειν
2981 4144 3341 4215 ἀνεῳγμένας
3363 4141 3456 4196 καὶ
3477 4137 3602 4208 πρὸς
3626 4132 3707 4203 μὶν

2167 4238 2266 4307 τὴν
2293 4236 2436 4305 ζωὴν
2483 4235 2753 4304 εἰσάγειν,
2803 4236 2913 4291 ἀπὸ
2943 4236 3000 4289 δέ
3031 4236 3131 4304 τῆς
3170 4237 3321 4304 ζωῆς
3364 4232 3535 4298 ἔξοδον
3561 4223 3709 4281 οὐδενὶ

2171 4328 2456 4397 παρέχειν.
2505 4345 2523 4378 ι
2559 4322 2764 4380 *Ηλθον
2790 4326 2919 4396 γὰρ,
2963 4326 3129 4397 φησὶν
3165 4329 3194 4380 ὁ
3223 4326 3437 4396 Σωτὴρ,
3482 4323 3564 4375 ἵνα
3590 4317 3711 4382 ζωὴν

502 4415 669 4469 vitam
703 4415 923 4486 quidem
986 4415 1370 4478 introniittcre,
1425 4432 1454 4470 a
1514 4418 1623 4472 vita
1681 4428 1861 4472 autem
1927 4419 2039 4472 null

2171 4418 2336 4488 ἔχωσι
2361 4434 2375 4449 ο
2419 4435 2439 4470 ι
2477 4418 2637 4472 τοῦτο
2685 4419 2796 4488 γάρ
2826 4421 2975 4472 ἐστιν
3003 4419 3035 4488 ή
3072 4417 3213 4488 ζωὴ.
3243 4419 3312 4488 ἢν
3357 4419 3384 4469 ὁ
3413 4415 3604 4485 Κύριος
3629 4404 3712 4478 ἧκε

503 4504 717 4559 cxitum-
766 4507 915 4561 dare.
960 4525 979 4558 ι
1017 4507 1172 4570 Veni,
1233 4508 1408 4576 inquit
1466 4508 1736 4574 Salvator,
1787 4519 1845 4563 ut
1897 4513 2065 4564 vitam

505 4597 741 4653 habeant
770 4597 837 4653 “.
875 4619 893 4651 ι
932 4602 1057 4655 Haec
1107 4610 1189 4655 est
1239 4601 1382 4654 enim
1418 4602 1546 4664 vita,
1592 4618 1756 4672 quam
1808 4604 2070 4658 Dominus

507 4705 692 4746 secum
723 4692 923 4757 attulit,
953 4692 1210 4762 mysteria
1247 4695 1345 4744 ista
1378 4706 1732 4762 usurpantes,
1764 4694 1884 4765 ejus
1931 4711 2076 4751 mor-

509 4783 580 4837 tis
611 4792 665 4838 et
711 4785 986 4854 passionis
1021 4785 1311 4854 participes
1342 4793 1396 4838 et
1443 4796 1726 4840 consortes
1769 4786 1907 4849 ﬁeri,
1954 4788 2074 4842 sine

509 4890 618 4945 quo
654 4889 878 4930 mortem
911 4877 1150 4946 effugere
1197 4893 1301 4931 non
1333 4893 1646 4946 possumus.
1692 4883 1881 4947 Neque
1927 4879 2073 4934 enim

513 4980 622 5018 non
657 4966 986 5034 baptizatum
1025 4967 1076 5018 in
1129 4982 1270 5036 aqua
1305 4977 1358 5021 et
1405 4969 1610 5038 Spiritu
1647 4979 1839 5024 sancto
1887 4966 1969 5022 ias
1999 4978 2082 5023 est

513 5059 568 5112 in
619 5059 784 5110 vitam
827 5058 1035 5126 ingredi
1067 5059 1158 5113 διε
1210 5076 1385 5130 neque
1437 5062 1530 5130 qui
1584 5077 1691 5115 non
1741 5063 2081 5116 comederint

515 5163 736 5204 carnem
773 5147 893 5202 Filii
927 5149 1185 5212 hominis,
1221 5163 1274 5204 et
1313 5152 1545 5205 biberint
1581 5151 1701 5220 ejus
1736 5154 2078 5220 sanguinem,

517 5241 684 5295 vitam
731 5239 784 5292 in
825 5255 883 5294 se
907 5239 1042 5309 ipsis
1069 5241 1267 5295 habere
1294 5251 1503 5310 queunt
1534 5242 1600 5296 ⁸⁵.

589 5332 765 5386 Altius
809 5345 975 5400 porro
1013 5332 1153 5388 istuc
1191 5333 1574 5388 discutiamus.
1617 5331 1812 5389 Vivere
1851 5335 1957 5389 Deo
1979 5349 2083 5390 non

520 5423 667 5489 licet,
714 5423 764 5478 si
805 5423 1045 5494 peccatis
1083 5439 1188 5478 non
1227 5423 1400 5480 simus
1433 5425 1656 5480 mortui.
1690 5426 1858 5482 Posse
1902 5434 2083 5481 autem

602 5628 640 5659 "'
677 5629 890 5683 Coloss.
919 5643 955 5687 l.
990 5629 1078 5684 20.
1155 5631 1199 5662 ³⁸
1245 5631 1405 5686 Marc.
1441 5645 1479 5695 t,
1529 5630 1614 5685 10.

1720 5631 1763 5664 ³⁹
1809 5630 2004 5701 Epltes.
2039 5649 2096 5692 tl.
2154 5633 2238 5690 H.
2283 5632 2363 5687 l6.
2439 5630 2485 5701 ξο
2543 5629 2581 5684 ll
2628 5629 2768 5701 Titu.
2806 5629 2982 5692 ",15.

535 5712 653 5762 ιιιι,
687 5699 738 5753 9.
817 5700 862 5731 “
905 5699 1046 5755 l’sal.
1087 5717 1174 5770 ex,
1201 5703 1255 5757 3.
1333 5699 1559 5754 "Joau.
1605 5718 1658 5767 χ,
1699 5701 1782 5756 10.
1856 5699 1903 5735 λδ
1930 5701 2039 5757 Joal

2145 5722 2192 5770 .t,
2224 5704 2276 5758 5.
2354 5703 2396 5734 "
2426 5700 2582 5756 Joau.
2623 5716 2695 5767 νι,
2735 5700 2820 5754 5i.

2177 4513 2382 4583 φέρων,
2409 4511 2470 4564 τὸ
2493 4510 2582 4566 διὰ
2611 4511 2722 4564 τῶν
2756 4511 3075 4581 μυστηρίων
3108 4510 3326 4564 τούτων
3367 4508 3609 4566 ἐλθόντας
3639 4518 3722 4570 με’

2176 4606 2396 4674 τασχεῖν
2426 4603 2574 4672 αὐτῷ
2607 4601 2704 4656 τοῦ
2745 4602 2977 4656 θανάτου
3005 4601 3098 4655 καὶ
3137 4601 3478 4670 κοινωνῆσαι
3511 4595 3597 4650 τοῦ
3633 4590 3722 4642 πάν

2181 4697 2327 4762 θους,
2354 4699 2447 4749 καὶ
2475 4695 2667 4749 τούτου
2701 4696 2870 4766 χωρὶς
2913 4693 3004 4748 τὸν
3036 4693 3274 4748 θάνατον
3302 4691 3406 4746 οὒκ
3436 4690 3514 4743 ενι
3558 4686 3728 4751 διαφυ-

2181 4793 2318 4859 γεῖν.
2355 4787 2496 4842 Οὗτε
2523 4787 2633 4860 γὰρ
2664 4789 2738 4858 μὴ
2764 4786 3131 4858 βαπτισθέντα
3161 4788 3223 4839 ἐν
3259 4785 3420 4838 ὕδατι
3449 4780 3542 4834 καὶ
3577 4771 3728 4828 Πνεύ-

2192 4900 2323 4953 ματι
2367 4881 2594 4934 δυνατὸν
2631 4882 2712 4943 εἰς
2751 4882 2849 4949 τὴν
2893 4877 3037 4949 ζωὴν
3087 4876 3382 4940 εἰσελθεῖν,
3438 4871 3558 4925 οὔτε
3585 4868 3629 4918 οἱ
3670 4863 3733 4953 μὴ

2189 4952 2456 5040 φαγόντες
2508 4971 2608 5039 τὴν
2651 4970 2830 5038 σάρκα
2873 4966 2966 5020 τοῦ
3000 4965 3132 5020 Υίοῦ
3166 4962 3266 5019 τοῦ
3321 4961 3624 5033 ἀνθρώπου,
3655 4952 3731 5005 καὶ

2189 5065 2406 5125 πιόντες
2453 5062 2619 5116 αὐτοῦ
2648 5062 2708 5114 τὸ
2757 5055 2918 5129 αἷμα,
2943 5059 3204 5113 δύνανται
3239 5059 3391 5128 ζωὴν
3437 5058 3495 5109 ἐν
3545 5046 3734 5104 ἑαυτοῖς

2186 5157 2351 5228 ἔχειν.

2263 5336 2373 5390 Καὶ
2415 5335 2708 5402 σκοπῶμεν
2738 5333 2965 5388 ἄνωθεν.
2988 5333 3156 5402 Ζῆσαι
3188 5329 3430 5402 μένῖγὰρ
3462 5327 3560 5380 οὐχ
3585 5320 3648 5393 ἦν
3676 5316 3744 5386 τῷ

2194 5428 2316 5498 Θεῷ
2359 5430 2434 5498 μὴ
2461 5429 2580 5490 ταῖς
2612 5423 2909 5494 ἁμαρτίαις
2936 5423 3338 5486 ἀποθανόντας,
3368 5417 3676 5473 ἀποκτεῖναι
3698 5407 3746 5462 δὲ

3074 5627 3114 5659 ⁸¹
3152 5625 3169 5680 l
3205 5623 3358 5680 Petr.
3403 5638 3470 5687 tt,
3507 5617 3608 5681 22;
3656 5610 3751 5666 Ist-
