3992 6202
283 338 398 403 513

1389 331 1486 390 DE
1516 329 1691 390 VITA
1732 326 1811 384 ΙΝ
1845 324 2179 384 (1111118Το
2239 324 2384 383 LIB.
2417 322 2470 384 Ι.

3423 323 3531 389 514

287 448 593 519 δυνηθῆναι
629 445 726 515 τὴν
770 443 1043 516 ἁμαρτίαν
1074 443 1234 512 μόνου
1281 441 1441 494 Θ-ού.
1474 442 1597 502 Τοῖς
1631 440 1736 508 γὰρ
1767 440 1860 490 ἀν-

1980 444 2248 487 ieccatum
2284 434 2617 500 interimere,
2651 432 2823 490 solius
2859 433 2948 489 Dei
2997 443 3099 490 est.
3142 434 3446 490 Debebatur
3475 439 3530 492 id

294 542 539 613 θρώποις
573 538 838 608 ὠφείλετο
886 536 1014 606 μὲν·
1068 535 1267 588 δίκαιοι
1313 534 1418 602 γάρ
1457 530 1598 603 ἦμεν
1646 532 1861 591 ἑκόντες

294 633 620 704 ἡττηθέντες
653 629 997 684 ἀναπαλαίσα
1038 628 1126 680 θαι
1165 627 1263 695 τὴν
1297 622 1490 697 ἧτταν,
1515 625 1613 676 οὐκ
1647 623 1777 689 ὲνῆν
1803 621 1860 673 δὲ

295 727 409 778 οὐδ’
431 725 598 790 ἐγγὺς
621 721 826 782 δούλοις
850 720 946 791 ἥδη
972 719 1283 786 γενομένοις
1303 719 1400 784 τῆς
1419 715 1714 786 ἁμαρτίας.
1737 712 1862 774 Πῶς

294 819 406 888 γὰρ
430 818 496 870 ἂν
519 813 821 883 ἐγενόμεθα
842 813 1123 882 κρείττους
1217 809 1557 870 δουλεύοντες
1577 803 1719 876 ἦμεν
1748 800 1859 869 ;Ἦ

293 912 407 980 γὰρ
426 909 494 962 ἂν
514 909 608 962 καὶ
635 903 1028 977 μείζουςῆμεν,
1055 923 1073 956 t
1099 905 1196 956 ούκ
1216 903 1329 955 ἔστι
1348 901 1532 962 δοῦλος
1551 899 1750 969 μείζων
1769 898 1862 949 τοῦ

292 1005 491 1071 κυρίου
533 1001 720 1054 αὑτοῦ.
744 1019 762 1050 ι
799 1000 952 1051 Ἐπεὶ
1004 999 1186 1050 τοίνυν
1221 999 1246 1048 ὁ
1287 996 1384 1065 μὲν
1423 996 1485 1046 τὸ
1520 993 1676 1063 χρέος
1707 992 1865 1044 τοῦτο

293 1095 630 1150 καταλαϐεῖν
658 1094 754 1145 καὶ
801 1091 899 1161 τὴν
944 1091 1102 1158 νίκην
1141 1087 1371 1158 ἀρέσθαι
1419 1086 1621 1155 ταύτην
1657 1086 1866 1147 δίκαιος

291 1188 371 1240 ὢν
399 1185 731 1255 ἀνδράποδον
774 1181 860 1254 ἦν,
897 1179 972 1235 ὧν
1023 1183 1129 1235 ἔδει
1163 1182 1242 1252 τῷ
1289 1181 1512 1251 πολέμῳ
1555 1181 1804 1248 κρατεῖν,
1839 1179 1866 1229 ὁ

290 1280 350 1332 δὲ
391 1277 544 1342 Θεὸς,
576 1270 621 1344 ᾧ
665 1276 838 1329 ταῦτα
891 1276 1040 1345 ἐξῆν,
1072 1274 1285 1334 οὐδενὸς
1320 1273 1602 1340 ὑπόχρεως
1628 1266 1717 1340 ἦν,
1771 1269 1866 1322 καὶ

291 1370 386 1423 διὰ
440 1368 613 1421 ταῦτα
645 1367 734 1419 τὸν
785 1366 974 1434 ἀγῶνα
1031 1365 1308 1432 οὐδέτερος
1362 1363 1636 1433 ἀνῃρεῖτο,
1689 1361 1781 1412 καὶ
1833 1361 1866 1428 ἡ

290 1462 543 1530 ἁμαρτία
578 1460 694 1528 ἔζη,
749 1458 841 1512 καὶ
883 1455 951 1528 ἦν
999 1457 1282 1527 ἀμήχανον
1324 1454 1422 1525 ἤδη
1459 1454 1557 1523 τὴν
1607 1452 1866 1523 ἀληθινὴν

291 1553 447 1621 ζωὴν
477 1553 609 1622 ἡμῖν
643 1551 943 1615 ἀνατεῖλαι,
973 1549 1033 1600 τὸ
1079 1548 1344 1618 τρόπαιον
1373 1547 1533 1600 ἄλλου
1579 1545 1676 1616 μὲν
1717 1545 1873 1612 ὀφεί-

289 1647 502 1710 λοντος,
528 1644 692 1698 ἀλλου
718 1643 771 1695 δὲ
792 1642 1093 1709 δυναμένου
1119 1656 1131 1669 ·
1159 1639 1366 1693 τούτων
1398 1638 1562 1692 ἓνεκα
1593 1637 1868 1690 συνελθεῖν

292 1739 488 1806 ἐδέησε
520 1734 680 1789 τοῦτο
705 1737 950 1797 κάκεῖνο,
993 1735 1086 1787 καὶ
1115 1733 1212 1785 ἕνα
1238 1731 1334 1786 καὶ
1381 1730 1471 1783 τὸν
1501 1729 1667 1783 αὐτὸν
1695 1730 1875 1797 ἀμφω-

1967 525 2182 592 quidem
2220 523 2552 577 hominibus.
2583 521 2717 575 Nam
2763 539 2887 577 cum
2936 525 3179 580 volentes
3212 527 3340 580 victi
3381 542 3535 581 esse-

1971 627 2113 673 mus,
2172 612 2533 680 redintegrata
2589 612 2777 667 saltem
2829 629 3029 682 pugna,
3081 625 3140 668 ut
3193 617 3535 669 viueeremus

1971 708 2199 772 :eqnitas
2235 704 2564 772 postulabat.
2616 705 2734 757 Non
2789 704 2988 759 licebat
3035 716 3214 760 autem
3276 718 3329 762 et
3377 709 3538 776 longe

1971 795 2183 858 aberat,
2218 811 2338 848 rum
2366 796 2476 864 jam
2530 799 2671 849 servi
2721 796 2846 850 lacti
2877 811 3121 851 essemus
3153 802 3380 866 peccati.
3415 800 3536 863 Quo

1973 891 2116 940 enim
2174 898 2331 954 pacto
2361 903 2426 941 eo
2456 888 2542 941 cui
2581 887 2948 942 serviebamus
3008 891 3319 956 sUperiores
3358 890 3538 945 disce-

1975 981 2272 1034 deremus?
2301 980 2458 1034 Certe
2487 980 2587 1033 etsi
2621 982 2784 1033 etiam
2829 981 3060 1048 majores
3091 997 3330 1046 eramus,
3357 991 3538 1037 tamen

1981 1091 1998 1122 ι
2031 1071 2148 1125 Non
2189 1082 2268 1126 est
2303 1087 2493 1126 servus
2527 1073 2696 1140 major
2746 1073 2968 1126 domino
3002 1089 3102 1126 suo
3121 1073 3188 1125 “.
3222 1093 3238 1125 ι
3269 1076 3536 1138 Quoniam

1977 1164 2143 1231 igitur
2189 1181 2348 1232 qm-m
2390 1165 2633 1216 debitum
2689 1165 2787 1218 hoc
2818 1166 3125 1232 compleCti,
3160 1175 3212 1219 et
3251 1167 3539 1220 victoriam

1976 1254 2120 1309 hanc
2171 1265 2449 1323 reportare
2498 1256 2719 1322 dignum
2776 1266 2912 1318 erat,
2969 1257 3037 1309 iis
3072 1257 3362 1320 serviebat,
3401 1274 3539 1327 quos

1976 1350 2144 1401 armis
2178 1348 2429 1415 subigere
2465 1357 2802 1415 oportuerat,
2857 1348 2993 1402 Deus
3028 1358 3229 1413 autem,
3278 1351 3328 1403 in
3381 1353 3540 1420 cujus

1981 1447 2247 1508 potestate
2273 1440 2376 1492 ista
2418 1449 2567 1503 sunt,
2597 1441 2730 1492 nulli
2765 1441 3060 1510 quidquam
3099 1443 3345 1505 debebat,
3375 1453 3541 1512 atque

1978 1529 2100 1582 ideo
2130 1538 2406 1583 certamen
2439 1539 2632 1584 neuter
2662 1533 3097 1601 aggrediehatur,
3156 1543 3209 1587 et
3254 1546 3537 1602 peccatum

1974 1621 2214 1687 vivebat,
2251 1632 2304 1676 et
2347 1622 2457 1692 jam
2496 1633 2552 1675 ut
2602 1637 2666 1676 ex
2723 1639 2847 1677 vera
2905 1626 3012 1679 vita
3054 1637 3317 1696 tropaeum
3380 1630 3541 1685 nobis

1976 1713 2308 1776 exoriretur,
2364 1714 2477 1767 lieri
2532 1730 2638 1769 non
2675 1723 2913 1784 poterat,
2946 1733 3070 1772 cum
3105 1719 3247 1774 alius
3295 1719 3539 1788 deberet,

289 1828 464 1898 τέρας
495 1825 635 1882 εἶναι
670 1828 769 1890 τὰς
805 1826 1021 1896 φύσεις,
1051 1825 1146 1878 τοῦ
1178 1841 1237 1878 τε
1275 1826 1647 1896 προσήκοντος
1669 1821 1744 1891 τῷ
1772 1838 1868 1874 πο-

1980 1804 2112 1858 alius
2144 1813 2345 1872 posset.
2380 1805 2529 1860 Hanc
2568 1808 2636 1862 ob
2672 1823 2919 1876 causam,
2943 1809 3043 1864 hoc
3084 1818 3138 1864 et
3182 1811 3310 1866 illud
3346 1829 3542 1868 conve-

290 1923 471 1991 λέμῳ,
508 1925 602 1974 καὶ
628 1921 686 1983 ὃς
734 1917 956 1973 ἐδύνατο
978 1919 1222 1987 νικῆσαι.
1255 1918 1473 1971 Γίνεται
1512 1917 1696 1969 τοίνυν
1724 1931 1738 1947 ⁶
1775 1911 1870 1968 καὶ

293 2016 432 2077 Θεὸς
457 2015 556 2083 μὲν
582 2012 880 2067 οἰκειοῦται
913 2011 1003 2064 τὸν
1026 2010 1167 2081 ὑπὲρ
1195 2009 1305 2063 τῶν
1337 2009 1642 2076 ἀνθρώπων
1661 2006 1869 2074 ἀγῶνα,

293 2106 594 2176 ἄνθρωπος
647 2104 792 2174 γάρ·
826 2102 1114 2172 ἄνθρωπος
1155 2100 1212 2153 δὲ
1265 2101 1392 2172 νικᾷ
1422 2101 1519 2171 τὴν
1569 2099 1868 2172 ἁμαρτίαν,

302 2197 549 2267 καθαρὸς
581 2195 859 2267 ἁμαρτίας
907 2192 1143 2263 ἀπάσης,
1178 2192 1309 2255 Θεὸς
1343 2193 1452 2264 γὰρ
1481 2190 1548 2261 ἦν
1571 2210 1585 2224 ο
1621 2197 1714 2247 καὶ
1740 2192 1868 2245 τοῦ-

295 2307 394 2344 τον
427 2290 520 2342 τὸν
559 2289 760 2359 τρόπον
790 2288 824 2356 ἡ
871 2285 1034 2356 φύσις
1062 2283 1172 2338 τῶν
1203 2283 1426 2336 ὀνειδῶν
1462 2284 1871 2338 ἀπαλλάττεται

294 2385 394 2435 καὶ
427 2382 706 2434 ἀναδεῖται
734 2377 888 2446 νίκης
923 2383 1193 2447 στεφάνῳ,
1221 2378 1320 2446 τῆς
1355 2375 1635 2446 ἁμαρτίας
1671 2372 1872 2426 πεσού-

294 2488 426 2538 σης.
457 2469 625 2523 Οὔπω
668 2468 728 2523 δὲ
776 2467 874 2521 καὶ
902 2466 1012 2520 τῶν
1048 2465 1352 2536 ἀνθρώπων
1384 2464 1614 2527 ἕκαστος
1661 2463 1694 2530 ἢ
1734 2461 1873 2516 νενί-

295 2580 440 2633 κηκε
469 2561 678 2615 τούτων
726 2558 955 2628 ἐνεδιαῆ
1005 2558 1329 2630 ἠγώνισται.
1365 2558 1576 2626 Ἦγουν
1623 2555 1733 2607 τῶν
1783 2555 1872 2608 δε-

295 2653 459 2724 σμῶν
490 2653 720 2707 ἐκείνων
771 2649 962 2720 ἐλύθη,
1004 2649 1288 2703 καὶτοῦτο
1337 2649 1394 2702 δὲ
1430 2647 1596 2708 αὐτὸς
1646 2644 1872 2713 ἐποίησε

295 2747 369 2800 δι’
422 2740 499 2799 ὧν
537 2744 882 2818 προςέθηκεν
922 2744 952 2796 ὀ
1004 2742 1218 2813 Σωτὴρ,
1268 2743 1327 2794 ὲν
1375 2735 1455 2802 οἷς
1491 2737 1708 2808 ἑκάστῳ
1766 2737 1874 2789 τῶν

296 2840 618 2910 ἀνθρώπων
665 2839 866 2891 ιδωκεν
917 2835 1164 2900 ἐξουσίαν
1210 2835 1530 2886 ἀποκτεῖναι
1559 2831 1660 2898 τὴν
1692 2831 1875 2899 ἁμαρ-

297 2934 429 2987 τίαν
459 2933 558 2984 καὶ
614 2930 904 2990 κοινωνοὺς
933 2926 1081 2996 αὐτῷ
1113 2923 1369 2993 γενέσθαι
1418 2922 1519 2991 τῆς
1567 2920 1870 2991 ἀριστείας.

311 3021 475 3076 Ἐπεὶ
510 3021 622 3089 γὰρ
670 3018 810 3088 μετά
838 3017 898 3070 τὸ
929 3017 1191 3089 τρόπαιον
1223 3017 1396 3067 ἐκεῖνο
1423 3014 1539 3066 δέον
1576 3010 1876 3080 στεφανού-

303 3115 433 3168 σθαι
464 3115 561 3166 καὶ
588 3110 966 3182 θριαμϐεύειν,
996 3109 1024 3162 ὁ
1051 3109 1110 3162 δὲ
1135 3106 1359 3178 πληγιῖν
1386 3105 1476 3158 καὶ
1509 3103 1745 3172 σταυροῦ
1781 3101 1875 3154 καὶ

300 3209 541 3262 θανάτου
575 3207 672 3259 καὶ
711 3204 819 3258 τῶν
849 3202 1109 3257 τοιούτων
1147 3203 1227 3264 είς
1273 3200 1466 3267 πεῖραν
1499 3193 1653 3269 ἦλθε,
1684 3197 1711 3249 ὃ
1742 3211 1874 3265 φησι

301 3299 540 3364 Παῦλος,
571 3316 589 3350 ι
647 3297 795 3348 Ἀντὶ
823 3295 924 3363 τῆς
958 3279 1329 3364 προκειμένης
1361 3287 1512 3357 αὐτῷ
1540 3287 1713 3357 χαρᾶς
1746 3285 1877 3339 ὑπέ-

303 3406 462 3459 μεινε
494 3387 755 3458 σταυρὸν,
807 3382 1071 3453 αἰσχύνης
1119 3381 1561 3450 καταφρονήσας,
1599 3395 1618 3428 ι
1653 3377 1706 3430 τί
1733 3376 1877 3444 γίνε-

301 3498 430 3545 ut;
478 3479 539 3531 '0
574 3478 674 3548 μὲν
730 3475 884 3529 οὐδὲν
916 3473 1202 3544 ἠδίκησεν,
1237 3464 1315 3525 ὧν
1363 3467 1429 3522 ἂν
1482 3467 1657 3520 ταῦτα
1706 3465 1875 3518 ἔδωκε

300 3571 487 3639 δίκην,
518 3567 637 3622 οὐδὲ
692 3566 946 3636 ἐποίησεν
997 3562 1299 3634 ἁμαρτίαν,
1347 3559 1469 3613 οὐδὲ
1503 3553 1652 3629 εῖχεν
1700 3555 1876 3622 οὐδὲν,

300 3662 434 3716 ὅθεν
464 3661 532 3714 ἂν
584 3661 836 3726 ἐγκαλεῖν
877 3653 1024 3728 εἶχεν
1065 3657 1094 3710 ὁ
1147 3652 1491 3722 συκοφάντης
1548 3650 1641 3703 καὶ
1671 3648 1878 3717 σφόδρα

298 3755 708 3822 ἀναισχυντῶν,
766 3749 952 3822 πληγὴ
984 3749 1040 3802 δὲ
1091 3748 1184 3800 καὶ
1213 3745 1373 3813 ὀδύνη
1419 3743 1513 3795 καὶ
1563 3740 1792 3800 Θάνατος
1820 3738 1878 3803 ἐξ

302 3848 488 3917 ἀρχῆς
537 3849 675 3899 κατὰ
721 3845 818 3914 τῆς
854 3843 1131 3912 ἁμαρτίας
1185 3837 1475 3904 ἐπενοήθη.
1525 3833 1592 3886 Τί
1644 3832 1752 3900 γὰρ
1787 3828 1880 3882 καὶ

309 3939 614 4009 συνεχώρει
667 3935 1046 4006 φιλάνθρωπος
1075 3931 1150 3986 ὢν
1177 3932 1205 3984 ὁ
1233 3928 1541 3996 Δεσπότης;
1572 3923 1648 3978 Ού
1679 3921 1787 3990 γὰρ
1807 3919 1884 3972 εἰ-

304 4034 408 4094 κός
448 4034 587 4092 ἐστι,
640 4030 856 4098 φοϐερῷ
882 4028 974 4079 καὶ
1026 4023 1240 4092 θανάτῳ
1273 4022 1370 4089 τὴν
1405 4016 1721 4085 ἀγαθότητα
1764 4012 1883 4082 χαί-

307 4139 452 4192 ρειν.
489 4122 586 4172 Διά
618 4117 777 4171 τοῦτο
807 4116 947 4186 μετὰ
973 4115 1070 4185 τὴν
1100 4112 1376 4183 ἁμαρτίαν
1407 4106 1568 4168 εὐθὺς
1601 4105 1694 4156 τὸν
1725 4103 1884 4154 θάνα-

303 4231 404 4268 τον
450 4213 545 4266 καί
591 4211 692 4282 τὴν
723 4211 916 4280 ὀδύνην
953 4206 1332 4277 συνεχώρησεν
1366 4203 1394 4254 ὁ
1443 4198 1596 4265 Θεδῖ,
1629 4195 1690 4248 οὐ
1724 4194 1882 4262 δίκην

305 4303 668 4376 ἡμαρτηκότι
700 4301 900 4374 μᾶλλον
927 4301 1148 4366 ἐπάγων
1184 4297 1218 4364 ἦ
1254 4295 1550 4366 φάρμακον
1569 4284 1881 4354 νενοσηκότι

304 4398 598 4466 παρέχων.
658 4396 812 4448 Ἐπεὶ
849 4392 1028 4447 τοίνυν
1072 4393 1184 4451 τοῖς
1218 4387 1322 4440 ὑπὸ
1361 4383 1458 4437 τοῦ
1496 4377 1734 4451 Χριστοῦ
1785 4392 1899 4427 πεο-

1972 1896 2093 1951 nire
2149 1899 2516 1970 conjungique
2552 1915 2778 1955 necesse
2812 1900 2934 1967 iuit,
2971 1913 3023 1956 et
3059 1919 3222 1958 unum
3259 1907 3539 1960 eumdem-

1973 2003 2077 2057 que
2104 1998 2356 2044 naturam
2385 2005 2569 2044 veram
2596 2005 2806 2060 gerere,
2837 2000 2947 2047 tum
2979 1995 3099 2063 ejus
3128 1996 3219 2066 qui
3254 1999 3537 2052 certamini

1974 2090 2118 2132 esset
2153 2079 2403 2144 idoneus,
2440 2089 2550 2134 tum
2583 2079 2703 2149 ejus
2735 2081 2826 2150 qui
2859 2082 3074 2137 vincere
3105 2097 3310 2154 posset.
3356 2085 3461 2150 Fit,
3487 2098 3542 2142 et

1976 2168 2120 2224 Deus
2174 2170 2395 2239 quidem
2459 2187 2686 2240 agonem
2746 2189 2844 2244 pro
2904 2176 3220 2232 hominibus
3270 2180 3539 2244 assumit,

1975 2268 2137 2315 natus
2191 2262 2392 2326 homo;
2451 2274 2504 2319 et
2553 2266 2716 2319 homo
2750 2266 2984 2321 debellat
3031 2278 3332 2337 peccatum,
3366 2283 3540 2340 purus

1975 2351 2159 2406 omnis
2215 2353 2446 2421 peccati,
2479 2354 2602 2422 quia
2663 2353 2808 2411 Deus
2862 2366 3000 2412 erat.
3058 2356 3123 2412 Et
3178 2358 3282 2413 hoc
3320 2361 3539 2424 quidem

1976 2453 2136 2514 pacto
2189 2445 2544 2512 Opprobrium
2605 2455 2807 2509 cessat,
2869 2455 2924 2500 et
2980 2457 3200 2517 peccato
3242 2458 3540 2516 prostrato,

1975 2534 2216 2588 victoriae
2275 2549 2478 2589 corona
2543 2536 2851 2591 redimitur.
2919 2540 3018 2593 Ast
3076 2539 3314 2592 nondum
3376 2540 3540 2593 etiam

1975 2623 2138 2676 homo
2191 2625 2420 2691 quilibet
2472 2634 2565 2678 aut
2620 2637 2904 2694 propterea
2951 2627 3098 2692 vicit,
3136 2637 3230 2680 aut
3290 2629 3540 2694 certavit,

1977 2721 2075 2767 aut
2103 2713 2339 2768 vinculis
2368 2714 2474 2768 illis
2503 2715 2715 2768 solutus
2740 2723 2845 2769 est.
2888 2714 2954 2769 Et
2987 2715 3088 2770 hoc
3115 2731 3248 2771 sane
3291 2715 3544 2771 Salvator

1979 2805 2094 2874 ipse
2127 2805 2256 2858 fecit
2286 2820 2378 2873 per
2403 2819 2463 2857 ea
2507 2821 2628 2873 quae
2660 2805 2976 2873 assumpsit,
3016 2805 3069 2858 in
3101 2806 3300 2874 quibus
3329 2807 3547 2861 unicui-

1981 2911 2086 2967 que
2118 2895 2399 2950 hominum
2431 2905 2753 2964 potestatem
2785 2897 2932 2951 dedit
2959 2897 3320 2952 interﬁciendi
3351 2913 3546 2966 pecca-

1979 2996 2116 3052 tum,
2153 2997 2208 3042 et
2253 2987 2567 3042 societatem
2607 2986 2946 3042 fortitudinis
2993 2988 3114 3057 ejus
3149 2990 3540 3058 consequendi.

1978 3077 2248 3145 Quoniam
2299 3079 2444 3134 enim
2497 3091 2618 3149 post
2664 3081 2948 3134 victoriam
2988 3079 3132 3132 illam
3185 3081 3438 3134 coronari
3490 3092 3547 3136 et

1978 3171 2316 3237 triumphare
2364 3170 2819 3240 oportebatripse
2856 3179 3036 3225 autem
3071 3171 3278 3240 plagas,
3301 3185 3542 3238 crucem,

1977 3269 2237 3328 mortem,
2273 3269 2328 3314 et
2375 3259 2756 3328 hujuscemodi
2791 3260 2932 3312 mala
2963 3270 3218 3328 expertus
3254 3267 3360 3324 est,
3396 3271 3448 3314 et
3489 3269 3546 3312 ut

1977 3352 2182 3409 Paulus
2237 3355 2314 3407 ait
2362 3373 2376 3406 :
2441 3370 2459 3404 ‹
2515 3351 2801 3420 Proposito
2853 3351 2954 3407 sibi
3014 3352 3230 3422 gaudio.
3285 3351 3549 3406 sustinuit

1978 3459 2222 3509 crucem,
2271 3443 2595 3498 confusione
2629 3452 2937 3510 contempta
2963 3441 3007 3472 ’⁵⁷
3035 3459 3049 3506 ;
3092 3459 3110 3492 ι
3144 3443 3273 3510 quid
3311 3442 3412 3494 fit?
3446 3443 3541 3497 Ille

1979 3539 2158 3591 scelus
2223 3536 2431 3590 nullum
2493 3534 2780 3596 conscivit,
2843 3535 2911 3586 ob
2982 3534 3126 3602 quod
3189 3549 3378 3601 poenas
3438 3544 3548 3587 tam

1977 3627 2128 3682 diras
2183 3629 2509 3690 exsolveret,
2571 3625 2720 3678 nullo
2749 3639 2806 3680 se
2855 3624 3054 3679 delicto
3103 3625 3416 3688 obstrinxit,
3453 3641 3552 3680 nec

1979 3721 2213 3789 patravit
2252 3719 2552 3788 quidpiam,
2614 3717 2759 3771 unde
2819 3717 2972 3770 illum
3021 3717 3104 3769 vel
3175 3717 3317 3768 inter
3390 3729 3552 3785 syco-

1981 3811 2217 3879 phantas
2288 3809 2805 3877 impudentissimus
2897 3821 3156 3861 accusare
3259 3809 3547 3874 potuisset.

1980 3901 2154 3970 Plagae
2187 3910 2365 3954 autem
2401 3909 2455 3953 et
2494 3901 2647 3952 dolor
2699 3906 2755 3952 et
2799 3913 2946 3952 mors
2986 3898 3055 3951 ab
3085 3899 3239 3950 initio
3289 3897 3552 3950 adversus

1982 4000 2261 4064 peccatum
2301 3990 2601 4061 excogitata
2629 4002 2773 4043 sunt.
2835 3989 2971 4054 Quid
3031 3994 3174 4042 enim
3233 3988 3551 4042 concederet

1985 4087 2084 4149 illi,
2138 4099 2446 4154 quanquam
2508 4085 2775 4151 benignus
2834 4083 3134 4136 Dominus?
3198 4081 3349 4134 l-laud
3406 4082 3552 4135 enim

1984 4192 2200 4246 atquutn
2255 4185 2356 4242 est,
2390 4175 2694 4245 [:CI'dzllOltc
2733 4184 2786 4228 et
2823 4186 2996 4227 morte
3025 4173 3194 4226 laetari
3231 4175 3549 4226 bomtatem.

1983 4272 2253 4336 Quocirca
2333 4278 2458 4337 post
2517 4275 2796 4336 peccatum
2875 4264 3137 4319 continuo
3195 4275 3424 4316 mortem
3501 4273 3555 4317 et

1987 4365 2202 4417 dolores
2233 4361 2456 4416 immisit
2485 4359 2648 4423 Deus,
2681 4373 2788 4412 non
2819 4358 2990 4427 magis
3023 4366 3080 4410 ut
3109 4372 3259 4410 reum
3289 4355 3555 4424 supplicio

308 4449 659 4558 πράγῖένοις
683 4488 782 4539 οὐκ
806 4482 874 4557 ἦν
898 4449 1209 4553 ἐφαρμόσαι
1239 4476 1443 4545 ταύτην
1467 4449 1564 4543 τὴν
1587 4472 1769 4540 δίκην,
1792 4468 1876 4521 καὶ

1994 4456 2271 4520 multaret,
2309 4469 2471 4522 quam
2513 4461 2571 4505 ut
2601 4461 2805 4520 aegroto
2841 4450 3169 4504 medicinam
3214 4449 3552 4501 admoveret.

305 4579 630 4652 ἀρρωστίας
667 4580 808 4647 ῐχνος
862 4573 1008 4646 εἶχεν
1037 4572 1190 4625 οὐδὲν
1240 4571 1267 4622 ὁ
1315 4567 1528 4635 Σωτὴρ,
1560 4563 1626 4632 ῆν
1675 4562 1888 4652 ἀνεῖλεν

304 4651 456 4741 ὅπερ
489 4669 650 4722 ἔλαϐε
684 4672 998 4738 φάρμακον,
1024 4665 1102 4726 είς
1131 4663 1278 4733 ἡμᾶς
1310 4661 1343 4729 ἠ
1373 4658 1466 4712 τοῦ
1503 4655 1764 4724 ποτηρίου
1795 4651 1888 4702 δύ-

309 4781 483 4833 ναμις
510 4762 718 4814 ἐκείνου
750 4759 1020 4812 διαϐαίνει
1055 4758 1151 4811 καὶ
1191 4746 1504 4809 ἀποκτείνει
1536 4750 1636 4820 τὴν
1671 4753 1729 4802 ὲν
1755 4745 1890 4818 ἡμῖν

311 4854 618 4926 ἁμαρτίαν,
657 4855 748 4904 καὶ
773 4854 806 4922 η
839 4851 931 4903 τοῦ
969 4847 1262 4903 ἀνευθύνυυ
1298 4845 1482 4914 πληγὴ
1523 4845 1733 4910 γίνεται
1763 4839 1890 4926 δίκη

310 4952 432 5010 τοῖς
464 4946 678 4999 πολλῶν
707 4945 987 5012 ὑπόχρεως
1019 4937 1161 4992 οὖσι.
1188 4941 1294 4992 Καὶ
1314 4938 1437 4990 ἐπεὶ
1475 4933 1686 5003 μεγαλη
1711 4947 1793 4992 τις
1823 4925 1891 4996 ἦν

313 5039 349 5106 ἡ
377 5037 502 5104 δίκη
544 5039 636 5086 καὶ
660 5032 950 5102 θαυμαστὴ
980 5032 1075 5084 καὶ⁸
1111 5032 1313 5099 μείζων
1347 5029 1378 5095 ἦ
1406 5027 1512 5077 τῶν
1537 5021 1892 5092 ἀνθρωπείων

316 5127 509 5182 κακῶν
537 5126 866 5195 ἀντίρροπος
895 5121 1058 5183 εἶναι,
1084 5122 1142 5174 οὐ
1174 5120 1338 5191 μέχρι
1364 5118 1555 5170 τούτου
1585 5114 1744 5184 μόνον
1763 5112 1891 5182 ἔστη

314 5219 531 5270 λύσασα
579 5219 641 5269 τὸ
686 5216 976 5285 ἔγκλημα,
1018 5213 1153 5268 ἀλλὰ
1212 5211 1483 5279 τοσαύτην
1551 5207 1893 5278 προσέθηκεν

317 5309 628 5377 ὑπερϐολὴν
657 5307 901 5375 ἀγαθῶν.
930 5306 1070 5359 ὥστε
1101 5305 1190 5357 καὶ
1223 5304 1302 5364 είς
1331 5304 1422 5356 τὸν
1469 5297 1695 5368 οὐρανὸν
1731 5297 1894 5348 αὐτὸν

319 5401 589 5470 ἀναϐῆναι
624 5403 716 5451 καὶ
744 5399 840 5468 τῆς
871 5397 1106 5450 ἐνταῦθα
1141 5395 1416 5466 βασιλείας
1445 5392 1518 5462 τῷ
1551 5390 1668 5458 Θεῷ
1699 5405 1891 5440 κοινω-

322 5494 488 5561 νῆσαι
544 5492 669 5553 τοὺς
727 5490 833 5542 ἀπὸ
893 5491 1016 5557 γῆς,
1064 5490 1191 5549 τοὺς
1227 5486 1528 5556 ἐχθίστους,
1572 5483 1697 5544 τοὺς
1751 5475 1894 5530 δεδε-

329 5588 544 5652 μένους,
577 5585 703 5646 τοὺς
735 5581 1296 5652 ὴνδραποδισμένους,
1331 5579 1453 5639 τοὺς
1485 5573 1886 5644 ἡτιμωμένους.

399 5771 441 5798 “-
469 5765 657 5819 Matth.
696 5781 721 5816 χ
794 5763 882 5818 2i.
958 5764 996 5791 ⁵⁷
1038 5760 1198 5813 llrbr.
1237 5774 1327 5822 xu,
1369 5756 1421 5807 ‘2.

1988 4549 2126 4615 Quia
2158 4549 2324 4617 igitur
2353 4546 2661 4600 actionibus
2715 4543 2921 4599 Christi
2954 4543 3336 4611 hujuscemodi
3379 4542 3556 4596 anim-

1987 4640 2240 4696 adversio
2279 4653 2385 4691 non
2422 4636 2801 4698 conveniebat,
2834 4651 2934 4688 nec
2965 4635 3133 4687 ullum
3186 4634 3357 4687 morbi
3391 4634 3557 4689 vesti-

1989 4735 2137 4803 gium
2173 4731 2422 4786 Salvator
2457 4729 2714 4794 habebat,
2763 4727 2905 4797 quod
2941 4734 3164 4794 accepto
3200 4725 3558 4779 medicamine

1991 4829 2292 4886 tolleretur.
2323 4825 2389 4878 ad
2437 4840 2535 4879 nos
2571 4823 2719 4877 illius
2749 4823 2983 4892 potionis
3013 4825 3301 4876 ellicacitas
3338 4821 3557 4886 transit,

1990 4929 2044 4975 et
2079 4931 2362 4989 peceatum
2419 4918 2475 4971 in
2523 4916 2682 4970 nobis
2717 4917 2929 4969 habrens
2962 4925 3176 4977 enecat,
3223 4914 3559 4981 verberaque

1993 5013 2301 5066 ittilOt‘eitliS
2364 5012 2502 5064 iiunt
2553 5008 2882 5078 supplicium
2936 5023 3030 5076 pro
3085 5007 3166 5060 his
3222 5007 3312 5074 qui
3371 5005 3558 5061 multis

1991 5105 2316 5160 criminibus
2348 5117 2476 5160 sunt
2507 5106 2755 5158 involuti.
2794 5103 2853 5156 Et
2881 5104 3139 5171 quoniam
3172 5114 3331 5170 poena
3367 5099 3558 5167 ingrns‘

1993 5208 2189 5253 eratet
2219 5196 2542 5265 singularis,
2579 5196 2883 5264 majorque,
2911 5179 3094 5264 quam
3135 5200 3194 5245 ut
3222 5207 3341 5244 eam
3382 5190 3558 5242 homi-

1995 5308 2123 5348 num
2157 5302 2364 5346 scelera
2391 5288 2766 5357 adaequarent,
2799 5304 2905 5341 non
2939 5287 3025 5340 hic
3047 5286 3316 5346 constitit,
3347 5293 3402 5334 ut
3431 5297 3559 5334 con-

1997 5397 2166 5440 tracta
2211 5386 2439 5438 erimina
2473 5384 2736 5449 expiaret,
2775 5380 2868 5435 sed
2915 5391 3120 5432 tantum
3159 5377 3421 5430 bonorum
3455 5388 3554 5424 cu-

2001 5479 2205 5530 mulum
2232 5477 2450 5544 au'jeeit,
2478 5486 2534 5528 ut
2561 5482 2614 5528 et
2656 5475 2708 5526 in
2741 5474 2940 5525 malum
2970 5469 3342 5523 escenderent,
3370 5475 3422 5515 et
3449 5463 3558 5514 illic

2001 5567 2107 5622 Deo
2146 5577 2428 5621 consortes
2467 5564 2614 5635 regni
2658 5564 2866 5628 ﬁerent,
2909 5556 3128 5620 terreni,
3172 5549 3559 5618 inimicissimi,
