3992 6202
454 352 585 420 .515

1737 351 2046 414 NICOLAI
2081 355 2169 415 CA
2182 352 2471 415 BASILIE

3616 350 3713 416 516

472 462 664 532 vincti,
695 463 956 519 servitute
987 461 1238 533 Oppressi
1280 471 1444 533 atque
1499 464 1760 533 despecti.
1792 463 2040 520 Pretiosa

2147 468 2341 538 Τίμιος
2375 467 2483 537 γὰρ
2521 460 2591 537 ἧν
2620 465 2647 518 ὁ
2678 462 2907 527 θάνατος
2935 462 3141 525 ἐκεῖνος
3171 456 3435 528 οὐμενοῦν
3465 459 3574 515 οὐδ’
3596 462 3716 518 ὅσον

473 557 620 612 enim
652 562 771 611 erat
800 570 945 611 mors
977 555 1089 621 illa,
1113 564 1384 625 quantum
1431 570 1583 613 mens
1611 556 1849 613 humana
1890 574 2041 613 com-

473 647 813 718 prehendere
860 645 1075 715 nequit,
1113 645 1219 700 etsi
1274 645 1342 700 ab
1377 646 1667 703 homicidis
1719 647 1827 702 illis
1878 663 2044 716 parvo

481 737 738 793 venditus
762 745 846 791 est
866 735 1042 791 libens
1069 736 1336 791 Salvator.
1364 737 1429 792 Et
1459 738 1574 793 haec
1603 755 1709 792 una
1743 754 1868 809 pars
1898 739 2043 794 illius

472 842 703 884 summa:
740 828 1079 897 paupertatis
1110 837 1163 884 et
1188 829 1527 898 ignominiae,
1553 839 1612 883 ut
1644 830 1786 899 quod
1820 830 2044 884 omnino

476 915 730 971 venditus
777 924 943 981 esset,
976 919 1030 970 in
1069 930 1135 972 eo
1173 918 1373 972 servile
1426 918 1685 988 quiddam
1740 920 2041 982 susxiucns,

472 1008 833 1063 contumelias
878 992 1220 1075 lucraretur;
1261 1010 1497 1065 dedecus
1529 1011 1673 1065 enim
1729 1026 1827 1079 pro
1885 1011 2042 1066 nobis

471 1109 527 1155 et
554 1101 908 1171 opprobrium
960 1100 1014 1154 in
1047 1101 1215 1157 lucris
1267 1103 1622 1168 numerabat;
1660 1103 1816 1171 pretii
1860 1112 2040 1157 autem

469 1191 769 1263 exiguitate
804 1192 1202 1255 insinuaretur,
1228 1208 1349 1246 eum
1387 1193 1453 1248 ad
1491 1204 1718 1247 mortem
1754 1212 1851 1263 pro
1883 1212 2042 1249 utun-

470 1284 541 1338 do
574 1284 981 1354 perpetiendam
1010 1285 1182 1351 gratis
1223 1284 1458 1349 venisse,
1490 1294 1550 1338 et
1584 1286 1687 1339 hoc
1722 1286 1796 1340 illi
1843 1303 2042 1342 munus

471 1374 624 1429 dare.
676 1374 881 1444 Sponte
913 1384 965 1428 et
999 1376 1141 1430 ultro
1198 1384 1282 1429 est
1334 1385 1611 1439 mortuus,
1652 1392 1772 1431 cum
1838 1377 2041 1433 nemini

472 1483 575 1521 nec
623 1467 966 1531 l'acrtltatum,
1005 1482 1104 1521 nec
1156 1466 1278 1520 vitae
1310 1468 1488 1521 civilis
1539 1479 1702 1538 atque
1735 1469 2041 1523 communis

473 1556 645 1626 gratia
703 1555 864 1607 ullam
929 1554 1284 1623 imposuisset
1340 1555 1619 1622 iniuriam,
1667 1566 1720 1610 et
1765 1557 2039 1613 beneﬁciis

474 1645 595 1697 ilius
631 1645 1013 1698 interfectores
1046 1658 1176 1696 suos
1200 1644 1345 1695 omni
1375 1658 1470 1713 spe
1499 1660 1562 1698 ac
1589 1646 1856 1699 desiderio
1885 1647 2042 1717 longe

471 1737 771 1804 tuajoribus
808 1737 1211 1791 antevenisset.

540 1865 646 1921 Sed
685 1866 817 1935 quid
863 1881 963 1936 ego
1004 1868 1109 1921 ista
1146 1866 1553 1922 commemoro?
1602 1867 1746 1922 Deus
1788 1877 2040 1923 mortuus

472 1967 605 2014 est:
646 1957 737 2012 Dei
792 1958 1021 2025 sanguis
1064 1960 1122 2016 in
1161 1974 1325 2015 cruce
1370 1959 1579 2015 effusus
1614 1969 1717 2016 est.
1756 1959 1897 2027 Quid
1950 1961 2051 2015 hac

470 2058 648 2107 morte
683 2050 1021 2119 pretiosius?
1080 2050 1211 2120 quid
1268 2052 1640 2106 venerandum
1694 2050 1871 2122 magis
1934 2052 2049 2108 tieri

471 2142 675 2212 queat?
704 2141 860 2208 Quod
915 2149 1123 2197 tantum
1164 2142 1344 2199 scelus
1395 2142 1680 2197 hominum
1738 2142 1860 2209 fuit,
1891 2153 1950 2199 ut
1996 2144 2048 2198 id

469 2235 659 2290 eluere
698 2235 923 2291 deberet
972 2235 1096 2305 ipsa
1146 2235 1404 2305 justitia?
1436 2235 1608 2301 Quale
1649 2236 1870 2303 vulnus,
1902 2236 2049 2305 quod

471 2335 584 2380 tam
638 2325 823 2383 nobile
877 2326 1144 2383 auxilium
1210 2326 1501 2395 posceret?
1554 2324 1852 2396 Oportebat
1904 2328 2048 2382 enim

470 2418 751 2487 supplicio
781 2416 973 2487 aliquo
1018 2430 1304 2490 peccatum
1334 2417 1564 2482 aboleri,
1593 2419 2050 2474 commissorum-

469 2522 579 2576 que
637 2509 907 2565 adversus
959 2525 1083 2564 eum
1129 2509 1280 2579 justa
1311 2523 1471 2578 pmna
1512 2524 1774 2579 expensa.
1814 2524 2043 2565 accusa-

470 2602 620 2654 tione
651 2600 897 2655 liberari.
930 2599 1069 2655 Nam
1116 2606 1211 2669 qui
1245 2615 1437 2670 pmnas
1465 2602 1730 2670 suscepit,
1774 2615 1941 2670 super
1972 2601 2041 2655 iis

472 2701 694 2762 propter
743 2708 867 2763 qua:
916 2692 1156 2761 suscepit
1209 2693 1260 2746 in
1311 2692 1581 2761 judicium
1639 2692 1875 2761 amplius
1935 2706 2042 2745 non

471 2794 723 2842 vocatur.
783 2784 1079 2841 Hominum
1133 2801 1265 2840 vero
1300 2786 1680 2854 reperiebatur
1720 2799 1900 2851 nemo,
1949 2783 2043 2855 qui

471 2880 587 2947 ipse
641 2880 851 2949 integer
878 2893 934 2932 et
991 2893 1021 2932 a
1054 2878 1178 2933 labe
1235 2894 1405 2948 purus
1446 2886 1763 2947 pateretur;
1822 2878 2041 2947 quando

472 2983 574 3023 nec
626 2969 729 3025 sibi
777 2968 1001 3038 quidem
1046 2969 1194 3023 ullus
1228 2967 1569 3031 ‘suﬂieiebat,
1636 2982 1815 3038 neque
1875 2982 2048 3038 genus

475 3059 777 3113 humanum
836 3059 1178 3121 universum,
1229 3062 1275 3114 si
1333 3061 1531 3115 millies
1584 3061 1724 3115 mori
1777 3060 2046 3126 licuisset,

470 3152 858 3208 commeritum
895 3154 1224 3222 supplicium
1252 3152 1383 3210 dare
1410 3152 1696 3222 potuisset.
1721 3151 1862 3216 Quid
1897 3152 2043 3205 euim

474 3259 574 3315 pro
627 3243 894 3315 dignitate
950 3248 1197 3315 patiatur
1240 3260 1433 3300 servus
1486 3244 1917 3315 impurissimus,
1949 3243 2041 3314 qui

468 3332 678 3404 regiam
730 3333 1021 3403 imaginem
1073 3334 1358 3400 contrivit,
1394 3343 1450 3388 et
1486 3335 1538 3389 in
1585 3343 1788 3388 tantam
1826 3334 2047 3389 celsitu-

471 3423 657 3478 dinem
688 3424 1126 3481 contumeliosus
1160 3425 1299 3480 l‘uit?
1350 3425 1556 3482 Idcirco
1605 3425 1871 3481 Dominus
1905 3425 2042 3495 ipso,

472 3517 541 3572 ab
571 3516 720 3571 omni
752 3524 983 3587 peccato
1013 3518 1249 3582 alienus,
1279 3519 1451 3572 multa
1483 3517 1715 3572 nefanda
1750 3531 2044 3587 perpessus

472 3612 742 3676 moritur;
777 3620 831 3665 et
871 3611 1038 3664 homo
1070 3610 1355 3666 hominum
1392 3624 1616 3665 causam
1652 3609 2044 3679 patrocinium-

477 3717 579 3773 que
623 3702 954 3771 suscipiens,
984 3701 1261 3758 cruciatus
1291 3694 1497 3771 excipit
1519 3743 1534 3766 ,
1566 3709 1622 3755 et
1669 3716 1841 3773 genus
1881 3716 2043 3759 suum

471 3793 704 3861 piaculis
779 3793 1073 3857 absolvit;
1152 3793 1483 3863 compeditis
1561 3793 1864 3849 libertatem
1944 3794 2046 3848 do-

472 3895 598 3951 nat,
638 3901 746 3955 qua
779 3886 915 3957 ipse,
941 3897 1002 3941 ut
1030 3888 1172 3942 Deus
1203 3894 1257 3942 et
1286 3886 1577 3951 Dominus,
1608 3901 1719 3941 non
1753 3888 1967 3955 egebat.

546 3980 790 4044 Quorum
839 3981 1013 4047 gratia
1057 3980 1227 4050 igitur
1271 3994 1397 4033 vera
1444 3981 1552 4035 vita
1574 3983 1670 4049 per
1713 3996 1899 4035 necem
1926 3979 2046 4037 Sal-

472 4072 684 4125 vatoris
715 4069 781 4124 ad
818 4085 921 4125 nos
961 4072 1281 4136 dimanarit,
1336 4073 1449 4125 haec
1482 4082 1630 4127 sunt.
1692 4073 1903 4136 Modus,
1933 4088 2044 4140 quo

394 4204 399 4209 -
475 4162 620 4217 hanc
660 4160 825 4214 vitam
881 4162 933 4213 in
970 4159 1182 4214 animas
1231 4170 1448 4214 nostras
1479 4162 1813 4227 derivemus,
1846 4173 1950 4225 est,
1987 4172 2046 4216 ut

477 4252 749 4322 mysteriis
780 4251 1093 4303 initietnur:
1131 4266 1323 4318 nempe
1356 4261 1412 4304 ut
1448 4253 1755 4313 abluantur,
1799 4262 1859 4305 ut
1891 4254 2047 4306 inun-

476 4359 694 4413 gamur,
758 4349 818 4393 ut
867 4350 1221 4393 sacrosancto
1268 4341 1522 4394 convivio
1574 4357 1672 4395 nos
1705 4342 2041 4407 cxplcamus.

476 4436 602 4492 Haec
637 4436 727 4499 qui
784 4432 1009 4494 faciunt,
1073 4432 1138 4484 ad
1193 4446 1291 4485 eos
1325 4432 1579 4485 Christus
1624 4436 1794 4495 venit,
1844 4436 1896 4488 in
1939 4436 2045 4490 illis

2151 559 2464 631 ἀνθρώποις
2508 557 2831 627 λογίσασθαι
2860 555 3109 621 δυνατὸν,
3154 554 3247 607 καὶ
3282 553 3329 607 εί
3366 553 3550 620 ὀλίγου
3577 555 3720 620 τινὸς

2152 651 2366 722 ἐπράθη
2395 652 2506 711 τοῖς
2539 651 2845 720 φωνευταῖς
2877 647 3294 719 συγχωροῦντος
3313 644 3408 700 τοῦ
3433 645 3717 715 Σωτῆρος’

2152 743 2243 797 ἵνα
2294 742 2391 795 καὶ
2431 741 2592 795 τοῦτο
2632 743 2906 811 πτωχείας
2952 724 3103 810 αύτῴ
3145 737 3296 812 γέμῃ
3345 738 3437 791 καὶ
3474 738 3722 804 ἀτιμίας,

2151 836 2301 888 ὦσαν
2332 833 2405 906 τῷ
2447 835 2546 903 μὲν
2595 835 2731 897 ὅλως
2766 832 3040 904 πραθῆναι
3089 832 3157 885 τὰ
3188 831 3393 885 δούλων
3421 827 3725 899 ὑπομείνας

2151 929 2211 981 τὸ
2243 927 2570 996 ὑϐρισθῆναι
2606 944 2667 980 κε
2680 927 2865 997 ρδάνῃ.
2892 925 3095 995 Κέρδος
3121 924 3229 993 γὰρ
3255 924 3438 993 ἠγεῖτο
3464 922 3560 989 τὴν
3586 921 3724 991 ὑπὲρ

2152 1021 2311 1089 ἡμῶν
2339 1021 2565 1089 ἀτιμίαν
2593 1034 2607 1049 ⁸
2640 1019 2715 1086 τῷ
2739 1018 2793 1070 δὲ
2825 1017 3005 1085 ὀλίγου
3034 1016 3180 1078 τινος
3215 1014 3489 1084 αίνίξηται
3520 1015 3725 1081 προῖκα

2150 1113 2245 1164 καὶ
2274 1111 2448 1180 δῶρον
2472 1113 2547 1172 εἰς
2572 1110 2664 1163 τὸν
2700 1110 2840 1181 ὑπὲρ
2875 1108 2966 1162 τοῦ
2993 1108 3204 1177 κόσμου
3231 1105 3463 1159 θάνατον
3488 1104 3727 1185 ἀφιγμέ-

2151 1222 2262 1268 νος.
2312 1202 2486 1256 Ἐκὼν
2524 1205 2787 1270 ἀπέθανε,
2820 1201 3021 1274 μηδένα
3059 1200 3225 1270 μηδὲν
3259 1198 3548 1267 ἀδικήσας,
3595 1195 3725 1250 οὔτε

2149 1295 2244 1348 τοῦ
2278 1297 2394 1366 βίου
2431 1297 2597 1349 ἕνεκα
2619 1295 2739 1348 οῦτε
2773 1295 2874 1365 τῆς
2908 1296 2985 1356 εἰς
3017 1293 3078 1345 τὸ
3107 1292 3284 1346 κοινὸν
3307 1290 3603 1351 πολιτείας,
3637 1307 3730 1359 χαο

2155 1392 2318 1459 ρίτων
2345 1388 2596 1459 ὑπάρξας
2632 1390 2743 1450 τοῖς
2784 1387 3069 1457 φονευταῖς
3105 1384 3215 1438 τῶν
3266 1381 3574 1451 ἐπιθυμιῶν
3627 1381 3728 1432 καὶ

2151 1480 2260 1533 τῶν
2288 1480 2522 1533 ἐλπίδων
2559 1480 2738 1550 πολλῷ
2767 1477 3052 1549 μειζόνων.

2073 1832 2116 1887 Β
2218 1836 2325 1890 Καὶ
2343 1834 2396 1888 τί
2432 1833 2495 1905 δὴ
2518 1796 2686 1889 ταῦτα
2710 1835 2852 1902 λέγω
2879 1832 3046 1894 ςθεὺς
3076 1829 3343 1884 ἀπέθανεν
3372 1844 3385 1858 '
3419 1822 3556 1895 αἷμα
3583 1824 3727 1876 ΘΞςῦ

2152 1929 2212 1981 τὸ
2245 1929 2400 1998 χεθὲν
2432 1931 2522 1981 ἐπὶ
2564 1928 2657 1980 τοῦ
2685 1926 2942 1996 σταυρ-ιῦ.
2973 1924 3037 1977 Τί
3064 1923 3387 1992 τιμιώτερον
3412 1921 3598 1972 τούτου
3626 1918 3728 1986 γέ·

2152 2019 2283 2072 νοιτ’
2314 2020 2378 2072 ἂν
2410 2018 2505 2072 τοῦ
2547 2017 2818 2085 θανάτους
2855 2018 2907 2069 τί
2940 2015 3370 2085 φρικωδέστερον
3393 2029 3408 2076 ;
3435 2009 3499 2061 Τί
3537 2006 3735 2061 τοσοῦ-

2151 2127 2244 2162 τον
2294 2109 2543 2180 ἥμαρτεν
2592 2111 2624 2178 ἡ
2672 2109 2778 2161 τῶν
2823 2105 3126 2177 ἀνθρώπων
3173 2103 3360 2173 φύσις,
3412 2102 3535 2155 ὅσον
3574 2098 3732 2152 λύειν

2153 2201 2299 2272 ε’χεν
2331 2205 2365 2274 ἡ
2395 2202 2560 2272 δίκης
2594 2203 2830 2270 Πηλίκον
2874 2201 2941 2254 ἂν
2974 2196 3042 2270 ἦν
3067 2200 3128 2252 τὸ
3172 2196 3419 2268 τραῦμα,
3463 2193 3603 2247 ὥστε
3630 2194 3733 2246 ἀν-

2153 2297 2413 2367 τίρροπον
2436 2294 2693 2363 γενέσθαι
2714 2296 2777 2364 τῇ
2807 2291 2899 2347 τοῦ
2931 2293 3224 2361 φαρμάκου
3253 2288 3444 2342 τούτου
3466 2286 3727 2355 δυνάμει;

2157 2388 2301 2440 Ἔδει
2326 2388 2428 2457 μὲν
2458 2387 2567 2458 γὰρ
2589 2387 2830 2475 τιμωδοίᾳ
2852 2387 2962 2438 τινὶ
2994 2384 3386 2455 τὴνιάμαρτίαν
3412 2378 3733 2449 καταλυθῆ-

2154 2498 2263 2542 ναι,
2292 2480 2388 2533 καὶ
2418 2472 2491 2532 ὧν
2516 2479 2653 2551 πρὸς
2682 2472 2817 2532 Θεὸν
2845 2478 3252 2549 ὲξημάρτομεν,
3294 2475 3394 2546 τὴν
3420 2474 3578 2539 ἀξίας
3599 2474 3730 2528 66v-

2152 2588 2251 2635 τας
2301 2571 2459 2644 δίκην
2506 2570 2854 2644 ἀπηλλάχθαι
2906 2571 3017 2622 τῶν
3074 2568 3460 2639 ἐγκλημάτων.
3498 2566 3555 2620 Ὁ
3609 2565 3732 2635 γὰρ

2152 2664 2612 2736 τιμωρησάμενος
2655 2660 2736 2728 οἷς
2764 2661 3038 2734 ἐπήνεγκε
3068 2662 3245 2731 δίκην,
3294 2660 3554 2730 ἐγκαλοίη
3591 2658 3731 2729 περὶ

2154 2754 2264 2807 τῶν
2298 2755 2476 2808 αὐτῶν
2516 2756 2619 2808 οὐκ
2651 2754 2717 2808 ἂν
2762 2754 2843 2807 ἔτι
2869 2770 2883 2784 ⁸
2921 2754 3226 2825 ἀνθρώπων
3247 2751 3304 2805 δὲ
3332 2750 3508 2815 οὐδεὶς
3534 2746 3628 2820 ἦν,
3662 2750 3732 2815 ὃς

2151 2843 2383 2914 εὐθύνης
2412 2845 2653 2916 καθαρὸς
2685 2842 2762 2899 ὢν
2796 2844 2957 2908 αὐτὸς
2983 2845 3123 2915 ὑπὲρ
3151 2844 3258 2896 τῶν
3291 2843 3469 2897 ἄλλων
3515 2839 3731 2895 ἔπαθεν

2152 2934 2238 3000 ἂν,
2285 2936 2417 2989 ὅπου
2451 2954 2515 3005 γε
2544 2937 2666 2991 οὐδὲ
2696 2937 2872 3008 ἑαυτῷ
2920 2955 3002 3002 τις
3029 2937 3282 3007 ἤρκεσεν,
3326 2934 3528 2988 οὐδὲτὸ
3560 2933 3741 3002 γένος

2154 3031 2320 3090 ἂπαν,
2355 3031 2403 3081 εί
2449 3030 2708 3102 μευριάκις
2744 3030 2872 3102 ἐξῆν
2915 3030 3231 3097 ἀποθανεῖν,
3274 3029 3373 3099 τὴν
3419 3027 3733 3096 γενομένην

2152 3120 2377 3174 ἀπέτισε
2420 3122 2598 3191 δίκην.
2631 3123 2696 3175 Τί
2727 3124 2832 3194 γὰρ
2875 3122 2941 3177 ἂν
2988 3122 3137 3188 ἄξιον
3172 3123 3266 3175 καὶ
3317 3120 3481 3174 πάθοι
3534 3119 3730 3183 δοῦλος

2149 3214 2451 3283 αἴσχιστος,
2500 3215 2598 3286 τὴν
2624 3216 2811 3272 είκόνα
2863 3214 3160 3286 συντρίψας
3191 3214 3288 3286 τὴν
3319 3212 3602 3285 βασιλικὴν
3625 3216 3730 3265 καὶ

2147 3306 2284 3374 πρὸς
2310 3306 2565 3360 τοσοῦτον
2593 3305 2727 3377 ὕψος
2754 3307 2980 3379 ὑϐρίσας
3004 3324 3020 3375 ;
3045 3307 3143 3360 Διά
3181 3305 3354 3360 ταῦτα
3374 3307 3403 3358 ό
3438 3304 3727 3374 Δεσπότης

2144 3402 2171 3454 ὀ
2188 3400 2594 3472 ἀναμάρτητος,
2616 3402 2827 3458 πολλῶν
2849 3404 3037 3459 δεινῶν
3055 3403 3446 3476 ἀνασχόμενος,
3477 3402 3729 3481 ἀποθνή-

2148 3508 2267 3544 σκει
2299 3493 2394 3545 καὶ
2418 3491 2582 3563 φέρει
2609 3494 2707 3564 μὲν
2730 3492 2829 3566 τὴν
2858 3493 3096 3565 πληγὴν,
3117 3494 3253 3567 ὑπὲρ
3274 3495 3381 3551 τῶν
3410 3492 3728 3565 ἀνθρώπων

2148 3582 2593 3654 ἀπολογούμενος
2635 3584 2925 3659 ἄνθρωπος
2964 3584 3062 3650 ὢν,
3094 3586 3211 3643 λύει
3238 3585 3294 3639 δὲ
3325 3586 3385 3638 τὸ
3419 3585 3573 3654 γένος
3601 3584 3726 3639 τῶν

2148 3676 2521 3747 ἐγκλημάτων
2563 3678 2867 3749 καλξδίδωσι
2900 3680 3012 3744 τοῖς
3036 3679 3345 3749 δεδεμένοις
3377 3676 3722 3748 ἐλευθερίαν,

2143 3770 2225 3829 ὅτι
2250 3770 2415 3834 αὐτὸς
2441 3771 2542 3824 οὐκ
2565 3771 2735 3826 ἐδεῖτο
2767 3771 2990 3846 ταύτης,
3020 3771 3151 3837 Θεὸς
3184 3770 3259 3825 ὣν
3292 3771 3386 3824 καὶ
3413 3772 3726 3840 Δεσπότης.

2228 3959 2371 4014 ’Λνθ“
2404 3952 2479 4014 ὧν
2528 3960 2626 4029 μὲν
2665 3958 2756 4013 οῦν
2793 3961 2825 4030 ἡ
2857 3959 3087 4031 ἀληθινὴ
3105 3958 3216 4032 ζωὴ
3241 3960 3337 4015 διὰ
3362 3960 3456 4014 τοῦ
3482 3960 3725 4014 θανάτου

2146 4052 2240 4106 τοῦ
2270 4054 2521 4124 Σωτῆρος
2551 4054 2631 4115 είς
2671 4055 2816 4123 ἡμᾶς
2847 4054 3134 4119 διαὸαίνει,
3168 4054 3340 4108 ταῦτά
3373 4054 3539 4106 ἐστιν.
3578 4053 3636 4107 Ὀ
3655 4054 3726 4106 δὲ

2144 4147 2367 4214 τρόπος.
2401 4148 2548 4208 ὅπως
2576 4148 2780 4219 ταύτην
2812 4147 3047 4214 ἕλκομεν
3079 4149 3155 4210 εἰς
3189 4146 3285 4213 τὰς
3315 4146 3587 4219 ἡμετέρας
3617 4144 3728 4214 ψυ-

2144 4240 2265 4308 χὰς,
2298 4239 2457 4291 τοῦτό
2489 4241 2608 4291 ἐστι
2637 4239 2697 4292 τὸ
2733 4239 3148 4308 τελεσθῆναιτά
3181 4238 3478 4308 μυστήρια,
3507 4236 3564 4289 τὸ
3593 4235 3729 4288 λού-

2146 4331 2366 4392 σασθαι,
2395 4333 2453 4384 τὸ
2500 4332 2816 4403 χρισθῆνᾳι,
2848 4334 2905 4385 τὸ
2952 4332 3239 4401 τραπέζης
3279 4329 3583 4385 ἀπολαῦσαι
3614 4329 3727 4398 τῆς

2147 4424 2321 4491 ἱερᾶς.
2353 4424 2540 4477 Ταῦτα
2576 4426 2684 4493 γὰρ
2718 4424 2964 4481 ποιοῦσιν
2995 4426 3020 4478 ὁ
3049 4426 3286 4493 Χριστὸς
3317 4425 3573 4493 ἐπιδημεῖ
3619 4424 3727 4477 καὶ

474 4527 710 4587 habitat,
757 4523 869 4577 illis
897 4521 1183 4589 cupulatur
1210 4532 1266 4576 ct
1312 4523 1654 4587 adhmrcscit,
1683 4536 1735 4577 et
1761 4538 2041 4593 peccatum

2148 4516 2344 4569 ἐνοικεῖ
2398 4518 2491 4569 καὶ
2544 4518 2875 4575 συνάπτεται
2916 4519 3009 4572 καὶ
3070 4517 3437 4586 προσφύεται,
3470 4517 3563 4569 καὶ
3611 4515 3727 4584 τὴν

476 4619 651 4681 elidit,
679 4618 958 4684 vitamque
1005 4630 1161 4670 suam
1193 4623 1243 4668 ct
1281 4615 1659 4669 strcnuitatem
1695 4617 1955 4683 impertit,
1989 4618 2043 4670 in

471 4725 684 4784 partem
718 4711 963 4765 victm-ite
986 4726 1099 4764 sua;
1131 4708 1389 4774 admittit,
1421 4708 1476 4777 (ο
1512 4710 1807 4763 bonitatem
1834 4709 1873 4777 ι)
1906 4710 2044 4763 lotos

472 4815 720 4867 coronat,
751 4813 804 4859 et
834 4801 1182 4858 cmnautihus
1215 4802 1543 4868 pru‘mnium
1588 4801 1802 4856 tribuit.
1838 4800 2043 4867 Quam-

474 4898 665 4950 obrem
708 4906 912 4957 autem,
969 4904 1023 4947 et
1078 4907 1315 4962 quanam
1352 4894 1564 4945 ratione
1594 4891 1676 4956 ﬁt,
1722 4901 1844 4947 uta
1895 4892 2041 4945 lava-

471 4990 646 5052 tione,
682 4999 736 5042 et
782 4988 1065 5049 unctione,
1101 4994 1157 5040 et
1214 5000 1400 5039 mensa
1446 4984 1676 5038 victoria
1727 4999 2042 5053 coronaque

475 5082 749 5144 obveniat,
786 5094 908 5149 qum
939 5080 1211 5139 laborum.
1245 5078 1530 5142 sudorum,
1563 5076 2041 5145 periculorumque

475 5175 696 5243 praemia
732 5170 901 5225 sunt?
929 5170 1066 5235 Quia
1103 5168 1317 5221 tametsi
1353 5183 1458 5220 non
1493 5177 1790 5232 certamus,
1823 5182 1925 5222 nec
1965 5167 2044 5222 la-

474 5262 735 5318 boramus
770 5262 872 5314 ista
921 5260 1211 5324 obeuntes,
1247 5259 1610 5312 nihilominus
1639 5257 1782 5313 illius
1809 5272 2035 5327 agonem

474 5356 729 5411 laudibus
777 5353 1144 5412 celebramus,
1179 5350 1460 5404 victoriam
1525 5349 1880 5417 suscipimus.
1931 5359 2042 5405 tro-

470 5464 647 5519 pzeum
686 5445 980 5500 adoramus
1001 5484 1017 5509 ,
1047 5454 1098 5498 et
1123 5457 1251 5513 erga
1285 5442 1600 5496 bellatorem
1650 5441 2035 5508 fortissimum,

468 5538 750 5601 eximium,
816 5532 1300 5601 incredibilemque
1364 5545 1604 5584 amorem
1655 5529 2037 5595 ostendimus;

470 5628 806 5696 vulneraque
840 5626 953 5690 illa,
988 5636 1041 5679 et
1089 5625 1293 5695 plagas,
1323 5632 1378 5677 et
1413 5634 1641 5677 martem
1675 5621 1740 5675 ad
1795 5637 1892 5675 nos
1926 5630 2039 5676 tra-

475 5718 677 5783 himus,
723 5733 777 5773 ct
822 5736 925 5788 qua
981 5720 1061 5774 \iu
1103 5733 1419 5789 possumus,
1464 5716 1622 5770 nobis
1671 5714 2033 5778 vindicamus.

472 5808 752 5878 ipsamque
805 5825 1024 5865 carnem
1080 5809 1280 5864 mortui
1344 5819 1395 5863 ct
1456 5807 1678 5869 redhiti
1726 5815 2030 5877 gustamus.

2147 4609 2425 4677 ἁμαρτίαν
2474 4610 2534 4661 ὲν
2569 4611 2700 4680 ἡμῖν
2752 4607 3047 4678 ἀποπνίγει
3078 4609 3172 4660 καὶ
3223 4608 3322 4677 τὴν
3356 4606 3500 4676 ζωὴν
3538 4606 3721 4673 ἐνίησι

2142 4704 2241 4766 τὴν
2280 4699 2474 4752 ἑαυτοῦ
2505 4701 2599 4756 καὶ
2629 4701 2727 4761 τὴν
2759 4700 3062 4770 ἀριστείαν,
3098 4700 3190 4752 καί
3219 4699 3508 4761 κοινωνοὺς
3540 4698 3722 4748 ποιεῖ-

2143 4776 2234 4844 ται
2289 4793 2388 4861 τῆς
2440 4793 2617 4861 νίκης,
2669 4792 2750 4858 (ὣ
2800 4794 2897 4861 τῆς
2922 4792 3253 4861 ἀγαθότητος
3285 4792 3339 4859 l)
3388 4790 3716 4859 λουομένους

2143 4883 2325 4936 ἀναὸεῖ
2349 4884 2440 4934 καὶ
2468 4880 2818 4944 δειπνοῦντας
2845 4879 3230 4950 ἀνακηρύττει.
3258 4879 3353 4931 Διά
3379 4877 3432 4930 τί
3453 4878 3544 4930 καὶ
3568 4875 3720 4928 κατὰ

2141 4975 2224 5027 τίν
2239 4995 2261 5024 .1.
2299 4974 2393 5025 τοῦ
2448 4974 2730 5043 γινομένου
2781 4972 2942 5039 λόγου
2976 4971 3083 5025 ἀπὸ
3122 4969 3349 5040 λουτροῦ
3396 4970 3488 5023 καὶ
3522 4972 3718 5038 μύρων

2142 5069 2236 5120 καὶ¹
2264 5066 2545 5135 τραπέζης
2575 5065 2698 5132 νίκη
2724 5065 2819 5119 καὶ
2848 5067 3135 5133 στέφανος.
3168 5062 3202 5117 ἃ
3228 5063 3405 5115 πόνων
3436 5061 3528 5115 καὶ
3552 5059 3717 5131 ἱδρὼο

2139 5175 2248 5211 των
2273 5159 2392 5210 ἐστὶ
2425 5158 2636 5226 καρπός
2664 5174 2679 5222 ;
2707 5155 2830 5208 Ὅτι
2862 5157 2910 5208 εί
2934 5156 3028 5210 καὶ
3057 5155 3131 5225 μὴ
3161 5153 3542 5223 ἀγωνιζόμεθα
3571 5151 3715 5223 μηέὲ

2094 5246 2097 5247 ⁷
2140 5249 2413 5317 πονοῦμεν
2469 5248 2641 5300 ταῦτα
2705 5245 3005 5310 ποιοῦντες,
3062 5246 3199 5299 ἀλλά
3257 5246 3345 5298 τόν
3399 5262 3463 5313 γε
3521 5245 3711 5312 ἀγῶνα

2144 5338 2429 5408 ὑμνοῦμεν
2484 5341 2689 5391 ἐκεῖνον
2745 5340 2840 5391 καὶ
2872 5338 3225 5406 θαυμάζομεν
3271 5336 3370 5407 τὴν
3421 5336 3577 5405 νίκην
3614 5336 3712 5387 καὶ

2141 5432 2557 5503 προσκυνοῦμεν
2610 5431 2670 5482 τὸ
2724 5432 2984 5500 τρόπαιον
3018 5432 3111 5483 καὶ
3168 5431 3295 5499 περὶ
3343 5429 3433 5481 τὸν
3481 5430 3710 5498 ἀριστέα

2142 5523 2370 5593 σφοδρόν
2406 5540 2460 5573 τι
2493 5523 2587 5575 καὶ
2616 5524 2855 5593 ἄρρητον
2886 5521 3569 5596 ἐπιδεικνύμεθαφίλτρον.
3603 5520 3708 5573 Καὶ

2138 5618 2207 5670 τὰ
2265 5616 2556 5686 τραύματα
2628 5617 2810 5669 ἐκεῖνα
2879 5618 2972 5668 καὶ
3019 5616 3117 5686 τὴν
3184 5615 3400 5687 πληγὴν
3457 5620 3551 5668 καὶ
3616 5615 3709 5666 τὸν

2140 5710 2365 5765 θάνατον
2398 5709 2767 5779 οἰκειούμεθα,
2825 5711 2915 5762 καὶ
2965 5708 3037 5762 δι’
3066 5703 3138 5762 ὧν
3177 5708 3382 5772 ἔξεστιν
3429 5712 3508 5772 είς
3558 5709 3708 5778 ἡμᾶς

2140 5805 2336 5866 αὐτοὺς
2375 5803 2631 5872 ἒῐι.κομ;ν,
2674 5802 2765 5855 καὶ
2801 5802 2982 5857 αὖιτῶν
3026 5803 3296 5875 γενόμεθα
3330 5803 3440 5857 τῶν
3486 5801 3707 5871 σαρκῶν
