3992 6202
369 289 480 354 517

1469 286 1568 346 DE
1610 284 1787 347 VlTA
1830 281 1912 341 ΙΝ
1954 280 2293 342 CHRISTO
2333 278 2483 340 LIB.
2529 275 2582 336 Ι.

3505 265 3611 332 518

359 404 463 457 τοῦ
495 402 863 475 νεκρωθέντος
898 402 991 456 καὶ
1014 402 1342 463 ἀναστάντος
1372 418 1383 431 ·
1425 401 1547 456 ὅθεν
1580 400 1807 464 είκότως
1834 398 1943 451 τῶν

2052 393 2200 449 Unde
2233 408 2336 447 non
2399 389 2599 461 injuria
2653 388 2812 444 benis
2841 402 2870 441 c
2904 395 3080 440 morte
3111 393 3162 441 et
3206 383 3472 454 agonibus
3503 384 3615 440 illis

359 496 476 549 ἀπὸ
504 494 597 549 τοῦ
630 493 863 550 θανάτου
895 496 991 548 καὶ
1021 494 1128 546 τῶν
1158 495 1384 561 ἀγώνων
1414 492 1636 545 ἐκείνων
1674 490 1944 545 ἀπολαύο-

363 604 470 656 μεν
502 586 744 654 ἀγαθῶν.
772 586 834 640 Ei
856 588 964 656 γὰρ
996 603 1080 649 τις
1106 585 1361 654 τύραννον
1395 585 1592 638 ἁλόντα
1622 585 1716 636 καὶ
1739 581 1937 653 (δίκην)

360 679 774 748 ἀπαιτούμενον
818 677 1111 748 παρελθὼν
1167 677 1464 746 ἐξαιρεῖται
1522 676 1615 728 καὶ
1662 676 1942 741 στεφάνων

359 769 510 834 ἀξιοῖ
538 768 632 822 καὶ
688 769 944 839 σεμνύνει
981 769 1077 837 τὴν
1107 770 1420 840 τυραννίδα.
1451 768 1546 822 καὶ
1593 768 1754 827 aee;
1789 767 1941 833 ἠγεί-

361 878 459 915 ται
491 861 863 928 ἀποθνήσκειν
889 862 1100 915 ἐκείνου
1132 861 1424 922 πίπτοντος
1455 859 1544 912 καὶ
1573 857 1816 927 καταὸοᾷ
1836 856 1942 911 τῶν

363 954 552 1023 νόμιον
594 954 689 1006 καὶ
724 953 862 1023 πρὸς
908 952 979 1005 τὰ
1019 954 1202 1006 δῖκαια
1241 950 1604 1021 δυσχεραίνει,
1638 951 1733 1003 καὶ
1766 947 1941 1002 ταῦτα

364 1045 427 1097 οὐ
472 1046 570 1099 σὺν
605 1044 841 1116 αἰσχύνῃ
888 1045 1010 1097 οὐδὲ
1044 1043 1443 1111 συγκαλύπτων
1500 1043 1599 1114 τὴν
1650 1040 1939 1112 πονηρίαν,

364 1138 501 1189 ἀλλά
540 1138 1054 1209 παρρησιαζόμενος
1088 1138 1182 1190 καὶ
1216 1139 1634 1207 μαρτυρόμενος
1674 1138 1770 1188 καὶ
1815 1137 1941 1186 ἑπι-

361 1228 719 1299 δεικνύμενος
764 1231 989 1282 τοῦτον·
1045 1230 1207 1282 τίνων
1256 1229 1563 1298 ἀξιώσομεν
1610 1228 1846 1298 ψήφων;
1878 1227 1938 1278 ού

360 1322 480 1375 τῶν
504 1322 688 1375 αὐτῶν
714 1321 1065 1390 τιμησόμεθα
1093 1321 1171 1390 τῷ
1200 1321 1479 1391 τυράννιρς
1514 1320 1683 1373 Παντί
1724 1336 1824 1371 που
1852 1319 1945 1388 δῆ-

365 1413 484 1467 λον.
517 1412 729 1467 Οὐκοῦν
766 1413 1078 1466 τούναντίον
1128 1412 1295 1476 ἅπαν,
1333 1413 1387 1465 εί
1430 1429 1513 1476 τις
1545 1412 1777 1482 ἀριστέα
1810 1411 1943 1463 θαυ-

371 1503 540 1576 μάζει
588 1505 682 1558 καὶ
734 1507 915 1575 χαίρει
949 1506 1256 1576 νενικηκότι
1303 1507 1397 1559 καὶ
1445 1505 1739 1575 στεφάνους
1794 1503 1942 1574 αὐτῷ

368 1598 567 1651 πλέκει
599 1598 697 1651 καὶ
757 1597 1020 1667 θορύϐους
1076 1599 1280 1669 ἐγείρει
1330 1598 1431 1675 καί,
1455 1599 1587 1650 σείει
1621 1597 1680 1650 τὸ
1718 1599 1942 1666 θέατρον

367 1690 470 1740 καὶ
493 1685 883 1756 θριαμϐεύοντι
915 1686 1249 1757 προσπίπτει
1276 1686 1370 1739 σὺν
1398 1686 1555 1758 ἡδονῇ
1587 1685 1677 1737 καὶ
1701 1682 1942 1752 κεφαλὴν

370 1778 669 1846 καταφιλεῖ
695 1778 791 1831 καὶ
815 1777 1251 1849 περιπτύσσεται
1285 1777 1486 1843 δεξιὰν,
1514 1777 1608 1830 καὶ
1638 1775 1781 1829 οὕτω
1810 1774 1942 1842 σφό-

362 1871 475 1941 δρα
516 1867 767 1939 μαίνεται
792 1869 921 1939 περὶ
953 1868 1045 1921 τὸν
1079 1869 1422 1941 στρατιώτην
1462 1867 1557 1921 καὶ
1587 1867 1652 1936 ἣν
1681 1864 1945 1935 ἀνῄρηται

364 1960 551 2027 νίκην,
579 1960 769 2031 ῶσπερ
813 1959 976 2023 αὐτὸς
1003 1958 1081 2016 ῶν
1113 1961 1141 2013 ό
1168 1960 1265 2029 τὴν
1301 1957 1540 2029 κεφαλὴν
1570 1956 1645 2026 τῷ
1696 1955 1946 2026 στεφάνῳ

365 2053 672 2123 κοσμήσων
718 2052 819 2123 τὴν
862 2049 1083 2108 ἑαυτοῦ.
1119 2045 1288 2114 Οὗτος
1325 2052 1435 2123 γὰρ
1481 2051 1708 2121 μερίτης
1746 2050 1809 2102 ἂν
1858 2046 1945 2119 είη

365 2146 483 2198 τῶν
517 2145 769 2199 ἐπάθλων
813 2143 894 2216 τῷ
923 2145 1117 2216 νικητῇ
1154 2144 1303 2214 παρά
1336 2160 1400 2213 γε
1445 2141 1752 2211 εὐγνώμοσι
1787 2139 1943 2194 δικα-

372 2236 557 2299 σταῖς,
600 2234 854 2306 καθάπερ
910 2234 1138 2299 ἐκεῖνος,
1173 2227 1354 2302 οἶμαι,
1402 2234 1726 2301 κοινωνήσει
1750 2230 1828 2300 τῷ
1853 2245 1946 2284 τυ-

372 2326 557 2396 ράννῳ
574 2325 671 2396 τῆς
699 2325 875 2397 δίκης.
903 2326 966 2378 El
1000 2326 1106 2396 γὰρ
1127 2330 1254 2396 περὶ
1278 2328 1401 2390 τοὺς
1432 2324 1700 2396 πονηροὺς
1722 2322 1757 2378 ἃ
1780 2338 1948 2393 προσ-

366 2419 502 2488 ῆκε,
533 2417 747 2488 καὶτῆς
781 2420 1150 2491 προαιρέσεως
1199 2420 1294 2474 καὶ
1322 2419 1419 2488 τῆς
1463 2416 1692 2487 γνώμης
1716 2417 1949 2487 ἀπαιτη-

365 2511 500 2562 τέον
536 2508 791 2579 εὐθύνας,
821 2510 983 2582 σχολῇ
1010 2527 1075 2579 γε
1100 2509 1249 2572 εἰκός
1274 2510 1391 2564 ἔστι
1418 2508 1545 2570 τοὺς
1577 2507 1815 2576 ἀγαθοὺς
1836 2507 1947 2562 τῶν

370 2602 722 2672 γιγνομένων
746 2603 1091 2673 ἀποστερεῖν.
1117 2602 1181 2655 El
1207 2600 1262 2655 δὲ
1290 2604 1386 2655 καὶ
1413 2598 1570 2653 τοῦτο
1593 2599 1946 2672 προστεθείη,

371 2696 478 2749 καὶ
504 2695 532 2746 ὁ
560 2693 658 2763 τὴν
696 2694 853 2765 νίκην
888 2693 1253 2765 εἰργασμένος
1295 2691 1514 2761 ἐκείνην
1539 2691 1700 2755 αὐτὸς
1739 2692 1838 2763 μὲν
1884 2692 1947 2746 οὒ

370 2786 553 2839 δεῖται
597 2784 708 2837 τῶν
757 2783 867 2838 ἀπὸ
915 2784 1013 2855 τῆς
1063 2784 1221 2853 νίκης
1258 2785 1455 2855 γερῶν,
1510 2784 1689 2839 ἐκεῖνο
1740 2782 1798 2836 δὲ
1827 2782 1950 2836 ἀντὶ

371 2875 602 2930 πάντων
626 2877 867 2948 ἡγεῖται,
889 2874 1147 2947 λαμπρὸν
1182 2875 1313 2929 ίδεῖν
1344 2877 1439 2931 ἐπὶ
1467 2875 1562 2931 τοῦ
1596 2875 1828 2946 θεάτρου
1859 2874 1950 2929 τὸν

374 2968 746 3041 σπουδαστὴν,
805 2968 901 3023 καὶ
945 2968 1105 3022 τοῦτο
1136 2969 1235 3039 τῆς
1279 2968 1521 3037 ἀγωνίας
1562 2964 1724 3023 ἆθλον
1768 2970 1949 3042 ἑαυτῷ

2045 485 2441 555 proﬂuentihus
2474 481 2830 553 perfruimur.
2869 477 2925 534 Si
2960 479 3083 549 quis
3131 479 3274 532 enim
3318 486 3613 548 tyrannum

2047 586 2260 643 captum
2320 585 2371 626 et
2431 574 2606 643 pomis
2663 572 2937 625 addictum
3005 568 3333 622 conveniens
3385 569 3615 633 eximat,

2047 684 2245 722 corona
2295 669 2643 730 roudeCorrt,
2700 665 2767 719 ob
2817 663 3162 739 tyrannidem
3223 673 3532 724 veneretur,
3562 669 3619 716 et

2045 775 2111 813 eo
2163 769 2421 828 pereunte
2476 759 2818 812 moriendum
2873 756 2974 810 sibi
3026 756 3316 817 existimet,
3350 755 3618 809 adversus

2046 853 2190 922 leges
2227 855 2511 912 exclamet.
2547 864 2598 907 et
2640 863 2831 908 contra
2880 853 3006 921 jura
3064 852 3399 922 indignetur,
3441 867 3618 920 neque

2046 943 2100 997 id
2142 958 2263 996 eum
2326 944 2555 1012 pudore,
2609 958 2672 997 ac
2722 944 3068 1012 improbitate
3102 943 3446 999 dissimulata
3472 980 3487 1005 ,
3521 940 3616 994 sed

2047 1044 2317 1105 proterve,
2347 1050 2411 1089 ac
2464 1035 2595 1089 deos
2622 1045 2845 1098 testans,
2875 1044 2926 1088 rt
2977 1051 3033 1088 se
3090 1035 3142 1087 in
3196 1049 3259 1086 eo
3310 1042 3613 1096 ostentans,

2047 1143 2210 1197 quam
2240 1128 2563 1181 sententiam
2615 1128 2666 1180 in
2704 1128 2849 1181 hunc
2882 1126 3163 1180 feremus?
3193 1125 3381 1179 Nonne
3420 1125 3613 1179 iisdem

2048 1235 2173 1273 cum
2222 1231 2455 1291 tyranno
2504 1220 2784 1289 suppliciis
2833 1222 3172 1272 multandum
3232 1219 3620 1274 censebimus?

2049 1310 2273 1365 Planum
2309 1313 2411 1365 hoc
2460 1314 2677 1379 quidem
2713 1312 2903 1364 cuivis.
2959 1309 3152 1364 Nonne
3193 1311 3354 1379 igitur
3386 1327 3613 1379 prorsus

2048 1404 2385 1458 contrarium
2417 1403 2571 1467 facit,
2598 1404 2689 1473 qui
2728 1421 2907 1474 regem
2936 1404 3404 1458 bellicosissimum
3440 1404 3619 1457 admi-

2049 1504 2237 1561 ratur;
2279 1495 2395 1565 ejus
2434 1495 2661 1549 \irtoria
2699 1496 2929 1550 exsultat
2960 1511 2974 1560 ;
3008 1510 3266 1549 coronam
3306 1495 3356 1548 ei
3389 1494 3615 1564 plectit;

2049 1588 2301 1656 plausum
2341 1589 2577 1649 excitat;
2614 1599 2668 1641 et
2729 1590 3003 1643 theatrum
3061 1597 3233 1641 totum
3269 1597 3616 1652 commovet;

2050 1690 2173 1733 ante
2210 1680 2629 1745 triumphantem
2684 1698 2806 1733 cum
2860 1682 3225 1751 voluptatein
3274 1696 3446 1753 genua
3496 1696 3664 1752 pro-'

2048 1771 2293 1836 cumbit;
2331 1782 2494 1842 caput
2522 1772 2641 1842 ejus
2672 1774 3051 1839 deosculatur;
3096 1775 3339 1828 dextram
3377 1774 3619 1843 comple-

2049 1861 2236 1925 ctitur,
2274 1871 2439 1932 atque
2492 1863 2629 1917 adeo
2685 1866 3053 1929 vehementer,
3087 1872 3139 1917 et
3174 1880 3337 1934 prope
3368 1865 3432 1917 ad
3470 1864 3620 1916 insa-

2048 1954 2194 2007 niam
2230 1955 2636 2024 imperatorem,
2668 1965 3105 2026 reportatamque
3141 1958 3207 2010 ab
3238 1971 3302 2010 eo
3331 1955 3618 2030 victorjam

2048 2046 2245 2111 diligit,
2280 2047 2436 2116 quasi
2476 2046 2545 2102 ab
2574 2049 2764 2101 eodem
2800 2056 2963 2118 caput
2995 2063 3154 2100 suum
3185 2062 3386 2101 corona
3420 2062 3623 2101 ornan-

2048 2134 2175 2189 dum
2213 2136 2328 2189 sit?
2362 2134 2494 2190 Nam
2524 2137 2610 2191 hic
2637 2146 2843 2205 partem
2878 2139 3167 2209 quamdam
3203 2140 3554 2208 praemiorum
3588 2154 3619 2192 a

2047 2226 2257 2279 victore
2292 2230 2490 2297 rapiet,
2553 2229 2694 2297 apud
2746 2229 2892 2296 juste
2925 2244 3037 2282 rem
3094 2228 3446 2290 asﬁmautes,
3482 2227 3624 2281 sicut

2050 2318 2141 2372 ille
2174 2320 2335 2383 alius,
2386 2320 2602 2389 opinor,
2637 2330 2867 2392 tyranno
2900 2320 3141 2375 victoriae
3188 2321 3374 2375 socius
3403 2321 3528 2374 erit.
3563 2321 3621 2375 Si

2051 2410 2197 2465 enim
2252 2412 2518 2482 improbis
2552 2428 2670 2484 quae
2718 2429 2812 2468 eos
2844 2413 3091 2481 accipere
3121 2413 3312 2467 decent
3359 2411 3624 2466 concede-

2051 2517 2199 2567 mus,
2250 2503 2667 2576 voluntatisque
2720 2513 2774 2558 et
2829 2504 2995 2558 animi
3038 2503 3288 2557 habenda
3344 2509 3424 2556 est
3456 2502 3620 2568 ratio,

2050 2595 2371 2664 neutiquam
2421 2596 2501 2649 fas
2532 2605 2617 2650 est
2648 2595 2822 2652 bonos
2874 2596 2990 2651 suis
3018 2596 3403 2652 emolumentis
3436 2596 3622 2666 priva-

2052 2692 2166 2739 tum
2214 2686 2303 2740 iri.
2344 2685 2498 2751 Quod
2531 2687 2574 2741 si
2629 2688 2733 2743 hoc
2763 2687 2930 2742 etiam
2968 2688 3284 2753 accesserit,
3323 2696 3380 2742 nt
3409 2703 3502 2760 qui
3537 2687 3623 2743 vi-

2051 2779 2285 2834 ctoriam
2321 2780 2470 2833 illam
2508 2779 2735 2849 peperit,
2778 2780 2894 2850 ipse
2942 2781 3184 2837 victoriae
3238 2780 3477 2851 praemiis
3514 2797 3624 2836 non

2052 2873 2317 2942 indigeat,
2350 2881 2404 2927 et
2440 2871 2575 2925 illud
2609 2873 2782 2928 instar
2813 2874 3059 2928 omnium
3092 2875 3275 2938 ducat,
3302 2874 3388 2929 sui
3422 2889 3626 2929 aman-

2053 2976 2161 3023 tem
2205 2980 2269 3021 ac
2300 2964 2604 3020 studiosum
2654 2965 2706 3019 in
2752 2965 3000 3021 theatrali
3032 2966 3386 3021 multitudine
3411 2965 3627 3036 conspi-

374 3059 597 3132 νομίζει
633 3060 1046 3131 στεφανωθῆναι
1076 3059 1168 3115 τὸν
1201 3061 1415 3130 ἑταῖρον
1437 3075 1452 3090 ⁸
1484 3060 1599 3123 πῶς
1634 3062 1692 3114 ού
1724 3060 1946 3127 δικαίως

2055 3073 2219 3114 cuum
2252 3072 2499 3121 cernere,
2559 3069 2612 3112 et
2640 3058 2742 3113 hoc
2788 3058 3109 3114 certaminis
3153 3060 3237 3114 sui
3269 3058 3624 3113 honorarium

371 3153 587 3216 ἐκεῖνος
621 3153 715 3207 καὶ
752 3152 895 3222 μάλα
932 3151 1246 3217 ἀκολούθως
1269 3154 1398 3208 ἀνευ
1435 3153 1674 3223 ἱδρώτων
1709 3155 1803 3209 καὶ
1834 3170 1950 3207 κιν-

369 3244 550 3297 δύνων
581 3243 674 3298 τὸν
725 3242 833 3297 ἀπὸ
880 3242 976 3297 τοῦ
1032 3243 1275 3314 πολέμου
1304 3246 1575 3314 κομιεῖται
1630 3244 1944 3312 στέφανονς

373 3334 571 3389 Ταῦτα
598 3335 663 3405 δὴ
691 3334 785 3388 καὶ
808 3336 946 3405 ἡμῖν
975 3334 1035 3387 τὸ
1063 3335 1287 3404 λουτρὸν
1316 3333 1477 3387 τοῦτο
1499 3334 1724 3388 δύναται
1763 3334 1859 3386 καὶ
1885 3333 1947 3385 τὸ

369 3430 596 3484 δεῖπνον
629 3427 724 3482 καὶ
754 3429 787 3498 η
820 3428 1056 3499 σώφρων
1089 3424 1187 3481 τοῦ
1222 3425 1395 3498 μύρου
1445 3427 1650 3497 τρυφή.
1687 3426 1948 3495 Μυούμε-

374 3540 462 3575 νοι
494 3522 607 3592 γάρ
643 3519 734 3573 τὸν
768 3518 866 3589 μὲν
891 3518 1154 3587 τύραννον
1186 3518 1489 3590 κακίζομεν
1516 3520 1611 3573 καὶ
1642 3518 1949 3572 καταπτύο-

379 3627 488 3681 μεν
524 3611 616 3664 καὶ
638 3610 1115 3682 ἀποστρεφόμεθα,
1146 3609 1240 3664 τὸν
1274 3612 1501 3683 ἀριστέα
1526 3612 1582 3665 δὲ
1618 3610 1949 3682 ἐπαινοῦμεν

377 3707 481 3755 καὶ
529 3701 885 3774 θαυμάζομεν
941 3704 1035 3756 καὶ
1086 3700 1501 3773 προσκυνοῦμεν
1546 3704 1640 3756 καὶ
1690 3703 1950 3773 φιλοῦμεν

372 3795 477 3868 ὅλῃ
510 3794 677 3865 ψυχῇ,
710 3792 849 3846 ὥστε
897 3794 977 3863 τῷ
1006 3794 1251 3864 περιόντι
1280 3793 1373 3847 τοῦ
1416 3793 1642 3864 φίλτρου
1673 3793 1747 3857 ῶς
1787 3794 1950 3864 ἄρτον

374 3886 677 3954 σιτούμεθα
728 3886 822 3938 καὶ⁹
841 3885 917 3948 ῶς
955 3885 1125 3955 μύρον
1164 3884 1431 3956 χριόμεθα
1460 3886 1555 3939 καὶ
1582 3885 1653 3949 ώς
1684 3886 1826 3954 ὕδωρ
1858 3902 1950 3938 πε-

375 3976 772 4050 ριϐαλλόμεθα.
804 3976 1042 4048 Φανερδν
1067 3976 1124 4030 δὲ
1139 3978 1220 4031 ὅτι
1240 3978 1330 4031 τὸν
1351 3977 1586 4047 πόλεμον
1615 3978 1754 4046 ὑπὲρ
1792 3976 1948 4047 ἡμῶν

372 4070 556 4123 είλετο
586 4071 797 4134 τοῦτον,
830 4071 926 4123 καὶ
954 4070 1040 4123 ἵνα
1069 4069 1387 4140 νικήσωμεν
1421 4070 1605 4137 ἡμεῖς,
1634 4067 1794 4129 αὐτὸς
1826 4067 1950 4120 ἀνέ-

373 4179 542 4231 σχετο
569 4161 953 4232 ἀποθνήσκων,
1013 4160 1155 4213 ὥστε
1215 4161 1368 4214 οὐδὲν
1420 4158 1780 4213 ἀνακόλουθον
1824 4159 1947 4211 οὐδὲ

372 4254 610 4324 ἀπᾷδον,
636 4254 744 4305 ἀπὸ
768 4252 876 4305 τῶν
905 4252 1223 4321 μυστηρίων
1244 4252 1447 4304 τούτων
1478 4251 1570 4305 ἐπὶ
1599 4252 1725 4313 τοὺς
1752 4249 1949 4319 στεφά-

373 4361 508 4406 νους
534 4343 813 4414 ἔρχεσθαι.
855 4343 1043 4413 Ἡμεῖς
1093 4342 1192 4412 μὲν
1220 4341 1319 4413 τὴν
1363 4341 1596 4412 δυνατὴν
1640 4341 1947 4395 ἐπιδεικνύ-

2055 3159 2292 3219 reputet,
2327 3149 2582 3204 coronari
2631 3149 2887 3205 videlicet
2914 3151 3195 3215 amicum;
3234 3151 3507 3218 quomodo
3538 3149 3626 3203 ille

2055 3256 2161 3297 non
2200 3242 2344 3313 jure,
2385 3253 2439 3297 et
2486 3243 2879 3297 convenienter
2908 3243 3225 3306 admodum,
3254 3243 3370 3297 sine
3400 3242 3622 3298 sudori-

2054 3333 2158 3391 bus
2196 3334 2561 3404 periculisque
2611 3351 2640 3387 ο
2690 3334 2829 3388 bello
2879 3350 3134 3388 coronam
3190 3335 3440 3389 auferet?
3499 3334 3625 3389 Haec

2055 3443 2187 3483 sane
2225 3427 2384 3482 nobis
2430 3425 2726 3480 conciliare
2772 3436 3002 3494 possunt
3054 3426 3329 3481 lavacrum
3376 3428 3517 3482 istuc
3568 3434 3625 3480 et

2055 3533 2244 3583 ctena;
2278 3518 2460 3572 Sobria
2489 3533 2662 3582 curua,
2694 3518 2935 3587 inquam,
2969 3527 3022 3570 et
3049 3517 3310 3572 modestae
3339 3516 3620 3571 unctionis

2055 3610 2263 3665 deliciae
2309 3610 2602 3663 conciliare
2639 3618 2905 3678 possunt;
2958 3624 3082 3661 nam
3139 3624 3264 3662 cum
3318 3609 3620 3673 initiantur,

2057 3711 2347 3771 tyrannum
2421 3699 2800 3762 detestamur‘,
2875 3698 3236 3764 conspuimus
3291 3708 3343 3750 et
3401 3711 3626 3750 aversa-

2056 3809 2203 3847 mur.
2240 3793 2617 3847 Fortissimum
2650 3799 2827 3844 autem
2859 3791 3174 3844 bellatorem
3221 3788 3621 3851 eollaudamus.

2056 3886 2433 3946 admiramur,
2494 3885 2809 3947 adoramus,
2872 3892 2927 3938 et
2994 3891 3104 3937 toto
3149 3891 3366 3951 pectore
3439 3880 3620 3949 diligi-

2056 3992 2201 4041 mus,
2235 3986 2288 4032 et
2317 3976 2649 4030 abundantia
2703 3977 2931 4037 amoris,
2970 3983 3227 4041 tanquam
3262 3986 3398 4040 pane
3446 3971 3628 4041 pasci-

2057 4084 2199 4131 mur,
2251 4076 2305 4122 et
2347 4067 2512 4121 veluti
2562 4082 2704 4135 aqua
2740 4063 3195 4120 circumﬂuimus.
3230 4062 3428 4132 Liquet
3461 4076 3626 4131 porro

2055 4160 2219 4214 etiam
2257 4161 2503 4230 przelium
2539 4160 2641 4214 hoc
2673 4158 2863 4213 abillo
2901 4157 3076 4212 nostri
3115 4172 3278 4211 causa
3308 4164 3623 4225 susceptum

2056 4271 2181 4314 esse
2216 4272 2230 4308 :
2263 4264 2317 4309 et
2346 4263 2405 4307 ut
2441 4267 2545 4307 nos
2574 4253 2941 4316 vinceremus,
2978 4250 3159 4320 ipsum
3211 4248 3347 4301 mori
3397 4264 3504 4300 non
3538 4261 3623 4298 re-

2056 4362 2304 4405 cusasse.
2334 4344 2605 4411 Quocirca
2642 4357 2748 4397 non
2778 4353 2862 4397 est
2902 4356 3094 4410 parum
3127 4354 3493 4407 consequens,
3524 4355 3626 4392 nec

374 4435 524 4506 μεθα
555 4433 864 4504 προθυμίαν
914 4434 1009 4487 καὶ
1053 4433 1117 4486 τὸ
1158 4433 1307 4503 ὕδωρ
1347 4431 1638 4495 ἀκούοντες
1686 4432 1845 4486 τοῦτο
1878 4432 1946 4486 τὰ

2056 4435 2381 4499 absurdum,
2419 4426 2665 4490 ah’hisce
2694 4431 2973 4502 mysteriis
3008 4444 3108 4485 nos
3137 4430 3203 4483 ad
3233 4443 3464 4482 coronas
3505 4442 3627 4495 pcr—

366 4525 475 4581 τοῦ
518 4525 752 4579 θανάτου
783 4522 880 4576 τοῦ
911 4524 1152 4593 Χριστοῦ
1179 4524 1274 4575 καὶ
1306 4523 1482 4592 τάφου
1525 4523 1810 4589 δύνασθαι,
1853 4526 1950 4577 καὶ

374 4617 715 4687 πιστεύομεν
744 4613 806 4668 εὖ
843 4613 987 4683 μάλα
1020 4614 1116 4666 καὶ
1146 4612 1415 4683 πρόσιμεν
1451 4613 1622 4682 ἡδέως
1649 4614 1743 4666 καὶ
1776 4631 1950 4667 κατα-

369 4709 651 4778 δυόμεθα’
685 4710 714 4760 ὁ
747 4706 805 4760 δὲ
837 4706 917 4775 (ού
951 4703 1061 4773 γάρ
1093 4703 1269 4773 μικρά
1304 4703 1539 4768 δίδωσιν,
1569 4705 1690 4759 οὐδὲ
1732 4706 1948 4776 μικρῶν

370 4801 543 4870 ἀξιοῖ)
584 4800 713 4861 τοὺς
763 4795 1227 4868 προστιθεμένους
1260 4797 1373 4858 τοῖς
1410 4798 1547 4865 μετὰ
1576 4796 1666 4849 τὸν
1715 4797 1948 4851 θάνατον

373 4895 474 4946 καὶ
506 4891 606 4963 τὴν
651 4891 833 4962 ταφὴν
863 4887 1155 4954 δεξιοῦται,
1198 4887 1259 4940 οὐ
1310 4888 1574 4955 στέφανόν
1622 4904 1744 4941 τινα
1781 4889 1953 4958 παρέ-

374 5002 517 5055 χων,
550 4983 613 5035 ού
639 4983 802 5051 δόξης
851 4979 1192 5051 μεταδιδοὺς.
1224 4978 1340 5031 ἀλλ’
1384 4978 1548 5031 αὑτὸν
1590 4977 1682 5032 τὸν
1727 4979 1951 5050 νικητὴν

376 5078 546 5138 αὐτὸς
577 5074 773 5128 ἑαυτὸν
802 5070 1273 5141 ἐστεφανωμένον.
1316 5070 1427 5124 Καὶ
1454 5069 1515 5122 τὸ
1549 5068 1692 5139 ὕδωρ
1722 5071 1952 5124 ἀναδῦν-

376 5186 472 5231 -τες
505 5165 671 5220 αὐτὸν
702 5166 795 5219 τὸν
830 5164 1057 5234 Σωτῆρα
1106 5163 1347 5232 φέρομεν
1378 5161 1470 5214 ἐπὶ
1515 5161 1625 5214 τῶν
1668 5162 1954 5234 ἡμετέρων

374 5258 592 5327 ψυχῶν,
617 5258 711 5310 ἐπὶ
740 5256 838 5328 τῆς
871 5254 1137 5324 κεφαλῆς,
1160 5254 1253 5306 ἐπὶ
1277 5252 1382 5305 τῶν
1411 5252 1728 5322 ὀφθαλμῶν,
1759 5254 1816 5305 ὲν
1851 5257 1952 5307 αύ-

376 5352 494 5410 τοῐς
549 5349 662 5409 τοῖς
698 5346 1054 5415 σπλάγχνοις,
1115 5344 1211 5395 ἐπὶ
1273 5342 1383 5396 τῶν
1441 5343 1617 5412 μελῶν
1674 5346 1956 5409 ἁπάντων,

377 5443 535 5508 ἁμαρ
549 5437 658 5500 ria;
687 5436 949 5507 καθαρὸν,
982 5434 1191 5504 φθορᾶς
1229 5433 1449 5503 ἀπάσης
1500 5436 1949 5505 ἀπηλλαγμένον,

377 5529 492 5594 οἷος
519 5531 721 5599 ἀνέστη
750 5530 844 5582 καὶ
873 5531 981 5591 τοῖς
1016 5528 1290 5599 μαθηταῖς
1324 5525 1482 5596 ῶφθη
1521 5529 1616 5578 καὶ
1646 5528 1948 5599 ἀνελήφθη,

376 5620 490 5689 οἷος
518 5624 775 5693 ἀφίξεται
800 5623 961 5675 πάλιν
980 5621 1170 5675 τοῦτον
1188 5620 1511 5690 ἀπαιτήσων
1540 5621 1631 5673 τὸν
1654 5620 1949 5691 θησαυρόν.

2065 4528 2273 4584 venire.
2308 4525 2418 4580 Nos
2449 4529 2596 4580 enim
2629 4538 2793 4594 quam
2828 4521 3106 4592 potuimus
3134 4520 3470 4574 alacritatem
3508 4532 3627 4573 sut-

2060 4620 2322 4687 diuuique
2378 4613 2915 4676 demonstravimus,
2971 4621 3025 4667 et
3080 4612 3363 4666 audientes
3422 4612 3625 4665 fontem

2060 4712 2228 4765 istum
2266 4707 2468 4763 habere
2495 4707 2687 4765 mortis
2712 4714 2767 4759 et
2798 4704 3117 4773 sepulturae,
3152 4702 3356 4757 Christi
3381 4701 3624 4757 efﬁcien-

2058 4805 2217 4866 tiam,
2267 4809 2322 4856 et
2367 4799 2647 4855 credimus
2681 4813 2895 4857 omnes.
2926 4807 2987 4851 et
3031 4797 3261 4851 libenter
3286 4798 3623 4858 accedimus.

2058 4900 2115 4947 et
2146 4891 2542 4960 immergimur.
2587 4887 2703 4942 Non
2742 4888 2888 4941 enim
2920 4888 3116 4957 exigua
3160 4886 3348 4951 donat,
3381 4901 3477 4940 nec
3510 4901 3626 4939 me-

2057 4982 2335 5037 diocribus
2374 4981 2651 5048 dignatur.
2701 4981 2769 5033 At
2817 4979 3082 5034 ille‘sese
3132 4989 3254 5048 post
3290 4989 3542 5038 mortem,
3571 4983 3626 5030 et

2057 5073 2392 5142 sepulturam
2447 5087 2601 5126 suam
2641 5072 2706 5124 ad
2771 5072 2946 5140 ipsum
2987 5070 3322 5139 applicantes
3379 5078 3625 5122 amanter

2058 5161 2310 5229 suscipit,
2366 5174 2473 5214 non
2536 5175 2797 5213 coronam
2866 5159 3105 5229 aliquam
3169 5160 3474 5229 porrige-.5.
3523 5171 3624 5211 nec

2056 5254 2284 5324 gloriam
2315 5254 2382 5307 iis
2413 5266 2566 5307 suam
2603 5254 3020 5307 cummnnieans
3056 5271 3070 5306 :
3106 5254 3202 5306 sed
3235 5252 3413 5320 ipsum
3448 5251 3623 5303 vieto-

2058 5360 2197 5408 rem,
2231 5342 2347 5412 ipse
2381 5344 2733 5407 semetipsum
2767 5354 3089 5397 coronatum
3143 5343 3536 5404 conminuit-at,
3570 5346 3624 5394 et

2058 5452 2087 5489 e
2118 5449 2277 5489 sacro
2309 5433 2456 5487 fonte
2487 5443 2774 5497 exeuntes,
2812 5435 2987 5502 ipsum
3038 5432 3379 5486 Salvatorem
3410 5430 3462 5483 in
3498 5428 3623 5484 ani-

2060 5526 2252 5579 mabus
2310 5525 2513 5578 nostris
2546 5533 2843 5593 portamus,
2902 5525 2955 5575 in
2985 5523 3183 5590 capite,
3226 5523 3279 5573 in
3332 5519 3530 5583 oculis,
3567 5518 3625 5572 in

2057 5618 2190 5687 ipsis
2229 5615 2555 5679 visceribus,
2594 5617 2650 5668 in
2708 5614 2970 5668 membris
3019 5613 3293 5678 omnibus,
3321 5628 3351 5667 a
3401 5618 3624 5682 peccato

381 5774 619 5830 purum,
666 5759 735 5811 ab
786 5755 935 5811 omni
991 5758 1340 5825 corruptione
1407 5755 1673 5817 liberum,
1766 5755 1944 5822 qualis
2024 5750 2343 5814 resurrrxit,
2401 5757 2453 5804 ct
2505 5747 2789 5816 discipulis
2868 5748 3151 5817 apparuit,
3203 5758 3256 5804 et
3316 5751 3369 5807 in
3425 5750 3625 5807 caelum

392 5859 675 5934 profectus
702 5868 802 5927 est,
834 5857 1008 5927 qualis
1041 5856 1256 5921 redib’t,
1284 5858 1600 5911 thrsaurutu
1631 5857 1769 5907 hanc
1796 5864 2109 5911 exacturus.
