3992 6202
410 332 518 409 519

1662 323 1976 392 NICOLAI
2017 326 2401 392 CABASlLrE

3547 331 3646 394 520

485 454 576 510 Sic
634 453 746 508 nati
785 466 906 508 cum
953 465 1163 514 sumus,
1208 461 1259 502 et
1302 448 1467 502 veluti
1516 447 1696 516 specie
1745 444 1980 516 quadam

2160 446 2314 499 Οὕτω
2344 448 2397 500 δὲ
2438 447 2784 518 γεννηθέντες
2829 447 2920 500 καὶ
2955 445 3205 518 καθάπερ
3250 445 3378 498 εῐδει
3425 447 3531 500 τινὶ
3557 451 3646 502 καὶ

411 559 576 618 atque
625 539 802 602 forma
853 545 1074 600 Christo
1123 541 1346 612 signati.
1408 557 1474 596 ne
1525 542 1686 594 aliam
1739 540 1978 610 speciem

411 641 790 700 admittamus,
831 637 955 688 vitae
1010 634 1218 687 aditum
1274 633 1390 702 ipse
1443 642 1675 703 occupat
1707 649 1747 703 ¹;
1799 641 1853 686 et
1887 648 1982 702 per

413 747 534 799 qua:
567 731 633 783 ad
671 729 837 782 vitam
889 727 1302 780 sustentandam
1361 741 1541 780 aerem
1601 724 1794 794 spiritu
1825 725 1982 780 duci-

415 837 561 885 mus,
595 829 650 874 et
704 819 1021 872 alimoniam
1062 819 1337 887 capimus,
1391 834 1487 886 per
1536 817 1726 872 eadem
1779 819 1979 888 ipsein

413 913 626 964 animas
680 921 898 965 nostras
956 911 1279 978 ingreditur,
1311 920 1364 964 et
1416 920 1600 978 portas
1634 911 1822 963 ambas
1875 909 1978 964 sibi

413 1003 664 1057 attribuit
725 1021 738 1057 :
804 1003 880 1056 illi
941 1003 1158 1070 quidem
1215 1011 1274 1056 ut
1332 1011 1664 1070 unguentum
1702 1011 1757 1056 et
1796 1002 1982 1056 suavis

419 1095 551 1148 odor
574 1135 590 1159 ,
647 1094 774 1148 huic
809 1102 869 1148 ut
905 1095 1062 1148 cibus
1096 1103 1255 1162 aptus
1289 1104 1343 1148 et
1371 1095 1728 1150 conveniens.
1765 1093 1978 1149 Etenim

415 1187 568 1238 illum
633 1199 681 1239 et
723 1186 1018 1253 spiramus,
1065 1196 1121 1240 et
1173 1201 1271 1254 pro
1307 1186 1640 1239 nutrimento
1696 1185 1980 1243 habemus.

415 1277 480 1331 Et
520 1294 642 1331 cum
674 1279 744 1331 ita
776 1278 1123 1346 semetipsum
1162 1295 1256 1347 per
1285 1279 1469 1331 omnia
1512 1279 1669 1332 nobis
1702 1279 1984 1347 implicue-

420 1367 494 1418 rit
541 1365 1082 1434 commiscueritque,
1116 1383 1272 1422 suum
1324 1384 1524 1436 corpus
1567 1366 1717 1432 facit,
1743 1379 1796 1423 et
1827 1369 1982 1424 nobis

417 1457 556 1509 idem
607 1459 686 1521 iit,
721 1459 864 1526 quod
913 1460 1172 1514 membris
1203 1472 1384 1529 caput.
1418 1461 1644 1530 Propter
1678 1461 1778 1516 hoc
1811 1463 1980 1528 enim,

414 1550 545 1617 quia
577 1557 738 1616 caput
766 1591 780 1613 ,
810 1551 975 1603 etiam
1021 1549 1288 1604 bonorum
1321 1551 1440 1620 ejus
1478 1553 1722 1607 omnium
1759 1553 1985 1624 partici-

419 1657 513 1710 pes
542 1656 609 1696 ac
646 1643 782 1698 socii
816 1659 1028 1698 sumus.
1081 1643 1216 1698 Nam
1251 1661 1372 1714 qua:
1397 1646 1591 1714 capitis
1621 1655 1748 1702 sunt
1785 1647 1838 1701 in
1863 1663 1987 1702 cor-

417 1748 519 1802 pus
550 1733 787 1789 transire
818 1749 1040 1791 necesse
1069 1745 1184 1801 est;
1217 1737 1364 1805 quod
1397 1738 1523 1806 quis
1563 1753 1670 1792 non
1713 1739 1986 1794 immerito

415 1826 739 1889 admiretur,
763 1829 906 1897 quod
945 1843 1068 1882 cum
1119 1843 1223 1884 nec
1273 1831 1572 1897 cruciatus,
1604 1846 1704 1886 nec
1755 1843 1985 1887 mortem

415 1934 539 1971 cum
594 1934 658 1973 eo
691 1922 1100 1988 pertulerimus,
1138 1922 1233 1978 sed
1271 1923 1425 1979 solus
1474 1923 1872 1992 decertaverit;
1905 1936 1989 1978 ta-

417 2026 563 2077 men,
601 2021 892 2082 postquam
925 2014 992 2068 ad
1027 2015 1437 2071 coronationetn
1474 2028 1695 2072 ventum
1723 2028 1825 2085 est,
1870 2026 1984 2071 tum

417 2117 517 2155 nos
572 2105 674 2157 sibi
730 2117 1017 2160 consortes
1064 2121 1185 2162 esse
1218 2108 1473 2163 voluerit.
1535 2107 1628 2164 Est
1679 2109 1842 2178 Igitur
1885 2113 1989 2164 hoc

415 2195 580 2248 etiam
641 2197 912 2266 ejusmodi
973 2200 1352 2265 humanitatis,
1417 2211 1476 2257 ut
1527 2201 1707 2256 verbis
1752 2203 1983 2273 exprimi

419 2297 654 2355 nequeat
707 2305 721 2343 :
765 2304 862 2343 nec
912 2291 1100 2358 procul
1149 2303 1328 2345 autem
1365 2307 1394 2346 a
1433 2293 1645 2348 ratione
1698 2307 1989 2362 rerumque

416 2382 828 2448 consequentia.
872 2380 996 2437 Post
1041 2399 1260 2438 crucem
1302 2383 1448 2438 enim
1493 2383 1716 2440 Christo
1762 2384 1988 2454 conglu-

417 2471 575 2525 tinali
611 2487 839 2539 smnus;
903 2489 1012 2542 quo
1046 2475 1312 2539 “nondum
1354 2485 1592 2543 mortuo,
1634 2476 1783 2531 nulla
1831 2477 1987 2532 nobis

418 2578 542 2616 cum
594 2577 661 2617 eo
714 2565 1082 2622 communitas
1137 2567 1468 2624 intercessit.
1522 2569 1618 2624 ille
1664 2569 1810 2624 enim
1871 2578 1988 2625 erat

421 2651 585 2718 (ilius,
619 2666 672 2708 et
712 2656 978 2722 dilectus;
1017 2673 1117 2714 nos
1151 2659 1388 2726 scelesti,
1422 2671 1475 2714 et
1518 2661 1684 2725 servi,
1717 2673 1768 2716 et
1800 2664 1986 2716 animo

419 2745 628 2802 hostes.
665 2749 733 2802 At
784 2761 1074 2820 postquam
1108 2767 1294 2806 necem
1328 2753 1569 2822 pertulit,
1608 2763 1661 2808 et
1697 2769 1793 2822 pro
1825 2754 1987 2808 liber-

420 2846 529 2890 tate
560 2846 748 2893 nostra
797 2843 1029 2908 pretium
1061 2851 1143 2897 est
1176 2844 1504 2910 impensum,
1537 2854 1592 2898 et
1619 2846 1817 2898 diaboli
1864 2861 1985 2900 car-

418 2944 511 2980 t'er
566 2927 917 2998 destructus,
971 2942 1104 2988 tunc
1159 2934 1497 2998 libertatem,
1533 2945 1580 2989 et
1637 2937 1984 3006 adoptionem

419 3016 656 3072 ﬁliorum
692 3023 1023 3092 recepimus,
1057 3032 1112 3078 et
1156 3025 1301 3079 beati
1338 3026 1482 3080 illius
1508 3028 1703 3096 capitis
1740 3031 1986 3085 membra

2087 541 2268 609 μορφῇ
2305 541 2382 611 τῷ
2408 541 2627 610 Χριστῷ
2670 539 3032 604 τυπωθέντες,
3066 540 3152 590 ῐνα
3203 538 3372 607 μηδὲν
3419 540 3641 591 ἐπεισα-

2086 631 2346 701 γάγωμεν
2402 631 2683 697 ἀλλότριον
2721 627 2878 695 εἶδος,
2929 632 3026 700 τῆς
3076 631 3220 694 ζωῆς
3268 629 3366 691 τὰς
3412 631 3648 694 εἰσόδους

2085 722 2244 783 αὐτὸς
2272 723 2512 792 κατέχει.
2548 724 2654 775 Καὶ
2683 723 2752 774 δι’
2776 717 2849 774 ὧν
2883 723 3021 791 ἀέρα
3049 721 3142 774 καὶ
3173 721 3378 790 τροφὴν
3403 722 3648 789 εἰσάγον-

2082 831 2177 876 τες
2225 817 2292 885 τῇ
2343 815 2455 886 ζωῇ
2489 815 2581 868 τοῦ
2639 813 2890 884 σώματος
2942 812 3267 882 βοηθοῦμεν,
3309 812 3395 866 δια
3445 814 3650 867 τούτων

2085 906 2246 968 αὐτὸς
2287 908 2366 966 εἰς
2397 907 2495 968 τὰς
2546 907 2822 976 ἡμετέρας
2873 905 3144 957 εἰσδύεται
3185 905 3363 974 ψυχὰς
3408 906 3504 958 καὶ
3551 907 3650 969 τὰς

2087 1000 2256 1068 θύρας
2288 1001 2604 1069 ἀμφοτέρας
2650 999 2968 1061 οἰκειοῦται,
3000 1002 3066 1067 τῇ
3105 998 3203 1068 μὲν
3240 999 3315 1060 ὡς
3349 999 3520 1067 μύρον
3555 1002 3650 1050 καὶ

2085 1092 2304 1155 εὐωδία,
2351 1095 2417 1159 τῇ
2453 1093 2507 1142 δὲ
2542 1092 2614 1154 ὡς
2651 1093 2826 1161 τροφὴ
2883 1092 3198 1161 προσήκων.
3235 1094 3347 1145 Καὶ
3395 1093 3504 1161 γὰρ
3557 1096 3651 1146 καὶ

2086 1184 2431 1251 ἀναπνέομεν
2504 1183 2688 1244 αὑτὸν,
2740 1184 2828 1235 καὶ
2883 1183 3058 1253 τροφὴ
3109 1185 3314 1250 γίνεται
3366 1186 3519 1251 ἡμῖν,
3559 1185 3654 1235 καὶ

2085 1274 2254 1336 οὕτως
2289 1275 2482 1327 ἑαυτὸν
2508 1275 2595 1326 διὰ
2628 1274 2844 1327 πάντων
2872 1277 3001 1342 ἡμῖν
3028 1275 3375 1343 ἀνακεράσας
3401 1277 3493 1325 καὶ
3526 1276 3656 1325 ἀνα-

2089 1367 2249 1436 μίξας
2283 1368 2478 1420 ἑαυτοῦ
2501 1370 2738 1422 ποιεῖται
2761 1368 2940 1436 σῶμα,
2979 1370 3072 1420 καὶ
3107 1368 3317 1435 γίνεται
3349 1368 3482 1435 ἡμῖν
3514 1368 3652 1436 ὅπερ

2090 1462 2279 1528 μέλεσι
2323 1463 2552 1530 κεφαλή.
2585 1462 2685 1513 Διὰ
2712 1461 2867 1514 τοῦτο
2897 1462 3002 1528 γὰρ
3031 1463 3123 1513 καὶ
3151 1460 3370 1527 ἀγαθῶν
3398 1462 3656 1513 ἁπάντων

2088 1554 2238 1626 αὐτῷ
2268 1554 2655 1623 κοινωνοῦμεν.
2691 1556 2773 1608 ὅτι
2807 1555 3015 1623 κεφαλή
3042 1571 3056 1588 σ
3091 1553 3158 1606 τὰ
3191 1555 3298 1623 γὰρ
3337 1553 3435 1622 τῆς
3477 1572 3658 1620 κεφα-

2087 1645 2186 1714 λῆς
2217 1647 2296 1709 είς
2324 1648 2386 1700 τὸ
2417 1648 2578 1717 σῶμα
2626 1646 2926 1700 διαϐαίνειν
2977 1648 3212 1715 ἀνάγκη.
3262 1645 3436 1714 ’Υπὲρ
3468 1640 3526 1697 οὗ
3561 1650 3661 1699 καὶ

2089 1735 2370 1803 θαυμάσαι
2401 1753 2487 1799 τις
2517 1735 2606 1798 ἂν,
2639 1737 2722 1790 ὅτι
2753 1737 2827 1806 μὴ
2860 1736 3078 1789 καὶτῶν
3101 1736 3327 1802 πληγῶν
3349 1736 3497 1805 αὑτῷ
3522 1754 3660 1805 μετ-

2090 1831 2289 1899 έχομεν
2339 1830 2465 1883 οὐδὲ
2501 1829 2596 1882 τοῦ
2630 1829 2888 1892 θανάτου,
2931 1829 3069 1882 ἀλλὰ
3105 1830 3262 1898 μόνος
3307 1829 3404 1898 μέν
3451 1827 3646 1894 ἠγώνιο

2091 1945 2234 1990 σται,
2271 1927 2392 1979 ἐπεὶ
2426 1925 2484 1978 δὲ
2522 1925 2629 1977 ἔδει
2668 1911 3100 1990 στεφανωθῆναι,
3132 1921 3434 1992 τηνικαῦτα
3466 1938 3643 1974 κοινω-

2091 2021 2214 2080 νοὺς
2247 2019 2394 2088 ἡμᾶς
2439 2019 2676 2069 ποιεῖται
2709 2015 2816 2068 τῶν
2858 2013 3076 2068 ἐαυτοῦ.
3110 2015 3267 2066 Ἐστι
3309 2014 3407 2082 μὲν
3437 2013 3530 2065 οὖν
3561 2015 3658 2066 καὶ

2089 2109 2245 2163 τοῦτο
2275 2109 2374 2178 τῆς
2418 2107 2660 2178 ἀρρήτου
2693 2103 3126 2176 φιλανθρωπίας.
3161 2103 3222 2156 οὐ
3255 2104 3445 2172 πόρρω
3485 2103 3537 2153 δὲ
3575 2101 3642 2153 λό

2088 2221 2188 2272 γου
2219 2205 2312 2256 καὶ
2347 2203 2444 2272 τῆς
2498 2201 2826 2270 γιγνομένης
2857 2198 3202 2262 ἀκολουθίας.
3246 2198 3399 2250 Μετὰ
3425 2199 3528 2266 γὰρ
3565 2195 3654 2248 τδι

2091 2293 2322 2363 σταυρὸν
2349 2294 2425 2359 τῷ
2469 2292 2690 2362 Χριστῷ
2723 2293 3084 2360 συνήφθημεν
3107 2305 3121 2322 ⁶
3158 2291 3325 2358 μήπω
3357 2289 3413 2340 δὲ
3447 2287 3653 2339 cimex?

2091 2387 2249 2439 νόντα
2289 2385 2470 2438 κοινὸν
2521 2383 2672 2436 οὐδὲν
2703 2384 2834 2454 ἡμῖν
2867 2381 3004 2452 πρὸς
3033 2383 3263 2435 ἐκεῖνον.
3312 2380 3371 2432 Ὀ
3417 2380 3516 2448 μὲν
3547 2379 3664 2446 γὰρ

2091 2481 2220 2544 Υἱὸς
2251 2480 2342 2533 καὶ⁸
2377 2479 2684 2548 ἀγαπητὸς,
2715 2479 2874 2546 ἡμεῖς
2903 2477 2959 2529 δὲ
3009 2476 3193 2546 μιαροὶ
3230 2475 3323 2528 καὶ
3355 2473 3530 2526 δοῦλοι
3563 2476 3668 2524 καὶ

2091 2568 2280 2638 ἐχθροὶ
2331 2571 2397 2636 τῇ
2433 2567 2640 2636 διανοίᾳ
2666 2581 2683 2600 ⁸
2713 2567 2838 2619 ἐπεὶ
2875 2565 2928 2620 δὲ
2967 2565 3204 2620 ἀπέθανε
3237 2565 3331 2618 καὶ
3360 2564 3421 2616 τὸ
3463 2563 3667 2631 λύτρον

2090 2662 2250 2730 ἐδόθη
2283 2662 2374 2714 καὶ
2397 2661 2458 2714 τὸ
2485 2660 2579 2714 τοῦ
2607 2659 2854 2714 διαϐόλου
2880 2660 3253 2729 δεσμωτήριον
3276 2659 3666 2726 κατεστρὰιέη,

2089 2754 2394 2826 τηνικαῦτα
2423 2753 2522 2824 τὴν
2558 2753 2875 2824 ἐλευθερίαν
2905 2753 3002 2804 καὶ
3027 2752 3124 2821 τὴν
3157 2751 3428 2802 υἱοθεσίαν
3466 2753 3668 2818 ἐκομι-

2092 2847 2305 2915 σάμεθα
2336 2846 2431 2898 καὶ
2462 2845 2600 2914 μέλη
2633 2845 2732 2914 τῆς
2763 2843 3040 2915 μακαρίας
3069 2842 3285 2910 ἐκείνης
3315 2842 3670 2908 κατέστημεν

2090 2939 2353 3008 κεφαλῆς.
2400 2938 2488 3002 Ἐξ
2535 2938 2742 2991 ἐκείνου
2793 2937 2995 3002 τοίνυν,
3027 2935 3060 2988 ἃ
3090 2935 3186 3004 τῆς
3238 2932 3476 3002 κεφαλῆς
3519 2933 3668 2991 ἐστι,

2090 3034 2187 3088 καὶ
2217 3034 2374 3104 ἡμῶν
2427 3033 2663 3100 γίνεται.
2716 3031 2826 3085 Καὶ
2855 3031 2949 3085 νῦν
2993 3029 3090 3098 μὲν
3137 3025 3510 3097 ἀναμάρτητοι
3561 3025 3668 3076 τοι]

423 3109 552 3162 facti
585 3125 798 3166 sumus.
831 3111 904 3166 Ex
943 3130 1010 3167 eo
1043 3114 1208 3184 igitur
1234 3131 1356 3184 quae
1389 3118 1583 3186 capitis
1609 3127 1757 3179 sunt,
1796 3129 1982 3174 nostra

2092 3128 2282 3192 ⁹ιέδαιτος
2325 3125 2779 3194 ἀπαλλαττόμεθα
2801 3123 3014 3184 τούτου,
3054 3125 3140 3175 καὶ
3191 3124 3299 3176 τῶν
3335 3119 3499 3172 αὑτοῦ
3536 3135 3672 3185 μετ-

418 3214 638 3271 quoque
667 3213 815 3258 sunt.
855 3205 919 3259 Et
952 3221 1098 3261 nunc
1132 3209 1353 3277 quidem
1404 3210 1553 3264 nullo
1596 3222 1817 3280 peccato
1852 3211 1988 3266 obli-

419 3292 531 3360 gati
564 3293 631 3348 ab
660 3309 800 3364 aqua
842 3297 941 3351 ista
972 3298 1326 3364 discedimus,
1361 3311 1415 3354 et
1454 3317 1577 3356 cum
1624 3318 1689 3356 eo
1719 3304 1772 3355 in
1796 3304 1983 3357 eadem

419 3385 594 3452 gratia
647 3389 1055 3454 consociamur,
1117 3407 1180 3446 ac
1236 3405 1456 3462 propter
1518 3408 1879 3464 unguentum,
1932 3406 1988 3452 et

422 3487 643 3546 prepter
676 3496 915 3535 mensam
949 3483 1136 3538 eadem
1164 3485 1272 3539 vita
1307 3502 1428 3540 cum
1466 3487 1584 3556 ipso
1620 3489 1892 3554 vivimus;
1931 3491 1984 3544 in

421 3566 608 3622 futuro
639 3579 822 3625 autem
872 3575 1071 3630 smculo
1125 3577 1198 3631 dii
1232 3595 1353 3633 cum
1404 3580 1536 3646 Deo,
1583 3590 1636 3636 et
1665 3587 1984 3639 eorumdem

421 3678 546 3716 cum
604 3665 696 3720 illo
737 3668 1004 3732 haeredes,
1033 3679 1087 3725 ct
1136 3673 1322 3728 eodem
1379 3690 1543 3743 regno
1572 3692 1696 3730 eum
1751 3678 1870 3747 ipso
1905 3693 1990 3733 re-

421 3769 652 3824 gnantcs
680 3761 946 3829 vivemus,
976 3764 1078 3818 nisi
1108 3781 1208 3829 nos
1239 3765 1386 3836 ipsos
1409 3778 1604 3838 sponte
1633 3770 1989 3838 volentesque

423 3850 476 3902 in
508 3851 606 3905 hac
641 3854 749 3905 vita
784 3859 1268 3924 excarcaverimus,
1295 3876 1359 3914 ac
1403 3872 1605 3918 vestem
1645 3865 1846 3934 regiam
1877 3865 1984 3920 dis-

422 3946 758 4012 ruperimus.
799 3947 912 4001 Hoc
944 3951 1088 4004 enim
1125 3953 1300 4008 solum
1327 3970 1494 4024 super
1519 3955 1682 4011 vitam
1711 3971 1986 4029 acceptam

421 4037 488 4090 de
524 4049 712 4092 nostro
743 4041 1018 4108 addimus,
1056 4059 1112 4097 ut
1144 4047 1284 4100 dona
1334 4049 1734 4115 contineamus,
1780 4061 1834 4105 et
1869 4068 1990 4121 gra-

424 4133 554 4184 tiam
581 4135 978 4200 custodiamus,
1019 4152 1118 4190 nec
1161 4153 1419 4192 coronam
1449 4141 1792 4210 abjiciamns,
1823 4160 1986 4212 quam

425 4226 613 4279 nmltis
641 4228 940 4280 sudoribus
963 4240 1013 4282 et
1037 4229 1315 4284 laboribus
1342 4233 1482 4286 Drns
1510 4235 1664 4288 nobis
1686 4238 1987 4293 contexuit.

424 4317 548 4373 Haec
579 4329 662 4374 est
718 4320 825 4372 vita
889 4321 939 4373 in
992 4321 1238 4388 Cnrtsto,
1290 4343 1453 4395 quam
1498 4327 1737 4382 conﬂant
1771 4331 1986 4398 quidem

426 4413 707 4479 mysteria,
767 4414 859 4464 sed
893 4413 958 4465 ad
987 4415 1232 4468 eamdem
1267 4429 1524 4486 praeterea
1581 4422 1816 4474 humana
1866 4422 1988 4474 dili-

2093 3221 2290 3291 ἐχομεν
2325 3221 2564 3290 χαρίτων
2595 3219 2682 3271 διὰ
2736 3217 2797 3269 τὸ
2859 3216 3051 3286 μύρον,
3082 3217 3177 3268 καὶ
3205 3216 3290 3266 διὰ
3324 3212 3420 3281 τὴν
3450 3211 3670 3279 τράπε-

2095 3311 2194 3376 ζαν
2226 3312 2324 3380 τὴν
2355 3311 2523 3379 αὐτὴν
2549 3310 2741 3378 ἐκείνῳ
2771 3308 2952 3378 ζῶμεν
2983 3308 3130 3376 ζωήν
3155 3323 3166 3334 ·
3209 3305 3298 3358 ἐπὶ
3322 3304 3376 3354 δὲ
3402 3301 3494 3354 τοῦ
3527 3301 3672 3368 μέλ-

2091 3409 2273 3467 λοντος
2305 3407 2417 3460 θεοὶ
2451 3406 2580 3474 περὶ
2627 3403 2758 3455 Θεὸν
2791 3401 2884 3454 καὶ
2912 3399 3019 3452 τῶν
3053 3398 3230 3453 αὐτῶν
3277 3396 3421 3464 αὐτῷ
3456 3395 3673 3464 κληρο-

2091 3498 2246 3567 νόμοι
2280 3496 2372 3549 καὶ
2402 3495 2502 3564 τὴν
2543 3493 2713 3562 αὐτὴν
2753 3492 2901 3558 αὑτῷ
2933 3487 3308 3560 βασιλεύοντες
3353 3484 3670 3553 βασιλείαν,

2091 3593 2185 3644 ἐάν
2216 3607 2279 3659 γε
2316 3591 2388 3659 μὴ
2424 3591 2641 3649 ἑκόντες
2692 3587 2839 3656 ἡμᾶς
2869 3577 3452 3659 αὑτοὺλὰποτυφλώσιι
3478 3593 3576 3644 μεν
3604 3579 3674 3626 ἐν

2091 3643 2238 3753 τῷδε.
2261 3643 2336 3750 τέ)
2365 3643 2463 3750 ῥίῳ
2493 3684 2586 3734 καὶ
2614 3643 2934 3747 τδνᾶιτωνα
2967 3643 3346 3744 διαξρήξωμεν
3384 3643 3487 3720 τὸν
3508 3667 3678 3735 βασι-

2092 3776 2263 3830 λικόν.
2297 3774 2465 3828 Τοῦτο
2494 3773 2601 3842 γὰρ
2633 3772 2773 3839 ὑπὲρ
2817 3769 2913 3838 τῆς
2946 3767 3092 3835 ζωῆς
3126 3764 3421 3831 εἰσάγομεν
3469 3762 3666 3830 μόνον,

2095 3871 2193 3932 τὰς
2225 3869 2436 3937 δωρεὰς
2465 3867 2760 3935 ὑπομεῖναι
2797 3865 2888 3914 καὶ
2911 3859 3020 3912 τῶν
3057 3857 3294 3928 χαρίτων
3325 3852 3675 3921 ἀνασχέσθαι

2093 3969 2188 4018 καὶ
2226 3968 2302 4032 μὴ
2341 3961 2493 4032 ῥίψαι
2543 3959 2634 4010 τὸν
2669 3958 2951 4024 στέφανον,
2984 3952 3044 4003 ὃν
3079 3950 3292 4010 πολλοῖς
3329 3947 3514 4018 ἱδρῶσι
3562 3947 3673 3996 καὶ

2095 4062 2280 4119 πόνοις
2323 4054 2546 4116 ἐπλεξεν
2592 4054 2725 4122 ἡμῖν
2756 4053 2782 4102 ό
2821 4049 2972 4111 Θεός.
3023 4043 3197 4097 Τοῦτό
3245 4041 3453 4109 ἐστινὴ
3494 4041 3548 4088 ἐν
3583 4037 3675 4105 τῷ

2095 4148 2316 4219 Χριστῷ
2347 4146 2480 4216 ζωὴ.
2509 4146 2574 4215 ἢν
2621 4143 2904 4208 συνίστησι
2951 4138 3046 4206 μὲν
3072 4143 3139 4187 τὰ
3172 4134 3465 4202 μυστήρια,
3515 4127 3676 4180 δοκεῖ

2095 4245 2151 4296 δέ
2185 4260 2236 4294 τι
2269 4239 2528 4293 δύνασθαι
2589 4237 2724 4303 πρὸς
2775 4232 2979 4298 ταύτην
3030 4228 3122 4280 καὶ
3167 4227 3262 4292 τὴν
3317 4223 3677 4290 ἀνθρωπείαν

2100 4333 2376 4400 σπονδήν·
2409 4330 2534 4382 ὅθεν
2587 4327 2665 4394 τῷ
2718 4323 2845 4394 περὶ
2881 4323 3049 4390 αὐτῆς
3105 4319 3279 4369 εἰπεῖν
3329 4312 3670 4380 βουλομένῳ,

2101 4425 2368 4494 περὶτῶν
2418 4419 2733 4491 μυστηρίων
2781 4415 3014 4468 ἑκάστου
3069 4410 3285 4478 πρῶτον
3336 4401 3671 4466 διλ.).αὸόντι,

425 4501 607 4566 gentia
661 4503 909 4555 nonnihil
947 4503 1178 4558 confert.
1215 4506 1285 4561 De
1315 4526 1418 4576 qua
1463 4510 1734 4564 disserere
1767 4513 1985 4578 volentiI

2099 4517 2218 4572 εἶτα
2250 4516 2378 4586 περὶ
2417 4517 2514 4583 τῆς
2565 4512 2684 4564 κατ’
2719 4508 2916 4578 ἀρετὴν
2963 4505 3224 4576 ἐργασίας
3265 4497 3560 4554 ἀκζλουθον
3601 4496 3674 4549 ἂν

427 4595 518 4647 ubi
547 4595 613 4648 de
646 4610 977 4667 unoquoque
1020 4603 1280 4670 mysterio
1316 4618 1560 4658 seorsum
1615 4606 1765 4674 prius
1804 4608 1991 4676 dispu.

425 4687 642 4750 taverit,
676 4695 790 4740 tum
827 4688 1046 4744 demum
1105 4693 1170 4747 de
1209 4695 1423 4749 actione
1470 4712 1592 4750 cum
1633 4698 1830 4755 virtute
1863 4718 1990 4755 ροη-

419 4774 605 4844 juncta
640 4778 929 4834 ordinatim
969 4785 1220 4839 tractatio
1246 4791 1528 4844 succedet.

2100 4613 2184 4680 εἴη
2216 4611 2458 4662 σκοπεῖν.
