3992 6202
337 267 442 333 524

1402 280 1499 341 DE
1538 283 1709 343 VtT.\
1760 285 1834 344 ΙΝ
1873 285 2209 346 CIIRISTO
2248 286 2396 345 LIB.
2436 286 2517 344 ll.

3473 286 3580 355 5i2

796 591 1188 717 ΠΕΡΙ
1262 592 1600 717 ΤΗΣ
1682 595 1889 718 ΕΝ
1963 596 2577 724 ΧΡΙΣΤΩ
2652 599 3103 727 ΖΩΗΣ

1445 834 1811 922 ,ΛΟΓΟΣ
1889 836 2476 923 ΔΕΥΤΕΡΟΣ.

1085 974 1229 1030 Τίνα
1252 976 1611 1031 συντέλειαν
1646 979 1709 1032 τὸ
1748 978 1910 1032 θεῖον
1950 978 2105 1048 αὐτῇ
2144 980 2465 1050 παρέχεται
2494 980 2832 1049 βάπτισμα.

1124 1263 1318 1388 DE
1380 1263 1774 1395 VITA
1836 1268 1995 1391 IN
2091 1264 2783 1395 CHRISTO

1376 1513 1727 1601 IJBER
1850 1514 2503 1605 SECUNDUS.

993 1669 1184 1744 Quem
1208 1670 1265 1730 ei
1296 1666 1595 1729 utilitatis
1630 1668 1910 1747 fructum
1944 1669 2224 1734 diuinum
2264 1673 2571 1753 baptisma
2601 1680 2908 1744 conciliet.

401 1831 477 1881 Τὸ
514 1831 611 1900 μὲν
639 1827 731 1885 οὖν
759 1833 817 1885 ὲν
854 1835 966 1896 τοῖς
1013 1835 1183 1903 ίεροῖς
1222 1832 1545 1903 μυστηρίοις
1596 1832 1697 1902 τὴν
1748 1833 1893 1905 ίεράν

2076 1835 2261 1893 Sacris
2293 1838 2479 1911 itaque
2520 1842 2795 1911 mysteriis
2826 1842 2992 1898 vitam
3044 1860 3260 1901 sacram
3296 1850 3567 1905 contineri

321 1919 484 1989 ζωὴν
513 1924 835 1975 συνεστάναι
856 1923 964 1975 ἀπὸ
984 1924 1095 1975 τῶν
1127 1924 1411 1994 προτέρων
1434 1925 1707 1978 δέδεικται
1729 1938 1743 1953 ·
1773 1924 1903 1976 ἕκα-

322 2028 461 2064 στον
493 2014 549 2066 δὲ
577 2014 684 2066 τῶν
711 2015 1029 2086 μυστηρίων
1054 2016 1203 2078 ὅπως
1243 2018 1323 2080 εἰς
1356 2015 1570 2070 τουτονὶ
1608 2016 1762 2085 φέρει
1808 2014 1901 2068 τὸν

322 2105 472 2172 βίον,
509 2106 627 2158 νυνὶ
666 2106 981 2174 σκοπῶμεν.
1021 2107 1177 2159 Ἐστι
1213 2107 1312 2175 μὲν
1366 2108 1474 2177 γὰρ
1517 2109 1550 2176 ἠ
1601 2110 1657 2159 ὲν
1678 2107 1901 2177 Χριστῷ

319 2196 446 2266 ζωὴ
476 2198 607 2251 αὐτὸ
646 2198 705 2251 τὺ
739 2198 1077 2267 συναφθῆναι
1111 2199 1336 2269 Χριστῷ
1361 2215 1376 2231 ο
1400 2199 1459 2252 ὃν
1488 2199 1532 2251 δ’
1554 2198 1661 2268 ἄρα
1699 2201 1900 2270 τρόπον

321 2288 538 2356 ἑκάστη
567 2286 760 2356 τελετὴ
788 2290 914 2351 τοὺς
946 2287 1366 2358 τετελεσμένους
1414 2287 1493 2356 τῷ
1520 2288 1743 2360 Χριστῷ
1770 2305 1902 2342 συν-

321 2380 516 2441 άπτει,
546 2377 795 2447 λέγωμεν
824 2379 947 2449 ἤδη.

408 2471 569 2523 Ἐστι
602 2470 667 2539 δὴ
697 2469 916 2539 Χριστῷ
939 2470 1281 2540 συνοφθῆναι
1305 2470 1393 2524 διὰ
1420 2474 1640 2524 πάντων
1660 2471 1899 2535 ἐλθοῦσι,

319 2568 399 2621 δι’
436 2563 513 2620 ὧν
546 2569 574 2620 ὁ
613 2568 803 2638 Σιινιηρ
857 2562 1010 2638 ἦλθε,
1044 2570 1138 2622 καὶ
1170 2569 1348 2623 πάντα
1398 2570 1492 2621 καὶ
1538 2568 1770 2621 παθοῦσι
1804 2567 1900 2621 καὶ

321 2658 647 2728 γενομένοις
676 2658 777 2710 ὅσα
810 2659 1037 2723 ἐκεῖνος.
1080 2660 1317 2722 Ἐκεῖνος
1343 2658 1525 2713 τοίνυν
1555 2657 1741 2728 moon
1798 2658 1899 2727 μὲν

317 2749 530 2814 αἵματι
556 2748 650 2800 καὶ
675 2750 841 2819 σαρκὶ
885 2748 1067 2819 πάσης
1091 2748 1355 2819 καθαροῖς
1384 2748 1662 2820 ἁμαρτίας
1684 2764 1698 2778 ·
1735 2746 1899 2818 φύσει

317 2840 383 2892 δὲ
416 2839 493 2892 ὢν
525 2838 657 2903 Θεὸς
690 2840 853 2903 αὐτὸς
910 2840 967 2907 ἐξ
1006 2839 1184 2911 ἀρχῆς
1232 2842 1326 2895 καὶ
1370 2841 1529 2894 τοῦτο
1551 2840 1837 2905 τεθέωκεν,
1868 2839 1897 2893 ὃ

318 2932 557 2998 γέγονεν
604 2930 852 3002 ὕστερον,
894 2931 993 3002 τὴν
1021 2932 1369 3002 ἀνθρωπείαν
1416 2931 1600 3000 φύσιν,
1628 2930 1895 2985 τελευτῶν

315 3023 380 3077 δὲ
411 3024 508 3075 καὶ
538 3023 776 3077 ἀπέθανε
826 3023 927 3092 τῆς
972 3024 1177 3095 σαρκὸς
1208 3023 1371 3077 ἕνεκα
1401 3026 1498 3078 καὶ
1526 3024 1750 3092 ἀνέστη.
1806 3024 1899 3075 Δεῖ

316 3112 510 3165 τοίνυν
562 3113 657 3166 καὶ
704 3113 805 3182 τῆς
854 3112 1056 3183 σαρκὸς
1102 3112 1252 3182 αὐτῷ
1303 3114 1625 3183 μεταλαϐεῖν
1658 3114 1753 3166 καὶ
1796 3112 1895 3181 τῆς

319 3201 580 3264 θεὼσεως
633 3205 924 3271 μετασχεῖν
962 3204 1053 3253 καὶ
1083 3201 1177 3254 τοῦ
1208 3202 1382 3269 τάφου
1413 3202 1510 3255 καὶ
1537 3205 1634 3270 τῆς
1662 3202 1897 3254 ἀναστά-

319 3311 467 3354 σεως
498 3294 828 3362 κοινωνῆσαι
847 3296 939 3345 τὸν
972 3293 1309 3362 συναφθῆναι
1338 3291 1607 3363 ζητοῦντα
1633 3310 1648 3325 ο
1703 3294 1799 3346 καὶ
1830 3293 1895 3364 δὴ

320 3384 712 3454 βαπτιζόμεθα
782 3384 903 3453 μὲν,
971 3384 1058 3438 τνα
1105 3384 1195 3439 τὸν
1249 3386 1479 3438 θάνατον
1530 3385 1895 3455 ἀποθάνωμεν

314 3476 535 3527 ἐκεῖνον
570 3477 661 3528 καὶ
683 3475 783 3545 τὴν
832 3475 1131 3528 ἀνάστασιν
1167 3477 1514 3547 ἀναστῶμεν,
1538 3478 1807 3549 χριόμεθα
1837 3478 1893 3531 δὲ

316 3566 415 3620 [va
452 3565 548 3618 τοῦ
572 3567 873 3636 χρίσματος
906 3566 998 3619 τοῦ
1034 3567 1318 3637 βασιλικοῦ
1338 3572 1437 3635 τῆς
1465 3567 1713 3632 θεὼσεως
1741 3569 1894 3640 αὑτῷ

314 3658 613 3727 γενώμεθα
670 3659 942 3713 κοινωνοί.
997 3660 1315 3728 Σιτούμενοι
1370 3660 1428 3714 δὲ
1472 3662 1565 3713 τὸν
1601 3661 1893 3732 ἱερώτατον

312 3752 493 3821 ἄρτον
526 3752 621 3805 καὶ
656 3751 749 3804 τοῦ
787 3751 1068 3805 θειοτάτου
1103 3754 1351 3815 πίνοντες
1399 3754 1665 3823 ποτηρίου
1721 3755 1891 3823 αὐτῆς

320 3844 635 3914 μετέχομεν
658 3843 762 3913 τῆς
802 3844 1026 3913 σαρκὸς,
1060 3843 1224 3896 αὐτοῦ
1257 3842 1351 3896 τοῦ
1380 3845 1635 3915 αἵματος,
1678 3846 1785 3898 τῶν
1814 3846 1893 3917 τῷ

313 3938 541 4007 Σωτῆρι
588 3937 1114 4007 προσειλημμένων·
1176 3938 1272 3990 καὶ
1319 3939 1511 3991 τοῦτον
1570 3938 1660 3991 τὸν
1692 3938 1893 4008 τρόπον

314 4028 721 4097 συναπτόμεθα
768 4028 844 4096 τῷ
889 4028 1029 4098 ὑπὲρ
1059 4028 1217 4099 ἡμῶν
1242 4028 1580 4099 σαρκωθέντι
1626 4030 1721 4081 καὶ
1754 4030 1891 4081 θεω-

313 4126 473 4178 θέντι
504 4124 596 4176 καὶ
630 4122 958 4176 ἀποθανόντι
990 4124 1082 4174 καὶ
1124 4122 1440 4176 ἀναστάντι.
1470 4122 1536 4173 Τί
1566 4117 1661 4175 οῦν
1694 4120 1769 4191 μὴ
1800 4121 1893 4174 καὶ

312 4219 420 4285 τὴν
453 4216 625 4287 αὐτὴν
649 4215 842 4286 ἐκείνῳ
875 4214 1123 4283 σώζομεν
1167 4214 1345 4279 τάξιν,
1378 4215 1495 4267 ἀλλ’
1525 4215 1649 4267 ὅθεν
1679 4214 1888 4282 ἔληξεν,

310 4309 634 4377 ἀρχόμενοι,
672 4309 727 4358 ἐν
759 4300 837 4368 οἷς
862 4307 1065 4365 ἐκεῖνος
1091 4304 1308 4375 ῆοξατο,
1343 4305 1727 4374 τελευτῶμεν;
1766 4305 1890 4357 Ὀτι

312 4399 591 4469 κατῆλθεν
623 4398 691 4450 ἶν’
719 4399 880 4468 ἡμεῖς
908 4397 1245 4466 ἀνέλθωμεν,
1293 4397 1389 4450 καὶ
1415 4398 1512 4467 τῆς
1543 4396 1716 4466 αὐτῆς
1758 4398 1891 4450 ὑπο-

2004 1938 2057 1981 et
2089 1929 2385 1993 coluerere,
2421 1930 2562 1986 libro
2606 1932 2855 2001 proxime
2907 1937 3192 2005 superiore
3223 1938 3572 1997 demonstra-

2005 2026 2120 2071 tum
2153 2031 2254 2073 cst.
2284 2018 2569 2085 Quomodo
2600 2032 2783 2077 autem
2818 2028 3251 2099 unumquodque
3283 2046 3379 2099 per
3410 2048 3468 2088 se
3505 2035 3571 2087 ad

2005 2123 2123 2162 cam
2194 2113 2504 2179 pertineat,
2556 2114 2807 2185 sequitur
2853 2126 2913 2172 ut
2963 2117 3307 2190 indagemus.
3343 2120 3462 2177 Vita
3515 2123 3568 2177 in

2003 2200 2227 2256 Christo
2287 2219 2395 2258 non
2462 2205 2610 2259 aliud
2661 2215 2789 2273 est,
2841 2224 3003 2279 quam
3072 2212 3441 2280 conglutinari
3516 2216 3570 2268 in

2002 2290 2380 2361 Cbristo.Quo
2397 2308 2580 2350 autem
2624 2298 2788 2351 modo
2820 2314 3160 2369 unaquzpque
3193 2304 3430 2357 initiatio
3469 2303 3575 2358 ini-

2002 2384 2165 2439 tiatos
2195 2399 2317 2438 cum
2351 2386 2571 2440 Christo
2594 2389 2949 2458 conglutinet,
2986 2407 3133 2448 nunc
3152 2392 3569 2463 explicabimus.

2074 2474 2225 2530 Licet
2258 2475 2424 2544 igitur
2451 2492 2578 2532 cum
2614 2479 2835 2534 Christo
2890 2482 3150 2553 conjungi
3191 2500 3286 2540 eos
3320 2488 3411 2555 qui
3441 2504 3569 2557 per-

2000 2566 2340 2621 transierunt
2376 2569 2583 2632 omnia,
2616 2584 2712 2638 per
2741 2585 2862 2640 qua:
2909 2571 2997 2625 ille
3024 2576 3294 2641 transivit,
3329 2577 3571 2650 factique

2000 2666 2129 2712 sunt
2166 2668 2221 2711 et
2259 2659 2498 2727 perpessi
2528 2661 2714 2715 omnia
2753 2677 2876 2730 qua:
2911 2661 3024 2718 ille.
3081 2664 3332 2722 Christus
3384 2668 3571 2738 itaque

2001 2762 2167 2803 carne
2205 2757 2259 2803 et
2290 2752 2552 2821 sanguine
2598 2754 2779 2808 omnis
2822 2756 3025 2823 peccati
3076 2759 3397 2827 expertibus
3440 2776 3571 2816 con-

1995 2839 2222 2910 junctus
2247 2849 2302 2895 et
2340 2841 2526 2899 unitus
2560 2853 2666 2897 est.
2705 2843 2952 2915 Cumque
2982 2845 3123 2903 Deus
3173 2861 3319 2905 esset
3352 2853 3422 2905 ab
3462 2853 3567 2907 ini-

2002 2929 2099 2995 tio,
2134 2930 2298 2984 etiam
2340 2931 2463 2995 hoc,
2497 2932 2640 3002 quod
2682 2943 2869 3002 postea
2926 2934 3104 2992 factus
3147 2946 3251 3004 est,
3285 2940 3568 2996 divinitate

2001 3020 2205 3085 ail‘ecit,
2244 3022 2542 3105 humanam
2570 3033 2824 3080 naturam
2857 3026 3130 3085 videlicet.
3163 3029 3403 3086 Tandem
3441 3047 3568 3087 car-

2003 3111 2086 3165 nis
2114 3114 2286 3182 gratia
2323 3124 2552 3170 mortem
2581 3131 2797 3185 quoque
2824 3118 3050 3183 subivit,
3078 3130 3132 3175 et
3164 3120 3216 3175 in
3251 3123 3414 3177 vitam
3447 3140 3568 3179 sese

2001 3204 2297 3259 revocavit.
2314 3202 2538 3273 Oportet
2560 3222 2687 3276 ergo
2714 3216 2769 3261 et
2793 3208 2845 3261 in
2870 3222 3034 3264 carne
3056 3210 3202 3268 illius
3232 3227 3564 3275 consortem,

1996 3302 2051 3348 et
2094 3294 2149 3347 in
2182 3294 2467 3349 divinitate
2498 3296 2843 3366 participem,
2876 3308 2929 3352 et
2961 3300 3013 3353 in
3058 3302 3334 3372 sepultura
3365 3320 3431 3361 ac
3480 3322 3565 3363 re-

1998 3400 2343 3439 surrectione
2367 3387 2578 3441 socium
2605 3401 2747 3451 esse,
2780 3388 2870 3457 qui
2917 3406 3041 3443 cum
3084 3391 3276 3446 eodem
3313 3395 3560 3468 colligari

1996 3474 2293 3529 desiderat.
2327 3477 2453 3533 ldeo
2493 3478 2545 3532 in
2583 3479 2784 3533 undam
2827 3480 3123 3536 salutarem
3162 3484 3559 3557 itnmergimur,

1996 3570 2055 3614 ut
2087 3562 2230 3616 illius
2258 3573 2431 3618 morte
2462 3566 2761 3621 moriamur
2792 3577 2846 3622 et
2876 3574 3281 3629 resurrectione
3313 3591 3563 3648 resurga~

1996 3670 2140 3709 mus.
2177 3653 2443 3724 Ungimur
2472 3669 2678 3724 autem,
2716 3669 2775 3713 ut
2809 3662 2971 3735 regite
3000 3664 3246 3720 unctioni
3278 3677 3333 3722 et
3372 3669 3561 3725 deitati

1997 3748 2075 3802 illi
2112 3747 2521 3802 consociemur.
2578 3748 2814 3806 Edentes
2848 3768 2975 3808 vero
3007 3769 3198 3825 panem
3252 3761 3567 3815 sacratissi-

1997 3856 2170 3904 mum,
2203 3849 2255 3895 et
2288 3840 2688 3895 divinissimum
2727 3842 2982 3912 poculum
3017 3847 3350 3915 haurientes,
3379 3853 3562 3908 carnis

1997 3934 2171 4000 ipsius
2198 3944 2251 3987 et
2276 3935 2584 4005 sanguinis,
2616 3949 2738 4005 quae
2765 3939 3082 4006 assumpsit,
3115 3943 3405 4011 participes
3434 3948 3559 4000 red-

1994 4024 2199 4077 dimur.
2240 4022 2309 4076 Et
2363 4024 2464 4078 ista
2504 4024 2590 4077 via
2626 4026 2949 4094 copularnur
3000 4026 3051 4082 ei
3102 4029 3194 4098 qui
3255 4047 3352 4100 pro
3401 4036 3559 4091 nobis

1996 4114 2330 4175 incarnatus,
2359 4124 2414 4169 et
2434 4115 2732 4180 deillcatus,
2754 4126 2804 4170 et
2829 4126 3078 4173 mortuus
3108 4128 3211 4186 est,
3238 4127 3292 4175 et
3313 4136 3557 4177 resurre-

1994 4209 2091 4262 xit.
2111 4206 2249 4272 Quid
2286 4208 2488 4278 igitur?
2512 4223 2639 4263 num
2667 4217 2722 4263 et
2746 4210 2996 4265 eumdem
3030 4226 3154 4266 cum
3189 4211 3282 4266 illo
3314 4214 3558 4270 ordinem

1995 4300 2289 4353 tenemus?
2334 4297 2482 4353 Nihil
2518 4300 2717 4364 minus,
2761 4300 2856 4355 sed
2893 4301 2984 4355 ubi
3021 4302 3112 4358 ille
3145 4304 3447 4365 desiit,nos
3479 4308 3562 4359 in-

1995 4390 2252 4459 cipimus,
2277 4399 2332 4445 et
2364 4405 2395 4445 a
2423 4390 2626 4460 quibus
2657 4391 2746 4445 ille
2776 4391 3001 4461 incepit,
3033 4392 3086 4446 in
3119 4408 3319 4448 ea.nos
3353 4395 3561 4449 desim-

308 4491 581 4558 κειμένης
634 4488 756 4541 ὁδοῦ
804 4490 864 4540 τὸ
895 4489 994 4557 μὲν
1038 4488 1249 4541 ἐκείνου
1280 4489 1514 4558 πρᾶγμα
1544 4489 1768 4551 κάθοδος
1797 4485 1887 4560 ἦν,

1998 4493 2139 4533 mus.
2171 4478 2465 4534 Descendit
2493 4484 2638 4534 enim
2688 4488 2747 4534 ut
2784 4495 2886 4535 nos
2919 4482 3306 4561 ascendamus,
3339 4496 3393 4541 et
3436 4502 3559 4542 cum

305 4586 482 4656 ἡμεῖς
513 4583 567 4635 δὲ
596 4583 976 4652 ἀνερχόμεθαο
1022 4580 1222 4634 οὐκοῦν
1252 4579 1441 4651 ὥσπερ
1476 4582 1570 4635 ἐπὶ
1617 4581 1887 4650 κλίμακος

307 4679 458 4743 ὅπερ
482 4672 708 4741 ἔσχατον
760 4667 829 4741 ἦν
868 4670 1062 4741 ἐκείνῳ
1119 4672 1531 4741 κατερχομένῳ,
1571 4672 1729 4726 τοῦτο
1760 4675 1890 4742 ἡμῖν

307 4766 531 4821 ἀνιοῦσι
561 4764 769 4831 γίνεται
795 4764 1034 4832 πρῶτον.
1067 4762 1279 4826 Ἀλλως
1306 4780 1366 4816 τε
1396 4764 1504 4817 οὐδ’
1532 4764 1660 4834 δξῆν
1687 4766 1889 4836 ἑτέρως

311 4856 506 4911 αὐτῶν
529 4854 690 4905 ἕνεκα
715 4852 822 4903 τῶν
844 4850 1206 4920 πραγμάτων.
1243 4851 1316 4902 Τὸ
1350 4850 1447 4919 μὲν
1468 4851 1577 4919 γὰρ
1605 4850 1888 4921 βάπτισμα

307 4951 596 5019 γέννησις,
645 4944 704 4997 τὸ
737 4943 794 4995 δὲ
834 4942 1007 5012 μύρον
1056 4942 1337 5011 ἐνεργείας
1372 4944 1469 4994 καὶ
1510 4943 1779 5011 κινήσεως
1832 4943 1892 4995 ὲν

312 5042 451 5108 ἡμῖν
484 5038 595 5106 ἔχει
627 5036 783 5102 λόγον
808 5050 822 5065 ο
855 5036 882 5086 ὀ
924 5034 979 5086 δὲ
1028 5034 1128 5099 τῆς
1158 5034 1303 5102 ζωῆς
1332 5034 1496 5103 ἀρτος
1522 5034 1699 5086 καὶτὸ
1723 5035 1893 5104 ποτήέ

315 5148 436 5200 ριον
468 5130 566 5196 τῆς
599 5127 958 5195 ίζὺχαριστίας
1004 5125 1207 5193 βρῶσίς
1246 5127 1361 5177 ἐστι
1423 5127 1517 5177 καὶ
1560 5124 1721 5187 πόσις
1752 5126 1889 5194 ἀλη-

314 5223 463 5291 θινή,
497 5221 610 5272 Οὐκ
644 5219 759 5269 ἔστι
793 5218 848 5269 δὲ
880 5216 1224 5285 κινηθῆναιῆ
1269 5216 1505 5284 ταφῆναι
1535 5217 1666 5286 πρὶν
1691 5234 1889 5289 γεννη.

315 5314 497 5381 θῆναι.
547 5312 668 5361 "Est
692 5310 747 5361 δὲ
777 5311 837 5359 τὸ
886 5308 985 5377 μὲν
1011 5308 1299 5376 βάπτισμα
1333 5307 1451 5377 θεῷ
1478 5308 1567 5360 τὸν
1600 5308 1888 5379 ἄνθρωπον

314 5400 701 5457 καταλλάττει.
738 5397 797 5449 τὸ
820 5398 875 5448 δὲ
901 5397 1071 5466 μύρον
1105 5397 1213 5448 τῶν
1261 5396 1471 5448 ἐκεῖθεν
1503 5396 1645 5461 ἀξιοῖ
1668 5398 1883 5467 δώρων,

318 5495 347 5560 ἡ
378 5493 437 5544 δὲ
467 5489 749 5559 τραπέζης
780 5489 1009 5554 δύναμις
1049 5489 1149 5556 τὴν
1178 5487 1358 5555 σάρκα
1391 5487 1483 5539 τοῦ
1515 5488 1755 5555 Χριστοῦ
1782 5491 1890 5542 καὶ

318 5587 377 5636 τὸ
406 5580 546 5651 αἷμα
584 5582 736 5633 κοινὰ
768 5582 910 5631 ποιεῖ
961 5581 1055 5631 καὶ
1083 5579 1161 5650 τῷ
1208 5581 1537 5650 τελουμένῳ.
1580 5582 1888 5652 Ἀμήχανον

390 5704 434 5734 ⁸⁸
468 5707 626 5755 Juan.
664 5714 739 5761 vt,
779 5697 869 5750 56.

600 5791 866 5853 ιἈτιιυι..
916 5789 1029 5848 Gtt.
1074 5785 1167 5845 Cl.
1184 5825 1200 5843 .

1994 4571 2185 4626 eadem
2216 4571 2287 4627 sit
2323 4571 2408 4625 via
2438 4570 2736 4641 proposita,
2772 4572 2918 4628 illius
2954 4575 3229 4641 negotium
3262 4582 3563 4637 descensus

1996 4662 2118 4727 fuit,
2156 4672 2403 4717 nostrum
2456 4680 2720 4719 ascensus
2754 4674 2859 4719 est.
2910 4664 3096 4736 Itaque
3150 4679 3209 4723 ut
3260 4670 3313 4723 iu
3375 4674 3560 4737 scalis,

1994 4754 2138 4822 quod
2186 4752 2267 4807 illi
2311 4754 2658 4809 descendenti
2701 4764 3003 4811 extremum
3061 4766 3204 4823 erat,
3270 4761 3373 4816 hoc
3401 4763 3565 4818 nobis

1996 4843 2420 4900 ascendentibus
2452 4845 2687 4913 primum
2712 4858 2815 4900 est.
2843 4846 3044 4903 Deinde
3066 4849 3225 4905 aliter
3244 4854 3406 4908 ctiam
3434 4872 3562 4924 pru-

1995 4945 2114 5005 ptet'
2144 4936 2382 5003 ipsarum
2403 4951 2582 4989 rcrum
2606 4938 2973 4992 conditionem
3010 4955 3115 4993 non
3143 4943 3293 4998 licet.
3342 4944 3558 5016 Baptisc

1996 5041 2121 5081 mus
2189 5027 2335 5080 enim
2363 5038 2445 5081 est
2490 5027 2790 5096 generatio,
2821 5028 2936 5083 sive
2985 5039 3162 5088 ortus.
3187 5030 3560 5104 Unguentum.

1996 5120 2112 5174 sive
2171 5119 2412 5173 chrisma
2470 5117 2705 5172 actionis
2745 5125 2799 5172 et
2851 5122 3108 5176 motionis
3147 5126 3414 5182 rationem
3470 5130 3564 5181 ha-

1994 5211 2118 5264 bet.
2153 5208 2319 5264 Panis
2349 5220 2529 5264 autem
2562 5209 2687 5264 vitae
2709 5251 2725 5274 ,
2757 5217 2811 5263 et
2855 5212 3112 5281 poculum
3158 5214 3556 5279 Eucharistite,

2000 5317 2159 5356 verus
2184 5314 2266 5355 est
2295 5300 2473 5365 cibus,
2506 5310 2557 5355 et
2586 5315 2749 5354 verus
2776 5312 2934 5369 potus
2962 5301 3031 5357 ⁸⁸.
3058 5305 3223 5375 Atqui
3258 5323 3364 5362 non
3396 5309 3561 5361 datur

1998 5405 2148 5450 motu
2194 5393 2327 5450 cieri
2395 5402 2488 5446 aut
2522 5392 2616 5455 ali,
2674 5394 2992 5461 priusquam
3028 5404 3189 5451 natus
3230 5396 3329 5451 sis.
3358 5397 3556 5451 Adhzec

1997 5488 2300 5556 baptismns
2330 5485 2602 5540 hominem
2633 5498 2756 5537 cum
2794 5484 2903 5538 Deo
2936 5486 2989 5538 in
3021 5489 3248 5555 gratiam
3281 5489 3555 5556 restituit;

2002 5588 2338 5648 unguentum
2397 5576 2557 5631 donis
2608 5576 2722 5631 illic
2772 5576 3029 5645 repositis
3083 5579 3305 5647 dignum
3354 5579 3553 5636 etllcit:

3093 5790 3166 5849 1'7
