3992 6202
457 277 560 342 523

1684 275 1999 335 NICULAI
2035 276 2421 336 CABASILrE
2504 286 2517 301 ‘

3584 265 3681 330 52i

456 399 632 452 virtus
673 412 840 452 sacrae
878 413 1076 451 mensa:
1112 398 1274 450 etiam
1334 408 1553 448 carnem
1588 405 1639 448 et
1693 392 2015 463 sanguinem

2132 392 2180 444 δὲ
2215 396 2344 463 πρὶν
2399 391 2771 462 κατηλλάχθαι
2809 390 2947 461 μετά
2977 389 3084 441 τῶν
3110 386 3278 456 φίλων
3302 385 3549 449 ἑστάναι,
3596 390 3682 440 καὶ

452 491 659 546 Christi
686 505 807 545 cum
847 491 1001 543 initio
1036 488 1426 543 communicat.
1463 485 1557 540 Est
1596 496 1775 541 autem
1808 486 2017 554 impos-

455 585 647 648 sibile,
681 593 806 638 ante
842 580 1341 637 reconciliationem
1397 593 1520 631 cum
1575 578 1767 632 amicis
1827 577 2024 630 habere

456 675 935 738 consuetudinem,
963 682 1015 726 et
1045 687 1107 725 ea
1137 670 1433 740 promereri
1470 652 1848 739 pmrnia‘qnze
1879 668 2022 734 ipso-

459 784 577 820 rum
612 776 739 820 sunt
790 763 1027 833 propria,
1063 762 1435 832 malignosque
1478 770 1531 814 et
1563 759 1802 829 peccatis
1836 757 2024 813 subdi-

455 866 541 912 tos
572 856 637 909 de
692 868 856 908 carne
894 853 1203 918 comedere,
1237 860 1290 906 et
1322 853 1386 905 de
1413 850 1679 920 sanguine
1711 849 1895 903 bibere
1929 864 2026 903 eo-

454 962 599 1010 rum,
626 945 718 1014 qui
743 944 895 999 nullo
918 943 1094 997 delicti
1128 959 1325 1014 genere
1352 942 1721 1013 implicantur.
1746 939 2014 1007 Quocirca

458 1036 693 1106 primum
739 1035 1005 1099 lavamur,
1042 1044 1229 1104 postea
1276 1035 1563 1104 ungimur:
1612 1034 1679 1088 ita
1720 1034 1831 1103 jam
1866 1050 2026 1089 mun-

456 1128 557 1181 dos
590 1135 644 1180 et
684 1125 1063 1180 suaveolentes
1099 1140 1281 1179 mensa
1316 1124 1538 1194 excipit.

530 1218 594 1270 iit
635 1218 750 1271 hac
781 1217 999 1286 quidem
1037 1217 1322 1271 hactenus.
1359 1214 1479 1269 Jam
1528 1213 1595 1269 de
1635 1214 1866 1283 singulis
1904 1229 2025 1283 my-

458 1311 644 1364 steriis
674 1311 871 1364 docere
935 1316 1449 1379 pergamus,qua‘m
1499 1308 1785 1362 utilitatem
1854 1307 2037 1362 sacrae

465 1402 589 1456 \ita:
624 1412 937 1471 apportent.
964 1402 1040 1455 Ac
1076 1402 1309 1472 primum
1341 1401 1407 1455 de
1439 1399 1736 1470 baptismo,
1771 1414 2022 1470 quaenam

457 1495 523 1547 ad
576 1495 792 1548 isthauc
823 1496 987 1547 vitam
1037 1494 1323 1548 commoda
1360 1493 1485 1548 inde
1516 1492 1763 1563 pregigni
1799 1501 2021 1562 queam.

529 1586 622 1641 Est
660 1590 823 1658 igitur
875 1588 1144 1657 baptizari
1191 1587 1429 1655 idipsum
1456 1627 1471 1655 ,
1527 1588 1672 1654 quod
1714 1585 2021 1640 secundum

460 1679 739 1735 Christum
776 1681 966 1745 nasci,
1000 1680 1287 1748 ipsamque
1321 1679 1617 1733 essentiam
1662 1686 1719 1731 et
1773 1676 2030 1730 substan—

2130 477 2203 536 ὧν
2255 485 2486 547 ἐκείνοις
2541 481 2818 553 πρδσῆκεν
2871 481 3155 545 ἀξιοῦσθαι
3202 479 3460 547 χαρίτων,
3491 480 3578 531 καῖ
3610 477 3682 547 τῷ

2127 577 2351 646 πονηρῴ
2381 577 2475 628 καὶ
2502 579 2620 638 ταῖς
2673 574 2969 644 ἁμαρτίαις
3030 572 3427 641 ὑποκειμένους
3459 570 3686 640 αἵματος

2128 666 2273 720 πιεῖν
2321 670 2415 720 καὶ
2471 665 2671 737 σαρκὸς
2735 667 2929 734 φαγεῖν
2974 664 3080 717 τῶν
3134 663 3553 732 ἀναμαρτήτων.
3591 660 3687 712 Διά

2125 758 2301 812 ταῦτα
2340 758 2584 827 λούμεθα
2641 758 2881 828 πρῶτον,
2913 753 3028 810 εἶτα
3079 754 3367 825 χριόμεθα,
3405 754 3497 807 καὶ
3548 754 3683 806 οὕτω

2126 852 2398 925 καθαροὺς
2428 855 2524 908 καὶ
2552 851 2771 916 εὐώδεις
2807 853 2839 922 ἠ
2870 850 3116 922 τράπεζα
3139 850 3371 920 δέχεται.
3684 892 3696 951 ι

2198 1224 2307 1276 Καὶ
2342 1222 2515 1275 ταῦτα
2554 1223 2653 1291 μὲν
2681 1222 2762 1284 εἰς
2788 1221 3062 1274 τοσοῦτον.
3098 1220 3236 1291 Περί
3264 1219 3321 1273 δὲ
3355 1220 3464 1274 τῶν
3487 1236 3694 1290 μυστη·

2130 1314 2261 1382 ρίων
2319 1313 2556 1366 ἑκάστου
2615 1312 2911 1380 σκοπῶμεν
2959 1310 3060 1374 ἔτι,
3109 1311 3229 1363 τίνα
3273 1312 3584 1364 συντέλειαν
3612 1312 3696 1382 τῷ

2129 1405 2261 1474 ἱερῷ
2285 1403 2587 1475 παρέχεται
2606 1402 2835 1472 βίῳ,καὶ
2864 1403 2993 1471 περί
3017 1402 3111 1456 τοῦ
3144 1403 3521 1473 βαπτίσματος
3542 1404 3694 1472 πρὼ-

2124 1514 2244 1558 του.
2276 1497 2377 1550 ὅσα
2405 1495 2458 1562 γ’
2482 1497 2559 1558 εἰς
2587 1497 2686 1565 τὴν
2712 1495 2854 1566 ζωὴν
2884 1495 3089 1565 ταύτην
3107 1482 3334 1548 δύναται
3372 1495 3581 1565 φέρειν.

2201 1580 2360 1643 Ἔστι
2391 1587 2571 1641 τοῖνυν
2620 1587 2682 1641 τὸ
2737 1586 3105 1657 βαπτισθῆναι
3138 1587 3270 1641 αὐτὸ
3302 1587 3362 1641 τὸ
3392 1588 3531 1641 κατά
3560 1587 3698 1656 Χρι-

2128 1679 2249 1733 στὸν
2280 1679 2611 1748 γεννηθῆναι
2652 1680 2746 1731 καὶ
2794 1678 2982 1731 λαϐεῖν
3012 1678 3143 1731 αὐτὸ
3171 1677 3232 1731 «ct
3257 1674 3399 1732 εἶναι
3428 1679 3520 1731 καὶ
3557 1679 3696 1730 ὑπο-

456 1770 586 1823 tiam
607 1769 872 1837 accipere,
894 1785 1017 1823 cum
1045 1778 1201 1823 antea
1227 1769 1359 1823 nihil
1382 1768 1582 1822 fueris:
1606 1767 1654 1820 id
1674 1767 1814 1836 quod
1837 1764 2021 1819 multis

2132 1775 2316 1841 στῆναι
2360 1771 2524 1841 μηδὲν
2586 1772 2771 1834 ὄντας.
2834 1770 3006 1825 Τοῦτο
3069 1772 3127 1825 δὲ
3182 1772 3523 1840 καταμαθεῖν
3573 1771 3695 1824 ἔστι

458 1879 487 1916 e
526 1862 657 1915 locis
701 1863 1008 1931 perspicere
1040 1861 1184 1916 licet.
1235 1860 1509 1929 Principio
1532 1874 1592 1913 ex
1630 1857 1823 1912 ordine
1857 1858 2018 1926 ipso;

461 1956 565 2008 hoc
618 1956 762 2007 enim
801 1964 887 2008 est
937 1953 1173 2022 primum
1226 1953 1640 2024 mysteriorum,
1677 1966 1783 2021 quo
1834 1966 2025 2005 conse-

458 2061 715 2109 cramur,
759 2058 811 2100 et
869 2046 971 2099 hoc
1021 2055 1150 2100 ante
1202 2046 1305 2099 alia
1352 2045 1698 2099 Christianos
1746 2045 1799 2096 in
1853 2044 2019 2095 vitam

458 2153 651 2191 novam
706 2136 1025 2193 introducit.
1099 2136 1301 2191 Deinde
1352 2146 1405 2191 et
1476 2138 1605 2206 ipsis
1671 2135 2022 2199 nominibus,

458 2229 658 2297 quibus
713 2228 763 2283 id
816 2230 1221 2299 appellitamus.
1248 2227 1533 2282 Postremo
1581 2243 1645 2282 ex
1702 2228 1821 2296 ejus
1861 2242 2027 2281 caere-

462 2322 659 2377 moniis
709 2332 761 2377 et
799 2322 1070 2393 precibus,
1106 2338 1226 2392 qua:
1278 2321 1330 2375 in
1380 2337 1444 2375 eo
1493 2320 1824 2376 conferendo
1866 2335 2026 2375 usur-

460 2422 675 2484 paritur.

534 2508 692 2563 Ordo‘
734 2506 896 2576 igitur
948 2506 1016 2559 ab
1066 2505 1224 2559 initio
1277 2504 1363 2559 hic
1410 2506 1529 2568 est',
1564 2505 1710 2559 ahlui
1765 2506 2026 2574 primum.

464 2610 587 2675 post
628 2599 844 2668 inungi,
890 2606 1056 2666 atque
1088 2598 1160 2650 ita
1205 2596 1421 2651 demum
1465 2599 1703 2652 sacratis-
1727 2598 1904 2666 epulis
1937 2614 2026 2652 ae-

460 2691 720 2745 cumbere
750 2706 766 2757 ;
798 2688 940 2757 quod
970 2685 1216 2751 profecto
1250 2687 1474 2741 evidens
1512 2696 1894 2756 argumentum
1924 2698 2027 2752 est,

459 2792 513 2836 et
553 2780 879 2849 principium
936 2778 1061 2830 vitae
1104 2791 1168 2829 ac
1208 2775 1641 2843 fundamentum,
1678 2788 1729 2831 et
1765 2787 2027 2846 praestru-

463 2872 674 2925 ctiones
715 2868 1028 2937 hujusmodi
1056 2881 1219 2933 penes
1256 2869 1530 2921 lavacrum
1561 2883 1682 2923 esse
1709 2885 1723 2922 :
1759 2868 2025 2938 siquidem

463 2970 516 3014 et
536 2958 787 3015 Christus
814 2972 937 3011 cum
969 2956 1035 3010 iis
1063 2955 1320 3011 omnibus
1350 2973 1471 3027 quae
1501 2959 1674 3012 nostri
1705 2975 1865 3014 causa
1902 2964 2029 3017 tole—

466 3051 625 3112 ravit,
647 3049 906 3120 quoniam
935 3056 991 3103 et
1018 3046 1290 3115 baptismo
1320 3047 1540 3101 lustrari
1573 3052 1874 3117 oportebat,
1902 3069 2025 3107 eum

467 3142 642 3213 primo
670 3143 788 3194 loco
814 3157 919 3195 non
948 3139 1285 3195 detrectavit.
1305 3141 1537 3197 Numina
1560 3153 1739 3198 autem
1766 3160 2026 3211 quorsum

471 3236 684 3288 tandem
709 3233 814 3288 alio
832 3242 1076 3303 spectare
1092 3234 1331 3303 possint?
1354 3233 1790 3300 Generationem,
1806 3248 1859 3292 et
1878 3253 2028 3305 rege-

470 3327 801 3381 nerationem
819 3335 871 3380 et
888 3325 1347 3394 reformationem,
1371 3338 1422 3382 et
1443 3329 1701 3399 sigillum,
1723 3331 1832 3383 sive
1844 3331 2030 3401 signa-

473 3416 652 3471 culum
674 3430 1089 3483 nuucupamus;
1118 3426 1371 3489 praeterea
1390 3417 1680 3487 baptisma,
1702 3434 1795 3474 seu
1815 3422 2029 3475 innuer-

470 3508 1114 3574 sionem,indumentum,
1141 3496 1473 3576 unctionem,
1505 3511 1735 3573 denunt,
1760 3519 1813 3566 et
1835 3512 2033 3566 illumi-

469 3601 739 3656 natiOnetn
760 3644 773 3666 ,
801 3609 856 3655 et
879 3601 1152 3655 lavacrum
1204 3616 1218 3655 :
1250 3616 1367 3670 quae
1398 3602 1580 3656 omnia
1612 3603 1715 3657 hoc
1745 3620 1910 3661 unum
1938 3621 2032 3660 va-

469 3691 578 3744 lent
618 3698 671 3744 ct
696 3690 907 3754 volunt,
942 3689 1026 3744 his
1060 3690 1149 3757 qui
1187 3688 1485 3743 secundum
1521 3687 1688 3744 Deum
1719 3701 1846 3744 sunt
1874 3692 2030 3746 etvi-

466 3792 621 3843 runt,
649 3781 1008 3853 initiatiouem
1040 3780 1197 3834 istam
1224 3783 1475 3836 essentiae
1500 3782 1853 3851 primordium
1884 3799 2025 3840 esse.

475 3891 492 3923 ι
530 3871 819 3927 Gener-atto
858 3891 877 3924 ι
926 3872 1145 3942 quidem
1194 3888 1301 3926 non
1343 3874 1514 3937 aliud,
1565 3891 1728 3944 quam
1767 3876 1909 3930 istud
1951 3877 2032 3943 ip-

471 3981 589 4019 sum
644 3964 789 4018 baud
840 3964 1073 4019 absurde
1127 3965 1339 4019 videtur
1392 3966 1727 4034 signiﬁcare."
1766 3967 2031 4022 Similiter

478 4075 495 4107 ι
534 4056 891 4127 regeneratio,
934 4075 953 4109 ι
982 4065 1036 4110 ct
1089 4074 1108 4107 ι
1155 4057 1472 4111 reformatio
1516 4075 1534 4107 »
1571 4068 1779 4113 tantum
1817 4063 1917 4112 hoc
1958 4060 2032 4113 si-

371 4213 375 4217 _
466 4149 759 4229 gnificant,
813 4162 960 4202 nunc
1002 4147 1221 4201 demum
1271 4155 1431 4203 natos
1468 4149 1864 4218 formatosttue,
1893 4153 2029 4207 alios

473 4253 689 4309 quoque
737 4249 894 4291 natos
926 4235 1125 4301 fuisse,
1174 4246 1228 4289 et
1262 4235 1435 4291 forma
1474 4240 1703 4304 perdita,
1738 4256 1885 4294 nunc
1924 4242 2030 4296 ista

470 4330 640 4383 altera
691 4326 1037 4395 generatione
1070 4326 1134 4378 ad
1171 4320 1459 4393 pristinam
1496 4328 1732 4396 speciem
1773 4326 2031 4382 formam-

2127 1865 2474 1934 πολλαχόθεν.
2516 1864 2737 1934 Πρῶτον
2772 1863 2871 1932 μὲν
2906 1863 3014 1917 ἀπὸ
3034 1862 3134 1931 τῆς
3162 1863 3367 1926 τάξεως
3394 1863 3584 1931 αὐτῆς,
3604 1862 3697 1917 ὅτι

2124 1958 2283 2011 τοῦτο
2340 1957 2558 2029 πρῶτον
2618 1955 2903 2027 μυούμεθα
2937 1956 3274 2025 μυστηρίων,
3323 1958 3416 2009 καί
3445 1957 3551 2025 πρὸ
3578 1957 3697 2009 τῶν

2125 2051 2300 2104 ἄλλων
2360 2051 2518 2103 τοῦτο
2558 2048 2921 2118 Χριστιανοὺς
2969 2048 3046 2110 εἰς
3098 2047 3197 2116 τὴν
3241 2046 3433 2123 καινὴν
3475 2047 3699 2113 εἰσάγει

2129 2140 2298 2211 ζωὴν,
2327 2141 2578 2207 δεύτερον
2604 2140 2710 2194 τῶν
2738 2140 3042 2210 ὀνομάτων,
3073 2138 3193 2192 ὅθεν
3228 2139 3358 2192 αὐτὸ
3391 2138 3694 2207 καλοῦμεν,

2127 2236 2221 2287 καὶ
2249 2234 2428 2304 τρίτον
2459 2233 2570 2286 τῶν
2601 2233 2686 2285 ἐπ’
2715 2233 2861 2304 αὐτῷ
2886 2232 3226 2302 τελουμένων
3261 2232 3357 2285 καὶ
3388 2224 3697 2305 ᾀδομένων.

2213 2512 2277 2564 'H
2303 2510 2401 2581 μὲν
2424 2505 2515 2564 οὖν
2540 2509 2691 2574 τάξις
2710 2508 2925 2564 ἀνωθεν
2947 2508 3110 2578 αὕτη,
3128 2510 3423 2564 λούσασθαι
3452 2511 3699 2578 πρῶτον,
3762 2580 3765 2581 ν

2129 2600 2246 2657 εἶτα
2279 2603 2436 2674 μύρῳ
2469 2603 2835 2672 χρισαμένους
2857 2602 2938 2663 εἰς
2963 2601 3065 2670 τὴν
3089 2600 3372 2671 τράπεζαν
3396 2600 3701 2668 ἀφικέσθαι

2128 2699 2226 2768 τὴν
2260 2696 2441 2764 ἰεράν·
2499 2694 2527 2747 ὃ
2558 2696 2623 2764 δὴ
2683 2694 2983 2765 τεκμήριόν
3017 2695 3166 2746 ἔστιν
3233 2694 3478 2762 ἐναργὲς,
3513 2691 3605 2744 τοῦ
3636 2709 3706 2744 τε

2128 2784 2302 2855 ἀρχὴν
2324 2783 2440 2853 βίου
2473 2783 2566 2835 καὶ
2598 2782 2746 2851 ζωῆς
2773 2782 2971 2853 βάθρον
2994 2784 3089 2834 καὶ
3119 2781 3376 2843 τοιαύτας
3407 2782 3703 2844 ὑποθέσεις

2128 2876 2188 2926 τὸ
2219 2866 2444 2943 λουτρὸν
2495 2868 2654 2932 εἶναι,
2706 2872 2829 2923 ἐπεὶ
2874 2872 2967 2923 καί
2997 2869 3229 2938 Χριστὸς
3259 2869 3441 2932 αὐτῆς,
3481 2868 3579 2937 μεθ
3619 2861 3706 2919 ὧν

2129 2963 2269 3030 ὑπὲρ
2299 2962 2454 3032 ἡμῶν
2481 2960 2740 3030 ἠνέσχετο
2771 2959 3009 3023 πάντων,
3045 2958 3139 3011 καὶ
3172 2956 3533 3028 βαπτισθῆναι
3563 2958 3703 3027 διῆ-

2133 3072 2231 3108 σαν
2267 3053 2427 3107 τοῦτο
2464 3053 2679 3122 δέχεται
2734 3051 2838 3121 πρὸ
2870 3050 2976 3103 τῶν
3030 3050 3224 3103 ἄλλων.
3264 3049 3347 3102 Τὰ
3375 3049 3431 3102 δὲ
3458 3049 3706 3119 ὀνόματα

2132 3145 2268 3212 πρὸς
2306 3144 2359 3195 τί
2385 3143 2449 3197 ἂν
2474 3142 2601 3195 ἄλλο
2638 3140 2853 3193 δύναιτο
2888 3140 3105 3211 φέρειν;
3138 3140 3396 3206 Γέννησιν
3420 3139 3514 3191 καὶ
3561 3139 3707 3190 ἀναο

2131 3238 2385 3304 γέννησιν
2432 3234 2527 3286 καὶ
2557 3233 2861 3286 ἀνάπλασιν
2917 3232 3012 3284 καὶ
3043 3231 3311 3302 σφραγῖδα
3340 3231 3470 3283 αὑτὴ
3503 3230 3712 3283 καλοῦ·
3743 3219 3755 3228 ’

2133 3344 2256 3396 μεν,
2284 3325 2366 3378 ἔτι
2412 3324 2467 3377 δὲ
2504 3323 2787 3393 βάπτισμα
2820 3323 2910 3375 καὶ
2946 3322 3147 3391 ἔνδυμα
3181 3322 3273 3373 καὶ
3321 3322 3552 3392 χρίσμα,
3600 3322 3706 3372 καὶ

2131 3416 2378 3487 χάρισμα
2410 3415 2506 3468 καὶ
2536 3411 2794 3481 φώτισμα
2824 3413 2917 3463 καὶ
2942 3410 3165 3482 λουτρόν
3186 3427 3198 3440 ’
3223 3410 3257 3464 ἃ
3286 3410 3352 3482 δὴ
3381 3412 3551 3464 πάιτα
3606 3412 3707 3463 τὶν

2129 3508 2226 3560 ἕνα
2256 3506 2446 3560 τοῦτον
2474 3504 2697 3558 δύναται
2728 3504 2908 3569 λόγον,
2946 3507 3061 3566 τοῖς
3099 3504 3235 3557 κατὰ
3270 3504 3402 3556 Θεὸν
3430 3503 3545 3556 οὖσι
3600 3504 3709 3556 καὶ

2130 3601 2296 3665 ζῶσιν
2314 3598 2487 3668 ἀρχὴν
2516 3594 2654 3649 εἶναι
2679 3596 2774 3650 τοῦ
2798 3594 2941 3649 εἶναι
2970 3597 3068 3666 τὴν
3098 3596 3341 3668 τελετήν.
3383 3598 3445 3649 Ἦ
3483 3596 3581 3665 μὲν
3604 3597 3709 3650 οὖν

2130 3692 2383 3760 γέννησις
2412 3689 2671 3751 ἐπιεικῶς
2705 3688 2855 3741 οὐδὲν
2890 3688 3019 3741 ἄλλο
3050 3690 3080 3758 ἢ
3118 3688 3277 3741 τοῦτο
3309 3689 3456 3741 δοκεῖ
3490 3690 3707 3758 σημαί-

2131 3797 2277 3835 νειν’
2337 3781 2431 3833 καί¹
2481 3781 2513 3850 ή
2562 3780 2921 3849 ἀναγεννησις
2980 3780 3073 3832 καὶ
3121 3782 3155 3848 ἡ
3187 3780 3490 3843 ἀνάπλασις
3520 3782 3712 3833 ἐκεῖνο

2132 3873 2603 3943 προσσηααίνουσι
2639 3873 2820 3942 μόνον,
2848 3873 2974 3934 τοὺς
3004 3871 3379 3942 γεννωμένους
3409 3873 3502 3925 καὶ
3524 3872 3709 3923 πλατ-

2130 3966 2392 4033 τομένους
2424 3965 2519 4016 καί¹
2572 3964 2762 4016 ἄλλοτε
2809 3963 3141 4034 γεννηθῆναι
3193 3966 3283 4017 καί
3325 3965 3709 4026 ἀπολέσαντας
3741 4030 3754 4040 ε

2131 4056 2230 4125 τὴν
2278 4056 2494 4125 μορφὴν
2551 4054 2646 4108 νῦν
2678 4055 2909 4124 δευτέρᾳ
2958 4056 3208 4125 γεννήσει
3238 4050 3374 4125 πρὸς
3397 4056 3456 4107 τὸ
3482 4054 3710 4123 πρῶτον

2132 4142 2269 4211 εἶδος
2302 4144 2460 4208 αὖθις
2493 4147 2797 4210 ἐπανιέναι,
2830 4145 3084 4218 καθάπερ
3122 4146 3441 4218 ἀνδριάντος
3473 4146 3604 4215 ὓλην
3636 4148 3710 4200 τὸ

2128 4236 2271 4303 εἶδος
2301 4239 2709 4302 ἀπολωλεκότος
2758 4240 3042 4302 ἀποδιδοὺς
3072 4242 3100 4293 ὁ
3127 4242 3378 4311 τεχνίτης
3426 4244 3711 4313 ἀναγεννᾷ

2130 4332 2229 4400 τὴν
2264 4330 2447 4384 εἰκόνα
2471 4331 2563 4384 καὶ
2594 4331 2946 4394 ἀναπλάττει,
2980 4333 3102 4385 ἐπεὶ
3134 4334 3226 4385 καὶ
3258 4334 3406 4398 αὐτὸ,
3439 4334 3465 4385 ὅ
3489 4332 3541 4385 τί
3563 4336 3708 4388 ποτέ

470 4432 575 4485 que
603 4415 921 4469 revertisse:
953 4414 1409 4482 quemadmodum
1459 4428 1580 4469 eum
1641 4417 1882 4470 materiae
1912 4428 2024 4472 sta-

2134 4421 2279 4473 ἐστιν
2311 4423 2367 4472 ὲν
2399 4422 2528 4488 ἡμῖν
2560 4420 2620 4472 τὸ
2654 4420 2746 4472 τοῦ
2781 4420 3163 4490 βαπτίσματος
3194 4423 3377 4492 ἔργον,
3410 4417 3547 4482 εἶδός
3576 4424 3707 4474 ἐστι

469 4517 573 4558 tua:
603 4503 838 4571 alicujus
890 4500 1121 4555 fortnam
1157 4502 1417 4556 amissam
1451 4503 1747 4557 statuarius
1795 4510 2027 4577 reponit,

470 4594 757 4664 imaginem
793 4602 1075 4662 regenerat
1104 4582 1157 4648 et
1215 4591 1509 4648 reformat:
1546 4594 1810 4666 siquidem
1846 4607 1897 4651 et
1928 4598 2029 4654 hoc

467 4689 671 4754 ipsum,
703 4687 1066 4756 quodcunque
1112 4688 1327 4741 tandem
1361 4689 1415 4742 in
1451 4690 1610 4746 nobis
1636 4702 1717 4748 est
1741 4692 2031 4762 baptisma-

467 4781 535 4832 tis
570 4794 730 4847 0pus,
766 4778 978 4848 species
1011 4779 1257 4848 quaedam
1287 4790 1339 4834 et
1367 4779 1543 4834 forma
1570 4790 1697 4842 est;
1738 4783 2026 4851 imaginem

468 4872 609 4923 enim
677 4872 969 4940 quamdam
1027 4872 1080 4925 in
1132 4871 1423 4926 animabus
1470 4873 1671 4927 nostris
1707 4874 1943 4943 depingit
1976 4886 2031 4929 et

466 4963 742 5033 insculpit,
793 4962 1134 5033 formamque
1196 4964 1410 5028 inserit,
1458 4963 1621 5019 morti
1672 4975 1726 5018 et
1789 4982 2031 5019 resurre-

468 5052 631 5107 etioni
671 5051 973 5107 Salvatoris
1015 5052 1331 5107 confer-mes
1356 5054 1620 5107 eﬂieiens.
1654 5053 1793 5108 Hinc
1833 5074 1850 5106 ι
1877 5056 2030 5125 sigil-

468 5145 600 5207 lum,
642 5161 659 5194 δ
693 5144 809 5197 sive
845 5162 862 5195 ι
899 5143 1236 5213 signaculum
1272 5163 1289 5195 ι
1321 5159 1536 5213 quoque
1560 5145 1781 5209 dicitur,
1813 5149 2028 5214 quando

468 5250 568 5289 nos
631 5233 697 5287 ad
742 5234 947 5304 regiam
999 5235 1222 5305 eﬂigiem
1259 5243 1310 5289 et
1345 5236 1410 5288 ad
1460 5237 1671 5290 beatam
1723 5238 1866 5290 illam
1910 5253 2057 5305 spe-t

464 5325 599 5378 ciem
649 5325 822 5393 fingit.
874 5322 1096 5390 Species
1149 5333 1328 5378 autem
1385 5328 1665 5381 materiam
1721 5328 2024 5396 complexa,

466 5416 751 5469 informem
828 5415 896 5468 de
946 5422 1141 5469 caetero
1186 5430 1303 5473 esse
1353 5431 1459 5471 non
1520 5420 1744 5487 patitur.
1800 5420 2027 5491 Insuper

470 5527 488 5558 ι
531 5506 872 5572 indumenti,
912 5524 931 5557 ι
973 5514 1026 5558 et
1062 5524 1080 5557 ι
1130 5506 1500 5575 baptismatis,
1541 5528 1558 5560 ι
1600 5525 1695 5564 seu
1750 5531 1766 5563 ι
1809 5511 2027 5567 innuer-

463 5598 637 5651 sionis
675 5617 693 5647 ι
728 5598 949 5651 nomine
975 5597 1376 5655 adicimus-hoe
1407 5603 1762 5670 mysterium;
1797 5605 2028 5658 dicitur-

464 5701 570 5755 que
617 5689 708 5757 qui
760 5690 1009 5743 initiatus
1045 5699 1146 5755 est,
1200 5703 1255 5743 et
1291 5692 1538 5757 indutus,
1590 5706 1640 5747 et
1696 5694 2021 5764 baptizatus,

2133 4513 2225 4565 καὶ
2260 4511 2464 4582 μορφή.
2495 4512 2604 4566 Καὶ
2634 4514 2742 4582 γάρ
2781 4529 2902 4564 τινα
2935 4513 3123 4566 εἰκόνα
3152 4514 3422 4582 ἐγγράφει
3447 4514 3539 4566 καὶ
3565 4532 3710 4584 μορ-

2133 4604 2239 4674 φὴν
2292 4603 2530 4673 ἐντίθησι
2594 4604 2713 4666 ταῖς
2748 4603 2950 4673 ψυχαῖς
3005 4605 3364 4675 συμμόρφους
3398 4605 3705 4673 ἀπόερκινον

2131 4693 2225 4746 τοῦ
2257 4693 2489 4747 θανάτου
2514 4694 2608 4745 καὶ
2634 4696 2731 4762 τῆς
2763 4696 3110 4758 ἀναστάσεως
3131 4695 3224 4748 τοῦ
3249 4696 3519 4766 Σωτῆρος,
3553 4696 3704 4767 ὑπὲρ

2130 4779 2193 4840 οὗ
2218 4787 2312 4839 καὶ
2345 4785 2579 4855 σφραγὶς
2608 4786 2854 4839 καλεῖται
2879 4787 3012 4857 πρὸς
3034 4786 3131 4858 τὴν
3157 4788 3431 4856 βασίλειον
3462 4789 3703 4842 πλάττον

2132 4875 2315 4928 εἰκόνα
2350 4878 2442 4928 καὶ
2472 4877 2530 4926 τὸ
2585 4878 2855 4947 μακάριον
2905 4875 3063 4941 εἶδος.
3100 4879 3220 4932 Ὀτι
3257 4879 3400 4932 δὲτὸ
3428 4873 3567 4941 εἶδος
3599 4883 3705 4949 τὴν

2132 4952 2265 5035 ὓλην
2285 4966 2605 5037 περισάλλει
2636 4970 2727 5021 καὶ
2756 4970 3008 5037 ἀφανίζει
3033 4969 3130 5041 τὴν
3164 4972 3466 5041 ἀμορφίαν,
3496 4975 3588 5024 καὶ
3613 4972 3706 5024 ἐν·

2130 5058 2276 5127 δυμα
2328 5057 2604 5127 καλοῦμεν
2663 5059 2757 5112 καί⁸
2791 5060 3077 5131 βάπτισμα
3133 5062 3192 5114 τὸ
3226 5065 3552 5132 μυστήριον.
3586 5065 3704 5117 Καὶ

2129 5149 2289 5202 τοῦτο
2320 5149 2493 5218 δηλῶν
2527 5153 2552 5203 ὁ
2580 5151 2810 5215 Παῦλος,
2848 5154 2907 5205 τὸ
2935 5153 3139 5222 ἔνδυμα
3166 5155 3260 5207 καὶ
3294 5153 3390 5224 τὴν
3422 5155 3700 5225 σφραγῖδα

2132 5240 2266 5310 πρὸς
2287 5241 2442 5293 τοῦτο
2474 5246 2682 5308 φέρειν,
2715 5243 2807 5295 νῦν
2841 5245 2942 5314 μὲν
2971 5246 3320 5314 ἐγγραφῆναι
3346 5248 3438 5299 καὶ
3476 5263 3700 5316 μορφωο

2131 5331 2288 5399 θῆναί
2346 5348 2477 5401 φησι
2513 5336 2602 5384 τὸν
2636 5335 2998 5403 Χριστὸν,νῦν
3056 5337 3114 5389 δὲ
3166 5337 3526 5407 περιτεθῆναι
3567 5339 3702 5409 Χρι-

2132 5426 2367 5485 στιανοίς
2394 5425 2646 5495 καθάπερ
2680 5429 2893 5497 ἱμάτιον
2919 5442 2933 5455 ·
2967 5422 3279 5483 ἐνδεδύσθαι
3297 5430 3516 5499 λέγεται
3536 5430 3576 5485 ,ὁ
3602 5447 3700 5500 με·

2133 5517 2408 5584 μυημένος
2460 5519 2554 5571 καὶ
2587 5518 2977 5585 βεϐαπτίσθαι,
3033 5521 3092 5575 τὸ
3115 5522 3220 5591 μὲν
3252 5522 3520 5577 Γαλάταις
3557 5522 3698 5594 γρά-

2129 5622 2266 5673 φων,
2305 5625 2322 5657 ι
2360 5607 2561 5661 Τεκνία
2596 5628 2717 5679 μου,
2747 5611 2839 5673 οὓς
2868 5614 3034 5667 πάλιν
3068 5614 3264 5677 ὠδίνω,
3296 5618 3455 5684 ἄχρις
3478 5609 3540 5667 οὗ
3568 5632 3701 5685 μορ-

2131 5697 2282 5767 φωθῇ
2319 5699 2549 5766 Χριστὸς
2612 5703 2667 5753 ὲν
2728 5704 2873 5772 ὑμῖν,
2921 5724 2938 5755 ι
2997 5708 3113 5772 καὶ,
3160 5726 3179 5758 ι
3227 5710 3433 5778 Ἰησοῦς
3464 5708 3700 5777 Χριστὸς
