3992 6202
363 283 478 344 52')

361 388 695 458 προεγράφη
727 388 783 439 ἐν
815 384 945 454 ὑμῖν
987 385 1407 453 ἐσταυρωμένος
1447 399 1461 413 .

359 479 525 539 θεοις,
583 496 600 527 ι
639 476 794 528 Ὅσοι
828 476 910 538 είς
941 474 1177 544 Χριστὸν
1239 461 1636 540 ἐϐαπτίσθητε,
1699 469 1939 540 Χριστὸν

361 567 714 621 bed-530.605."
754 585 772 617 ι
811 568 916 619 Καὶ
938 567 1047 634 γὰρ
1070 566 1271 635 χρυσδς
1298 565 1392 617 καὶ
1423 564 1667 634 ἄργυρος
1693 563 1786 614 καὶ
1811 562 1941 631 χαλ-

362 661 482 723 κδς,
505 658 612 720 ἕως
644 657 743 726 μὲν
774 657 851 727 τῷ
881 657 1015 726 πυρὶ
1055 657 1241 718 τακεὶς
1271 655 1763 725 διαρῤεἰ,·γυμνὴν
1795 669 1939 722 παρα

366 751 485 818 ἐχει
509 751 606 817 τὴν
638 749 772 818 ὓλην
801 750 963 817 όρᾷν·
995 749 1116 801 ὅθεν
1149 749 1245 802 καὶ
1268 749 1468 816 χρυσὸς
1496 747 1710 817 μόνονῆ
1741 745 1940 815 χαλκὸς

362 838 498 892 αὐτὸ
557 837 716 890 τοῦτο
779 839 1024 890 καλεῖται
1056 838 1112 889 τὸ
1141 839 1240 906 τῆς
1270 837 1401 906 ὓλης
1432 838 1625 907 ὄνομα.
1691 836 1940 888 Ἐπειδὰν

361 930 418 982 δὲ
449 930 553 981 aut
576 931 683 982 τῶν
703 928 1021 981 τυποόντων
1047 928 1284 997 σιδήρων
1312 931 1390 991 εἰς
1413 928 1472 980 τὸ
1489 927 1628 990 εἶδος
1649 926 1938 994 συνελαθῇ,

361 1019 551 1070 οὐκέτι
604 1019 702 1087 μὲν
753 1020 786 1086 ἡ
817 1017 941 1086 ὕλη,
967 1019 1027 1070 τὸ
1057 1018 1116 1070 δὲ
1165 1014 1302 1079 εἶδος
1335 1017 1556 1086 φθάνον,
1587 1017 1841 1084 καθάπερ
1872 1016 1940 1068 τά

361 1109 562 1178 ἱμάτια
588 1109 693 1177 πρὸ
720 1110 827 1160 τῶν
853 1109 1127 1178 σωμάτων
1159 1110 1376 1179 ἀπαντᾷ
1418 1111 1526 1170 τοῖς
1557 1109 1784 1178 ὁρῶσιν,
1816 1106 1940 1159 ὅθεν

361 1200 458 1251 καὶ
490 1199 756 1268 ὀνόματος
800 1200 932 1251 ἰδίου
960 1199 1107 1260 τινὸς
1157 1202 1453 1270 τυγχάνει·
1491 1200 1715 1269 ἀνδριὰς
1745 1200 1855 1268 γὰρ
1905 1199 1938 1268 ἢ

358 1289 648 1350 δακτύλιο;
690 1290 722 1357 ἢ
757 1291 934 1342 ὁτιοῦν
962 1290 1072 1343 τῶν
1102 1292 1382 1351 τοιούτων,
1423 1291 1458 1344 ἃ
1506 1290 1604 1360 τὴν
1667 1291 1764 1360 μὲν
1809 1290 1940 1360 ὕλην

359 1383 577 1444 οὐκέτι,
608 1383 670 1434 τὸ
705 1376 846 1444 εἶδος
875 1381 932 1434 δὲ
970 1383 1132 1452 μόνον
1162 1384 1421 1451 σημαίνει
1448 1382 1542 1436 καὶ
1568 1383 1668 1451 τὴν
1701 1384 1938 1454 μορφήν.

368 1474 533 1535 Ἴσως
559 1474 617 1526 δὲ
640 1474 727 1526 διὰ
761 1475 938 1526 ταῦτα
974 1473 1071 1527 καὶ
1103 1475 1499 1545 ὀνομαστήριός
1527 1477 1675 1528 ἐστιν
1705 1477 1736 1544 ἡ
1768 1478 1942 1542 σωτή-

366 1583 486 1634 ριος
513 1566 608 1618 τοῦ
647 1565 1028 1636 βαπτίσματος
1062 1569 1247 1638 ἡμέρα
1287 1569 1658 1638 Χριστιανοῖς,
1683 1570 1763 1620 ὅτι
1788 1587 1938 1638 τηνι-

365 1658 551 1711 καῦτα
591 1660 938 1728 πλαττόμεθα
997 1662 1092 1712 καὶ
1143 1649 1484 1730 τυπούμεθα,
1536 1661 1633 1712 καὶ
1675 1656 1810 1723 εἶδος
1845 1661 1939 1713 καὶ

1439 274 1535 333 DE
1570 272 1750 332 VITA
1789 271 1860 329 IN
1897 269 2227 329 CIIlllSTO
2263 269 2408 327 LIB.
2462 268 2543 328 II.

1514 402 1532 433 ι
1570 382 1632 434 τὸ
1662 381 1718 434 δὲ
1751 383 1946 449 Κοριν-

2052 379 2163 434 sive
2215 380 2526 433 immersus.
2575 375 2900 446 Signiﬁcans
2943 390 3071 430 vero
3126 373 3351 439 Paulus,
3391 395 3409 428 ι
3447 377 3602 431 indu-

3495 268 3600 328 5.6

2045 481 2285 526 mentum
2326 490 2344 522 ι
2379 480 2435 524 et
2485 488 2503 521 ‹
2536 469 2776 539 sigillum
2825 487 2843 519 ›
2881 470 3070 522 eodem
3127 477 3395 538 spectare,
3455 486 3603 524 nunc

2042 563 2261 630 quidem
2295 561 2622 617 Christianis
2656 557 2980 630 inscriptum
3016 572 3068 617 et
3108 561 3419 626 formatum,
3456 577 3602 615 nunc

2043 654 2199 722 quasi
2252 655 2641 708 vestimentum
2705 654 3097 707 circumdatum
3171 669 3293 708 esse
3349 653 3600 707 afﬁrmat.

2041 743 2176 808 Nam
2229 742 2437 798 Galatis
2480 745 2553 797 ita
2606 743 2842 797 scribit:
2905 762 2922 794 ι
2976 741 3182 805 Filioli,
3221 759 3360 813 quos
3408 745 3602 799 iterum

2046 835 2312 904 parturio,
2365 836 2541 888 donec
2584 834 2850 888 formetur
2899 835 3150 889 Christus
3196 834 3250 887 in
3288 835 3440 890 vobis
3466 836 3538 899 δ’,
3583 853 3599 883 ι

2042 940 2129 982 et:
2167 946 2183 977 ι
2235 927 2553 994 Quicunque
2586 928 2640 980 in
2683 926 2905 979 Christo
2965 925 3216 993 baptizati
3265 926 3416 989 estis,
3449 926 3608 981 Chri-

2042 1029 2185 1074 stum
2232 1018 2487 1072 induistis
2513 1019 2582 1072 '°.
2623 1036 2640 1069 ι
2678 1018 2889 1072 Etenim
2936 1031 3174 1080 aurum,
3224 1026 3510 1086 argentum
3554 1027 3609 1070 et

2043 1123 2140 1175 aes,
2174 1109 2349 1163 donec
2391 1110 2512 1178 igne
2559 1107 2939 1178 colliquefacta
2975 1106 3164 1172 ﬂuant,
3198 1109 3479 1162 materiam
3531 1111 3610 1163 iu-

2043 1200 2324 1254 tueutibus
2353 1200 2553 1254 nudam
2579 1199 2874 1253 exhibent:
2902 1199 3045 1253 unde
3072 1208 3126 1254 et
3155 1214 3348 1254 aurum
3374 1211 3610 1255 tantum-

2043 1293 2226 1358 modo,
2261 1303 2355 1345 aut
2387 1301 2697 1362 argentum,
2728 1301 2820 1345 aut
2847 1307 2920 1347 aes
2948 1307 3008 1347 ea
3032 1293 3148 1361 ipsa
3175 1293 3403 1347 materia
3434 1289 3608 1346 nomi-

2044 1389 2228 1436 natur.
2277 1381 2379 1436 Ubi
2432 1395 2562 1435 vero
2617 1381 2982 1436 instrumento
3033 1381 3211 1436 ferreo
3254 1383 3321 1437 ad
3374 1383 3604 1436 formam

2044 1473 2412 1542 recipiendam
2450 1472 2790 1540 compulsum
2844 1472 3036 1538 fuerit,
3069 1487 3176 1525 non
3203 1473 3313 1542 jam
3356 1476 3606 1534 materia,

2042 1568 2140 1621 sed
2173 1567 2354 1632 forma
2382 1567 2535 1635 prius
2570 1576 2794 1636 apparet
2822 1604 2836 1630 ,
2873 1567 3014 1620 sicut
3041 1577 3217 1623 vestes
3243 1554 3607 1637 prius,‘quam

2043 1670 2276 1726 corpora
2307 1657 2618 1711 videntibus
2645 1667 2962 1712 occurrunt.
2988 1657 3064 1711 Ex
3087 1673 3195 1726 quo
3218 1659 3380 1713 etiam
3413 1673 3610 1713 nomen

363 1752 494 1819 ὅρον
530 1752 828 1822 ἡάνείδεος
871 1751 966 1804 καὶ
1013 1751 1266 1822 ἀόριστος
1296 1752 1456 1820 ἡμῶν
1491 1751 1764 1822 λαμϐάνει
1801 1751 1936 1820 ζωή.

2052 1749 2262 1818 aliquod
2309 1750 2593 1818 proprium
2645 1748 3006 1817 adipiscitur;
3056 1757 3234 1804 statua
3283 1749 3462 1813 enim,
3516 1759 3611 1801 aut

368 1848 591 1908 ’Ἄλλως
607 1864 667 1898 τε
693 1846 769 1916 τῷ
797 1846 1126 1914 γινώσκοντι
1162 1847 1232 1901 τά
1268 1847 1374 1900 ἴδια
1400 1850 1518 1901 τότε
1547 1848 1940 1917 γινωσκόμενοι

363 1940 465 1990 καὶ
554 1955 686 2006 φησι
711 1939 940 2002 Παῦλος,
971 1959 988 1992 ι
1027 1941 1250 2002 Γνόντες
1279 1940 1433 2004 Θεὸν,
1489 1940 1688 2008 μᾶλλον
1714 1941 1768 1992 δὲ
1800 1958 1942 2008 γνω-

366 2031 596 2090 σθέντες
647 2030 752 2081 ὑπὸ
812 2031 970 2092 Θεοῦ,
1009 2048 1026 2080 ι
1076 2030 1176 2101 τὴν
1234 2033 1578 2100 σημαντικὴν
1630 2031 1814 2102 φωνὴν
1845 2033 1943 2101 τὴν

364 2117 696 2185 ἐπωνυμίαν
747 2120 890 2170 κατά
944 2119 1152 2190 ταύτην
1179 2121 1448 2189 ἀκούομεν
1478 2121 1575 2191 τὴν
1603 2123 1836 2192 ἡμέραν,
1870 2125 1944 2185 ὡς

363 2209 438 2274 ἂν
477 2211 601 2260 τότε
663 2212 1060 2280 γινωσκόμενοι
1116 2213 1412 2281 καθαρῶς*
1473 2215 1534 2265 τὸ
1582 2217 1690 2283 γὰρ
1719 2215 1795 2284 τῷ
1824 2214 1942 2283 Θεῷ

363 2299 687 2368 γνωσθῆναι
743 2301 903 2353 τοῦτό
952 2304 1068 2355 ἐστι
1098 2304 1171 2367 ὡς
1203 2304 1418 2374 ἀληθῶς
1452 2305 1728 2376 γνώριμον
1778 2303 1942 2362 εἶναι.

365 2391 473 2442 Διά
506 2393 666 2444 τοῦτο
691 2394 785 2445 καὶ
815 2393 945 2463 περὶ
976 2395 1084 2447 τῶν
1114 2396 1281 2464 μηδὲν
1305 2396 1484 2449 κοινὸν
1514 2399 1648 2467 πρὸς
1683 2397 1779 2470 τὴν
1802 2398 1945 2469 ζωὴν

363 2481 580 2548 ταύτην
613 2483 846 2550 ἐχόντων
871 2485 898 2535 ὁ
926 2484 1090 2536 Δαδιδ
1117 2483 1292 2549 εἶπεν,
1323 2505 1340 2537 ι
1379 2487 1458 2539 Οὐ
1487 2487 1560 2557 μὴ
1591 2487 1814 2556 μνησθῶ
1840 2489 1944 2542 τῶν

361 2571 652 2639 ὀνομάτων
698 2576 874 2627 αὐτῶν
903 2575 990 2627 διά
1038 2577 1263 2646 χειλέων
1313 2596 1449 2647 μου⁸
1487 2599 1504 2629 ι
1543 2579 1814 2648 ἄγνωστοι
1839 2583 1948 2652 γὰρ

366 2665 469 2714 καὶ
501 2666 744 2731 ἀφανεῖς,
792 2668 842 2719 οἳ
874 2667 966 2718 τοῦ
999 2668 1174 2738 φωτὸς
1208 2671 1419 2723 ἐκείνου
1464 2672 1652 2742 ττόρρω
1683 2675 1950 2743 κατέστη-

368 2772 476 2808 σαν
521 2758 766 2820 ἑαυτούς.
822 2760 959 2812 Οὔτε
1013 2761 1121 2829 γὰρ
1151 2764 1262 2823 τοῖς
1317 2762 1616 2831 ὀφθαλμοῖς
1645 2765 1745 2816 τοῦ
1773 2766 1949 2830 φωτὸς

366 2848 546 2917 χωρὶς
580 2852 687 2902 τῶν
713 2851 949 2918 ὁρᾶσθαι
979 2852 1295 2922 δυναμένων
1339 2854 1537 2922 γένοιτ’
1569 2855 1632 2908 ἂν
1664 2857 1818 2909 οὐδὲν
1849 2874 1950 2926 φα-

369 2941 536 3009 νερὸν
562 2939 683 2994 οὔτε
713 2941 791 3011 τῷ
824 2942 942 3013 Θεῷ
971 2944 1268 3015 γνώριμον,
1290 2938 1332 3013 ᾧ
1361 2945 1435 3016 μὴ
1453 2947 1710 3013 δέξασθαι
1748 2947 1946 3015 συνέῶι

369 3029 474 3097 τὴν
530 3031 741 3084 ἐκεῖθεν
798 3034 1015 3086 ἀκτῖνα.
1065 3035 1140 3085 Τὸ
1188 3035 1243 3086 δὲ
1276 3037 1471 3099 αἴτιον,
1515 3037 1596 3088 ὅτι
1632 3037 1764 3105 μηδὲ
1803 3036 1948 3089 ἐστιν

366 3122 513 3183 Ehe;
562 3124 627 3190 τῇ
680 3122 929 3194 ἀληθεία,
977 3123 1003 3174 ὃ
1055 3124 1130 3192 μὴ
1189 3124 1352 3192 δῆλον
1410 3124 1604 3194 ἐκείνῳ
1634 3126 1844 3194 γίνεται
1874 3128 1951 3197 τῷ

371 3213 550 3279 φωτίν
604 3216 696 3264 καὶ
750 3215 892 3267 κατά
919 3214 1106 3267 τοῦτον
1158 3215 1250 3266 τὸν
1279 3215 1437 3283 λόγον
1472 3235 1489 3267 ι
1532 3217 1717 3285 Ἔγνω
1747 3219 1953 3290 Κύριος

368 3305 503 3365 τοὺς
543 3304 706 3364 ὄντας
735 3304 926 3368 αὑτοῦ,
978 3323 996 3355 ι
1043 3307 1135 3357 καὶ
1167 3305 1322 3369 αὖθις
1375 3306 1484 3358 τῶν
1521 3308 1806 3378 παρθένων
1855 3310 1953 3372 τὰς

374 3395 569 3462 μωρὰς
593 3397 690 3446 οὐκ
718 3395 916 3449 εἰδέναι
952 3395 1126 3465 λέγει.

2046 1841 2445 1905 annulus,*aut
2497 1841 2867 1910 quodcunque
2916 1841 3132 1895 tandem
3177 1839 3492 1910 huiusmodi
3528 1854 3613 1892 re-

2043 1945 2190 1994 rum,
2223 1945 2345 1999 qua:
2371 1930 2484 1999 jam
2535 1943 2643 1983 non
2678 1929 2983 1995 materiam,
3014 1929 3105 1983 sed
3141 1927 3368 1983 formam
3403 1941 3455 1983 et
3487 1945 3612 2000 spe-

2055 2026 2194 2077 ciem
2224 2022 2490 2076 duntasat
2532 2020 2861 2091 signiﬁcant,
2899 2021 3224 2090 appellatur.
3256 2023 3333 2076 Ac
3363 2023 3614 2076 fortaSsis

2046 2124 2226 2167 autem
2269 2121 2552 2183 propterea
2603 2114 2863 2168 salutaris
2909 2113 3252 2182 baptismatis
3280 2108 3404 2171 dies
3444 2115 3609 2170 etiam

2044 2204 2375 2260 Christianis
2429 2214 2513 2259 est
2567 2205 2962 2275 ὀνομαστήριος
2996 2206 3082 2275 (id
3118 2216 3242 2274 est,
3275 2221 3339 2261 eo
3391 2210 3611 2262 nomina

2046 2296 2337 2366 baptizatis
2379 2297 2778 2366 impelluntur),
2809 2298 3068 2366 quoniam
3105 2307 3236 2351 tunc
3271 2298 3526 2366 angimur
3559 2309 3614 2350 ct

2048 2391 2370 2454 formantur,
2421 2390 2641 2459 vitaque
2704 2401 2890 2444 noslra
2940 2388 3194 2447 informis
3227 2398 3280 2445 et
3320 2391 3613 2445 incircum-

2047 2483 2247 2553 Scripta
2311 2483 2544 2546 laciem,
2597 2492 2652 2535 et
2701 2481 3033 2548 terminum,
3097 2499 3162 2538 ac
3210 2483 3438 2540 limitem
3490 2499 3611 2540 cer-

2047 2586 2160 2629 tum
2208 2573 2424 2641 accipit.
2481 2572 2709 2641 lnsupcr
2767 2577 2835 2627 ah
2897 2590 2963 2628 eo
3019 2576 3111 2643 qui
3162 2590 3292 2638 suos
3332 2578 3615 2647 cognoscit

2049 2674 2178 2719 tunc
2224 2665 2460 2733 primum
2505 2664 2707 2734 cogniti
2749 2666 2823 2735 (et
2867 2677 2924 2719 ut
2979 2663 3182 2720 Paulus
3227 2668 3341 2721 ait:
3389 2686 3408 2718 ‹
3461 2667 3616 2723 Nunc

2049 2769 2231 2812 autem
2274 2771 2398 2811 cum
2450 2758 2822 2828 cognoveritis
2858 2757 3051 2824 Deum,
3089 2759 3196 2811 inm
3241 2775 3365 2814 cum
3415 2761 3613 2828 cogniti

2051 2851 2171 2903 sitis
2205 2864 2232 2900 a
2260 2849 2368 2902 l)eo
2397 2849 2441 2880 ἰ
2474 2851 2548 2919 ι),
2575 2865 2760 2904 vocem
2792 2851 2934 2903 illam
2956 2851 3387 2919 signiﬁcantem,
3419 2867 3620 2922 cogun-

2053 2957 2174 2993 men
2225 2949 2474 2995 nostrum
2525 2941 2620 2995 illo
2656 2941 2745 2996 die
2793 2941 3069 3005 audimus,
3104 2942 3253 2997 velut
3301 2953 3430 2997 tunc
3456 2943 3618 3014 plane

2054 3031 2279 3102 COgniti.
2328 3032 2436 3086 Deo
2494 3035 2638 3086 enim
2681 3035 2964 3103 cognitum
3010 3050 3149 3100 csse,
3187 3036 3287 3090 hoc
3335 3046 3448 3101 est,
3491 3051 3619 3089 vere

2061 3133 2249 3177 notum
2303 3139 2441 3178 esse.
2484 3124 2826 3194 Quapropter
2859 3135 2912 3179 et
2963 3124 3128 3180 David
3171 3128 3235 3182 de
3281 3128 3366 3183 his
3421 3129 3620 3198 quibus

2059 3230 2183 3268 cum
2218 3217 2318 3269 hac
2357 3226 2546 3270 sancta
2580 3217 2686 3269 vita
2716 3216 2850 3271 nihil
2876 3226 2961 3271 est
3013 3219 3110 3282 rei,
3171 3237 3190 3269 ‹
3236 3219 3350 3272 Non
3388 3236 3504 3282 ero,
3539 3221 3622 3274 in-

2060 3297 2199 3376 quit,
2231 3323 2443 3361 memor
2473 3308 2757 3362 nominum
2789 3309 3006 3362 illorum
3043 3325 3135 3379 per
3167 3309 3305 3364 labia
3339 3327 3457 3365 mea
3483 3311 3552 3365 ⁸³.
3595 3332 3614 3364 ι

2063 3400 2236 3468 Ignoti
2267 3400 2412 3453 enim
2463 3411 2516 3454 et
2563 3403 2783 3455 obscuri
2831 3413 2980 3463 sunt,
3013 3404 3106 3472 qui
3149 3414 3316 3459 semet
3346 3419 3374 3457 a
3421 3405 3621 3459 lumine

371 3484 474 3537 illo
509 3489 693 3552 procul
721 3502 1093 3545 removerunt.
1122 3489 1310 3562 Neque
1332 3507 1475 3546 enim
1510 3494 1683 3546 oculis
1712 3494 1953 3563 aspicere
1995 3494 2296 3549 valentibus
2344 3494 2480 3546 citra
2522 3493 2704 3546 lumen
2745 3492 3041 3563 quidquam
3108 3506 3192 3550 est
3252 3497 3580 3566 aSpeetahile
3605 3551 3623 3575 ν

374 3598 559 3651 neque
612 3582 718 3635 Deo
773 3596 982 3650 notum,
1045 3590 1187 3657 quod
1239 3591 1362 3644 inde
1409 3591 1622 3644 radium
1670 3592 1808 3647 lucis
1861 3611 1966 3647 nun
2044 3596 2272 3662 accepit.
2341 3592 2516 3647 Cau>a
2569 3601 2673 3656 est,
2722 3593 2864 3660 quod
2913 3591 3089 3660 reipsa
3143 3607 3208 3646 ne
3257 3603 3342 3647 est
3402 3593 3617 3662 quidem

357 3677 628 3734 .Onmino,
686 3680 831 3745 quod
871 3681 961 3733 illo
1015 3683 1224 3736 lumine
1279 3700 1382 3737 NOII
1436 3687 1838 3743 manifestatur.
1893 3691 1958 3744 ΕΙ,
1998 3691 2099 3747 hac
2149 3690 2357 3742 ratione
2432 3708 2448 3737 t
2496 3687 2654 3742 Novit
2698 3686 2957 3743 Dominus
3007 3689 3098 3757 qui
3143 3698 3269 3745 sunt
3349 3692 3467 3760 ejus
3493 3690 3560 3744 ³³.
3598 3711 3616 3742 ι

381 3770 444 3823 Et
475 3786 684 3823 rursum
719 3774 896 3827 fatuas
937 3775 1176 3846 virgines
1207 3794 1310 3831 non
1353 3797 1409 3833 sc
1439 3781 1650 3836 novisse
1675 3782 1751 3835 ait
1781 3784 1850 3839 “.

452 3863 551 3914 Διά
579 3865 751 3916 ταῦτά
783 3866 844 3917 τὸ
868 3865 1152 3934 βάπτισμα
1179 3871 1458 3939 φώτισμα,
1494 3873 1578 3923 ὅτι
1608 3874 1667 3925 τὸ
1697 3875 1951 3943 ἀληθινὸν

374 3950 523 4006 εἶναι
564 3956 802 4024 παρέχον
863 3959 1173 4028 γνωρίμους
1223 3959 1512 4030 καθίστησι
1563 3964 1638 4032 τῷ
1682 3966 1820 4034 Θεῷ.
1854 3968 1950 4020 καὶ

373 4045 520 4113 πρὸς
553 4048 612 4098 τὸ
663 4047 777 4113 ιεὼς
844 4050 977 4116 ἆγον
1037 4052 1214 4104 ἐκεῖνο
1243 4053 1343 4121 τῆς
1397 4055 1640 4123 ἀφανοῦς
1691 4057 1949 4128 ἀφίστησι

378 4137 673 4204 πονηρίας.
739 4139 840 4191 Διὰ
889 4139 1049 4192 τοῦτο
1102 4143 1197 4194 καὶ
1230 4141 1456 4214 λουτρὸν
1487 4145 1622 4198 διότι
1655 4146 1946 4216 φώτισμα’⁶

373 4226 526 4277 οὕτω
549 4230 656 4295 γὰρ
679 4229 910 4298 παρέχει
932 4229 1006 4298 τῷ
1032 4231 1171 4298 φωτὶ
1201 4232 1457 4302 καθαρῶς
1480 4236 1741 4304 ὁμιλῆσαι
1771 4237 1946 4292 πάντα

379 4313 682 4382 μολυσμὸν,
705 4317 762 4376 ὃς
789 4317 886 4387 τὴν
913 4318 1062 4370 θείαν
1094 4319 1288 4372 ἀκτῖνα
1319 4322 1427 4374 τῶν
1472 4323 1659 4394 ψυχῶν
1685 4326 1791 4378 τῶν
1817 4327 1956 4396 ἡμε-

377 4403 558 4471 τέρων
586 4405 834 4474 διείργει,
893 4408 1144 4481 καθάπερ
1176 4429 1227 4464 τι
1259 4413 1574 4482 μεσότοιχον
1598 4414 1799 4479 ἑξελόν.
1841 4417 1955 4470 Χά-

377 4510 560 4561 ρισμα
580 4494 634 4546 δὲ
669 4497 749 4548 ὅτι
780 4499 1033 4568 γέννησις
1056 4515 1070 4531 ’
1099 4501 1195 4570 τῆς
1225 4504 1335 4572 γὰρ
1375 4508 1678 4573 γεννήσεως
1701 4508 1799 4576 τῆς
1827 4509 1953 4561 ἐαυ-

2121 3869 2333 3923 ldcirco
2359 3867 2630 3934 baptisma
2667 3882 2683 3912 ι
2723 3863 3051 3916 illuminatio
3081 3883 3098 3912 ι
3129 3863 3618 3931 dieitur,quoniam

2051 3975 2238 4014 verum
2271 3972 2393 4011 esse
2423 3966 2710 4025 pru'Slntts,
2751 3964 2915 4008 notos
2955 3953 3067 4008 Deo
3089 3954 3240 4017 facit,
3273 3964 3325 4008 et
3354 3955 3408 4009 in
3440 3956 3618 4010 lumen

2050 4051 2196 4102 illam
2233 4049 2564 4118 producens,
2595 4063 2624 4100 a
2657 4046 2956 4115 caliginosa
2991 4045 3338 4114 improbitate
3362 4045 3620 4117 seiungit.

2049 4142 2134 4196 0b
2166 4141 2217 4194 id
2251 4141 2430 4210 ipsum
2464 4139 2627 4194 etiam
2666 4157 2683 4190 ι
2723 4138 3018 4202 lavacrum,
3067 4157 3086 4190 ι
3123 4139 3249 4208 quia
3275 4140 3620 4194 illuminatio.

2061 4233 2154 4286 Sic
2191 4233 2335 4286 enim
2372 4232 2466 4286 dat
2498 4245 2623 4284 cum
2669 4230 2792 4284 luce
2844 4231 3159 4284 defaecato":
3193 4245 3256 4285 ac
3288 4246 3482 4300 purum
3530 4230 3624 4285 ha-

2063 4320 2193 4374 bere
2246 4319 2664 4383 commercium,
2725 4333 2845 4372 cum
2902 4333 3065 4372 omne
3127 4317 3620 4387 inquinamentum,

2062 4427 2172 4482 quo
2197 4412 2413 4466 divinus
2445 4410 2632 4463 radius
2666 4411 2733 4462 ah
2759 4409 3044 4463 animabus
3065 4410 3268 4464 nosrris
3293 4411 3622 4479 excluditur,

2059 4505 2208 4560 velut
2234 4503 2473 4558 medium
2501 4502 2764 4573 parietem
2789 4501 2978 4556 diruit.
3011 4519 3030 4553 ι
3059 4501 3348 4556 Charisma
3381 4523 3399 4554 ι
3422 4511 3625 4569 autem,

371 4585 472 4636 τοῦ
506 4587 557 4636 τί
597 4587 661 4637 ἄν
702 4605 784 4650 τις
821 4593 1256 4659 προεισενέγκοι,
1287 4596 1405 4649 ἐπεὶ
1448 4597 1695 4667 καθάπερ
1733 4602 1825 4653 ἐπὶ
1852 4601 1946 4669 τῆς

2057 4599 2170 4652 sive
2213 4615 2232 4648 ι
2263 4598 2488 4649 donum.
2537 4613 2556 4646 ν
2611 4588 2744 4646 Nam
2796 4595 2863 4647 ad
2911 4596 3316 4664 generationem
3375 4597 3630 4665 spiritua-

373 4678 690 4746 γεννήσεως
715 4679 812 4746 τῆς
839 4684 1076 4750 φυσικῆς
1115 4686 1248 4754 ἔχει,
1280 4687 1390 4738 οὔδ’
1421 4689 1550 4741 αὐτὸ
1577 4690 1635 4740 τὸ
1663 4690 1954 4758 βούλεσθαι

2058 4692 2164 4745 lem
2204 4704 2363 4744 suam
2397 4686 2530 4756 quid
2556 4696 2658 4751 est,
2693 4685 2944 4748 obsecro,
2989 4687 3133 4755 quod
3161 4688 3314 4755 prius
3339 4688 3624 4755 quisquam

351 4767 784 4849 ἴἰιροεισάγομεν
809 4770 917 4821 τῶν
949 4772 1055 4823 ἀπὸ
1091 4774 1185 4825 τοῦ
1224 4775 1603 4844 βαπτίσματος
1640 4781 1882 4848 ἀγαθῶν,
1906 4785 1946 4835 el

2055 4780 2312 4837 confert?
2351 4779 2563 4833 Etenim
2600 4775 2743 4830 haud
2773 4791 2935 4831 serus
2966 4792 3128 4844 quam
3179 4779 3230 4830 in
3282 4780 3631 4848 generatione

373 4872 460 4914 τις
497 4856 742 4925 ἀκριϐῶς
774 4860 947 4913 ἐθέλοι
974 4866 1231 4933 σκοπεῖν;
1285 4867 1600 4938 Βουλόμεθα
1628 4871 1755 4942 γὰρ,
1790 4873 1825 4925 ὃ.
1860 4878 1954 4927 καὶ

374 4949 527 4996 ἐστιν
550 4949 927 5020 ἐνθυμηθῆναι
955 4971 966 4983 ·
997 4953 1168 5007 ταῦτα
1201 4957 1255 5009 δὲ
1283 4959 1374 5009 ἐπὶ
1406 4959 1629 5027 καρδίαν
1660 4962 1951 5030 ἀνθρώπου

373 5039 479 5087 οὐκ
510 5038 698 5109 ἀνέϐη,
733 5042 856 5092 οὐδὲ
894 5041 1213 5110 λογίσασθαι
1243 5047 1450 5099 δύναιτ’
1473 5048 1540 5102 ἂν
1573 5051 1702 5119 πρὶν
1734 5052 1812 5114 είς
1838 5056 1954 5106 πεῖ·-

376 5145 483 5194 ραν
512 5127 852 5196 ἐληλυθέναι.
902 5133 1248 5205 Ἐλευθερίαν
1273 5140 1383 5206 γὰρ
1418 5139 1706 5203 ἀκούοντες
1732 5158 1955 5209 προκει-

281 5218 300 5232 ‘
380 5215 554 5282 μένην
613 5226 706 5268 και
740 5219 1058 5286 βασιλείαν,
1118 5226 1412 5295 εὐδαίμονά
1461 5247 1581 5281 τινα
1625 5230 1956 5302 λογιζόμεθα

376 5303 547 5370 ζωὴν,
591 5309 654 5375 ἢν
679 5307 888 5371 ἔξεστιν
920 5313 1295 5383 ἀνθρωπίνους
1328 5320 1590 5384 δέξασθαι
1621 5321 1915 5392 λογισμούς
1938 5343 1952 5356 '

376 5396 438 5448 τὸ
465 5398 521 5448 δέ
551 5398 667 5449 ἐστι
695 5402 1046 5456 παντάπασιν
1071 5406 1216 5471 ἄλλο,
1253 5411 1443 5477 μεῖζον
1468 5415 1563 5466 καὶ
1591 5417 1688 5483 τῆς
1717 5416 1956 5478 διανοῗας

454 5602 502 5634 δ’
529 5602 704 5657 Galat.
761 5620 835 5666 tv,
880 5604 962 5659 l9.

1038 5606 1084 5637 ⁵ο
1107 5607 1282 5662 Galat.
1308 5625 1388 5673 tu,
1422 5611 1508 5664 l7.

379 5672 428 5706 ”
460 5673 654 5729 Matth.
706 5691 832 5738 xxv,
872 5677 952 5728 i2.

1031 5678 1076 5708 "
1110 5677 1130 5730 Ι
1159 5679 1284 5732 Cor.
1321 5697 1379 5745 ιι,
1417 5686 1472 5735 9.

1605 5614 1643 5645 δ’
1675 5613 1845 5668 Galat.
1883 5631 1954 5679 tv,
1973 5617 2026 5671 9.

2056 4872 2293 4926 naturali
2325 4887 2385 4926 sc
2418 4886 2504 4924 res
2536 4868 2699 4922 habet
2731 4883 2744 4918 :
2781 4883 2881 4921 nec
2918 4868 3089 4936 ipsam
3121 4869 3340 4936 quidem
3379 4872 3631 4926 volunta-

2058 4973 2162 5016 tem
2191 4967 2461 5019 bonorum
2494 4977 2524 5015 e
2552 4959 2826 5031 baptismo
2857 4959 3234 5014 exsistentium
3271 4960 3627 5028 aderimus,si

2059 5056 2182 5125 quis
2210 5056 2448 5126 penitius
2477 5069 2591 5109 rem
2625 5054 3035 5121 introspexerit.
3062 5051 3220 5107 Libet
3249 5053 3392 5107 enim
3422 5070 3482 5107 ea
3510 5070 3630 5123 qutt-

2063 5156 2189 5202 sunt
2219 5145 2497 5216 cogitare;
2539 5154 2626 5199 ast
2656 5147 2770 5200 lucc
2806 5162 2824 5195 ι
2870 5144 2922 5198 in
2961 5159 3056 5199 cor
3091 5143 3331 5200 hominis
3386 5161 3493 5200 non
3537 5160 3628 5198 as-

2062 5239 2362 5293 cenderunt
2393 5238 2462 5300 ",
2504 5257 2522 5288 ι
2565 5253 2665 5291 nec
2695 5245 2873 5306 potest
2901 5237 3178 5307 quispiam
3207 5252 3268 5289 ea
3294 5245 3471 5290 melth
3501 5249 3632 5287 con.

2064 5329 2264 5397 cipcre,
2301 5329 2476 5381 donec
2500 5328 2836 5394 experiatur.
2865 5325 3003 5381 Nam
3021 5341 3162 5405 \cum
3190 5325 3440 5380 audimus
3473 5323 3632 5376 liber-

2049 5429 2230 5473 .tatem
2262 5430 2316 5472 et
2349 5433 2574 5487 regnum
2629 5432 2750 5472 esse
2801 5419 3101 5487 pr0posita,
3135 5418 3299 5475 vitam
3337 5415 3625 5484 quamdam

2130 5619 2174 5646 ⁵³
2200 5615 2338 5670 Psal.
2369 5632 2454 5682 xv,
2497 5619 2550 5672 4.

2284 5736 2304 5761 \

2657 5621 2703 5653 ⁸⁸
2732 5622 2891 5676 Num.
2928 5636 3038 5683 va,
3071 5617 3140 5684 ὅς
3174 5619 3214 5673 ll
3255 5616 3397 5671 Tim.
3443 5636 3504 5683 ιι,
3541 5622 3628 5676 19.
