3992 6202
338 225 445 288 ιρι

1587 220 1888 279 NlCOl.Al
1940 220 2321 281 CABASILA‘I

3471 220 3577 283 528

339 344 553 399 felicem
597 340 922 410 cogitamus.
956 353 1116 409 quam
1170 338 1385 392 animus
1438 338 1709 389 humanus
1757 349 1899 388 Com-

2016 336 2107 387 καὶ
2168 336 2263 402 τῆς
2298 335 2597 405 ἐπιθυμίας
2658 333 2755 405 τῆς
2804 334 3099 405 ἡμετέρας.
3158 336 3380 406 Χρίτμα
3410 337 3467 389 δὲ
3492 338 3575 389 ὅτι

338 435 498 505 plecti
525 443 707 504 queat.
734 433 891 501 Atqui
922 431 1063 485 istud
1095 428 1420 483 omnimodis
1451 426 1593 479 aliud
1623 434 1723 489 est,
1760 425 1906 493 iuge-

339 527 539 596 nioque
588 541 649 579 ac
701 522 972 579 desiderio
1017 530 1204 574 nostro
1250 519 1521 588 superius.
1577 536 1593 566 ‹
1643 516 1837 571 chtio
1880 536 1895 563 I

338 629 519 673 autem
550 620 663 673 sive
700 636 718 669 ι
756 617 993 669 chrisma
1034 632 1052 663 ι
1092 612 1422 681 appellatur,
1459 611 1587 679 quia
1624 609 1899 663 Christum

340 722 563 781 propter
607 724 705 763 nos
736 719 959 761 unctum
1010 704 1240 759 initiatis
1270 702 1538 765 inscribit,
1571 710 1625 757 et
1661 701 1900 770 sigillum

339 811 448 867 est,
492 801 666 869 ipsum
716 798 1055 853 Salvatorem
1101 794 1440 863 imprimens.
1504 792 1705 848 Unctio
1754 791 1901 845 enim

339 894 557 961 ubique,
609 904 704 959 per
756 898 923 943 totam
974 886 1201 942 formam
1249 885 1491 954 corporis
1553 882 1903 952 suscipientis

340 982 579 1055 perfecte
611 988 900 1049 penetrans
927 1017 941 1040 ,
982 986 1036 1031 et
1084 976 1210 1029 illud
1244 977 1513 1042 adaptans
1535 1017 1550 1039 ,
1583 974 1760 1043 ipsum
1796 988 1901 1026 un-

342 1085 488 1131 ctum
522 1089 585 1128 ex
616 1073 735 1141 ipso
762 1084 1083 1140 expressum
1116 1076 1170 1122 et
1213 1073 1489 1138 signatum
1524 1066 1677 1129 facit,
1708 1072 1761 1119 et
1791 1062 1903 1117 for-

339 1183 483 1221 mam
529 1164 785 1223 ostendit.
826 1172 874 1216 et
920 1162 1155 1232 sigillum
1217 1169 1301 1214 est
1351 1174 1561 1215 revera.
1604 1159 1900 1214 Docuimus

338 1271 504 1325 porro
554 1255 790 1324 sigillum
842 1252 980 1306 idem
1027 1251 1169 1319 quod
1238 1251 1637 1319 generationem
1702 1264 1899 1320 posse,

336 1348 480 1401 sicut
512 1346 652 1399 idem
687 1344 826 1413 quod
868 1343 1142 1411 sigillum,
1176 1341 1550 1395 indumentum
1594 1350 1647 1397 et
1676 1340 1899 1395 immer-

340 1440 440 1494 sio.
487 1436 588 1491 Sed
628 1434 883 1504 quoniam
922 1434 1147 1497 donum,
1188 1442 1240 1486 et
1271 1432 1617 1497 illuminatio,
1650 1440 1703 1485 et
1750 1433 1901 1485 lava-

340 1543 489 1582 crum
525 1527 713 1582 eodem
757 1540 865 1594 quo
896 1524 1151 1577 formatio
1185 1523 1573 1593 generatioque
1605 1523 1897 1592 pertinent,

338 1619 531 1688 patuit,
586 1632 802 1671 omnem
850 1615 1195 1684 baptismatis
1252 1614 1669 1683 appellationem
1730 1629 1896 1667 unum

338 1685 469 1762 illud
514 1706 855 1775 significare,
902 1719 1097 1772 nempe
1128 1704 1231 1757 hoc
1279 1704 1549 1757 lavacrum
1598 1703 1903 1771 generatio-
1932 1685 1976 1740 Β

340 1812 461 1852 nem
521 1804 574 1850 et
624 1795 747 1848 vitae
806 1793 858 1847 in
906 1793 1124 1846 Christo
1176 1792 1504 1860 principium
1554 1791 1712 1846 nobis
1759 1805 1900 1845 esse.

338 1888 529 1944 Utrum
553 1896 731 1941 autem
758 1884 1119 1947 eteremoniaz,
1141 1891 1193 1937 et
1220 1897 1338 1953 qua:
1370 1884 1672 1937 recitantur
1718 1881 1770 1935 in
1804 1884 1905 1936 hoc

336 1978 617 2050 mysterio,
638 1976 780 2030 hanc
797 1976 903 2028 vim
937 1974 1189 2035 habeant,
1222 1972 1446 2025 clarehit
1476 1972 1564 2035 iis,
1592 1970 1684 2039 qui
1718 1970 1901 2025 initia-

337 2072 539 2126 tionem
576 2068 735 2122 istam
764 2065 1132 2135 particulatim
1168 2063 1546 2133 expenderint.

407 2146 661 2221 Cernitur
696 2159 840 2213 enim
880 2157 973 2228 qui
1005 2156 1072 2209 ad
1102 2159 1419 2226 mysterium
1453 2154 1557 2208 hoc
1592 2153 1901 2223 percipien-

336 2256 462 2308 dum
504 2251 738 2318 accedit,
772 2258 1061 2319 antequam
1094 2247 1358 2310 initietur,
1395 2247 1632 2299 nondum
1678 2245 1787 2299 Deo
1821 2258 1905 2297 re-

338 2345 689 2405 conciliatus,
728 2340 967 2396 noudum
1004 2354 1035 2393 a
1077 2338 1246 2393 veteri
1280 2337 1543 2392 dedecore
1578 2351 1641 2390 ac
1672 2334 1903 2404 turpitu-

337 2436 465 2491 dine
496 2433 778 2489 immunis.
804 2432 1066 2487 Precatur
1087 2431 1289 2501 quippe
1317 2428 1557 2483 initiator
1588 2439 1715 2481 ante
1738 2426 1899 2481 aliam

336 2526 741 2590 caeremoniam,
795 2532 857 2578 ut
913 2539 942 2578 a
992 2538 1102 2593 quo
1149 2531 1447 2590 occupatus
1492 2531 1576 2576 est
1627 2520 1898 2582 daemone,

337 2618 620 2673 liberetur.
656 2616 769 2671 Nec
794 2614 969 2671 solum
1008 2613 1306 2683 alloquitur
1338 2612 1507 2666 Deum
1544 2626 1643 2681 pro
1683 2626 1769 2673 eo,
1805 2612 1897 2664 sed

336 2726 388 2772 et
415 2715 594 2786 ipsum
626 2711 1075 2769 catechumenum
1102 2708 1379 2772 adoriens,
1402 2715 1690 2777 tyrannum
1724 2706 1902 2759 incre-

346 2817 461 2877 pat,
492 2816 545 2860 et
578 2803 790 2871 ﬂagello
828 2803 1148 2856 insectatur.
1184 2797 1478 2865 Flagellum
1514 2806 1596 2852 est
1651 2814 1669 2848 ι
1700 2810 1898 2850 nomen

334 2898 470 2952 illud
502 2910 667 2965 super
696 2907 857 2948 omne
892 2906 1089 2945 nomen
1116 2890 1185 2943 ".
1226 2907 1244 2940 ι
1277 2887 1623 2956 Tantumque
1657 2887 1808 2941 abest
1841 2895 1900 2941 ut

338 2991 501 3049 vivat.
530 2998 583 3042 et
621 2986 764 3041 ﬁlius
789 2995 950 3053 atque
975 2982 1147 3036 haeres
1174 2981 1264 3046 sit,
1289 2988 1349 3034 ut
1380 2979 1557 3035 adhuc
1592 2980 1644 3034 in
1681 2980 1894 3050 tyranni

340 3077 605 3147 mancipio
633 3081 900 3129 versetur.
936 3069 1070 3125 Nam
1103 3071 1195 3139 qui
1239 3084 1361 3124 cum
1393 3068 1629 3138 maligno
1659 3070 1895 3123 rationes

337 3167 518 3228 habet,
539 3166 583 3219 is
624 3180 653 3217 a
690 3162 798 3218 Deo
828 3162 1043 3231 penitus
1069 3160 1293 3215 recedit.
1328 3158 1440 3213 Hoc
1474 3174 1602 3214 vero
1631 3170 1715 3214 est
1737 3174 1893 3229 pror-

334 3273 431 3312 sus
465 3264 737 3309 mortuum
773 3266 916 3308 esse.
958 3250 1137 3317 Quare
1180 3252 1344 3306 etiam
1394 3250 1561 3304 veluti
1599 3250 1665 3304 ad
1706 3250 1896 3304 exani-

335 3361 479 3401 mem
520 3343 697 3398 adhuc
727 3342 1000 3397 accedens
1033 3341 1295 3404 initiator,
1322 3340 1375 3393 in
1413 3339 1604 3393 faciem
1636 3339 1751 3408 ejus
1782 3340 1896 3394 suf-

336 3437 464 3491 ﬂat:
509 3450 630 3504 qua:
662 3432 951 3488 iusuﬂlutio
995 3432 1116 3486 vitai
1154 3431 1370 3487 coalitus
1415 3430 1708 3486 inferenda:
1754 3443 1893 3488 tecta

335 3525 659 3597 signiﬁcatio
685 3532 789 3579 est.
820 3523 950 3590 Quae
981 3534 1302 3592 sequuntur,
1330 3522 1680 3588 respondent.
1699 3521 1895 3576 Omnia

335 3620 481 3672 enim
514 3626 643 3673 sunt
660 3618 814 3686 quasi
851 3615 1013 3670 modo
1062 3624 1495 3683 procreatorum,
1528 3623 1581 3668 et
1605 3615 1893 3682 praesentia

337 3723 566 3777 quaeque
598 3708 650 3761 in
680 3706 938 3761 manibus
973 3715 1102 3760 sunt
1132 3704 1640 3774 despicientium,et
1668 3705 1733 3759 ad
1766 3721 1898 3759 mo-

335 3801 591 3853 deramen
639 3796 787 3852 aliud
833 3797 1242 3853 translatorum.
1281 3795 1516 3864 Urgetur
1543 3796 1687 3859 enim
1734 3812 1764 3849 e
1792 3795 1895 3849 du-

334 3891 459 3962 plici
509 3891 712 3946 mundo
752 3890 900 3944 hunc
952 3899 1335 3955 contemnere,
1386 3890 1534 3943 illum
1584 3888 1894 3955 honorare;

333 3993 388 4038 et
419 3984 540 4037 vitae
600 3982 725 4037 huic
762 3981 978 4052 quidem
1025 3982 1348 4041 valedicere,
1383 3980 1527 4034 illam
1575 3981 1786 4044 vivere;
1838 3989 1894 4034 et

333 4070 454 4125 vitae
482 4074 670 4125 ducem
700 4071 844 4125 hunc
868 4070 999 4125 velis
1024 4070 1296 4137 remisque
1319 4068 1523 4139 fugere,
1550 4070 1699 4122 illum
1728 4084 1891 4138 quam

332 4162 742 4217 studiosissime
765 4163 941 4230 sequi.
977 4160 1142 4230 Igitur
1180 4161 1307 4229 quia
1338 4160 1623 4228 praesentia
1654 4159 1894 4225 deponit,

332 4254 469 4309 satis
498 4254 727 4314 indicat,
761 4267 989 4320 quorum
1020 4260 1192 4306 semet
1219 4251 1457 4305 nondum
1495 4252 1671 4304 adhuc
1706 4265 1897 4304 recon-

2010 426 2100 477 rbv
2125 424 2191 477 δι’
2213 427 2360 495 ἡμᾶς
2382 426 2691 494 χρισθέντα,
2728 426 2820 478 τὸν
2867 426 3124 496 Χριστὸν,
3158 427 3428 497 ἐγγράφει
3456 433 3573 490 τοῖς

2010 516 2374 581 τελουμένοις,
2406 517 2499 569 καί
2532 517 2768 585 σφραγίς
2787 518 2935 570 ἐστιν
2970 516 3134 570 αὐτὸν
3166 518 3574 587 ἐνσημαίνοντα

2013 609 2103 660 τὸν
2130 610 2377 678 Σωτῆρα.
2433 610 2507 661 Τὸ
2536 612 2644 678 γὰρ
2702 611 2913 679 χρίσμα
2966 610 3238 679 πανταχοῦ
3270 612 3358 664 διά
3391 613 3573 680 πάσης

2010 700 2255 767 ἀκριϐῶς
2296 700 2399 769 τῆς
2449 702 2664 772 μορφῆς
2716 701 3021 772 ἀφιγμένον
3051 702 3145 754 τοῦ
3198 702 3449 771 σώματος
3476 704 3572 755 τοῦ

2009 789 2303 859 δεξαμένου
2332 792 2426 844 καὶ
2448 795 2842 864 προσαρμόσαν
2867 794 3027 849 αὐτὸν
3050 794 3107 847 έν
3130 793 3279 863 αὐτῷ
3308 795 3458 862 φέρει
3479 796 3575 848 τὶν

2000 882 2379 951 ’ἀληλιμμένον
2430 884 2858 964 ὲνσημανθέντα,
2910 886 3007 938 καὶ
3053 884 3113 938 rb
3161 881 3301 948 εἶδος
3330 886 3576 938 δείκνυσι

2009 978 2101 1029 καὶ
2132 977 2368 1045 σφραγίς
2398 980 2546 1031 ἐστιν
2569 980 2830 1048 ἀτεχνῶς.
2862 980 3143 1035 Δέδεικται
3185 981 3242 1034 δὲ
3278 981 3391 1043 τοῖς
3420 981 3575 1049 εἰρη-

2002 1069 2216 1138 μένοις,
2248 1072 2313 1139 τῇ
2360 1072 2610 1141 γεννήσει
2656 1073 2821 1126 ταύτὸ
2863 1073 3120 1127 δύνασθαι
3147 1074 3245 1141 τὴν
3276 1075 3573 1144 σφραγῖδα,

2008 1160 2257 1229 καθάπερ
2288 1163 2380 1215 καὶ
2418 1163 2483 1232 τῇ
2538 1164 2791 1231 σφραγῖδι
2822 1164 2881 1216 rb
2920 1164 3125 1234 ἔνδυμα
3157 1165 3251 1218 καὶ
3280 1165 3341 1217 rb
3371 1166 3570 1233 βάπτι-

2010 1267 2142 1319 σμα.
2185 1251 2335 1302 Ἐπεὶ
2368 1251 2424 1304 δὲ
2448 1254 2541 1304 καὶ
2570 1256 2628 1305 rb
2663 1254 2908 1324 χάρισμα
2955 1255 3048 1307 καὶ
3079 1256 3141 1306 τὸ
3177 1256 3433 1324 φώτισμα
3475 1256 3573 1307 καὶ

2006 1341 2066 1392 rb
2094 1340 2318 1410 λούτρον
2343 1344 2409 1411 τῇ
2430 1342 2626 1395 πλάσει
2650 1343 2745 1396 καὶ
2769 1344 3022 1413 γεννήσει
3049 1342 3185 1414 πρὸς
3207 1343 3370 1396 ταύτδ
3388 1346 3569 1414 φέρει,

2007 1430 2165 1499 δῆλον
2201 1432 2438 1498 ἐγένετο,
2488 1434 2667 1486 πᾶσαν
2694 1434 2785 1486 τοῦ
2841 1433 3216 1505 βαπτίσματος
3246 1437 3571 1504 ἐπωνυμίαν

2006 1522 2066 1573 rb
2092 1524 2150 1575 ἒν
2174 1524 2349 1576 έκεῖνο
2386 1523 2695 1594 σημαίνειν,
2719 1525 2791 1587 ὠς
2826 1526 2934 1594 ἄρα
2972 1528 3223 1597 γέννησις
3253 1527 3346 1581 καὶ
3375 1527 3470 1597 τῆς
3508 1531 3569 1579 ἐν

2010 1613 2228 1683 Χριστῷ
2257 1616 2401 1685 ζωῆς
2431 1618 2562 1685 ἡμῖν
2595 1618 2742 1669 ἐστιν
2771 1618 2913 1687 ἀρχὴ
2945 1619 3005 1671 rb
3038 1618 3279 1688 λουτρόν.
3314 1620 3373 1672 Εἰ
3395 1620 3450 1672 δὲ
3476 1622 3571 1672 καὶ

2004 1702 2070 1755 τά
2116 1704 2411 1773 τελούμενα
2465 1707 2557 1759 καὶ
2590 1708 2862 1777 λεγόμενα
2906 1710 3003 1761 τοῦ
3041 1710 3342 1780 μυστηρίου
3375 1711 3571 1763 τοῦτον

2001 1793 2225 1848 δύναται
2258 1797 2348 1849 τὸν
2385 1797 2560 1864 λόγον,
2598 1801 2834 1871 φανερὸν
2874 1801 2941 1855 ὃν
2972 1804 3058 1871 εἴη
3097 1803 3237 1857 κατά
3274 1805 3437 1875 μέρος
3467 1808 3569 1873 τὴν

2000 1886 2227 1949 τελετὴν
2253 1888 2489 1943 ἐπιοῦσι.

2075 2156 2475 2239 Φαίνεταιχάρ
2509 2159 2537 2211 ὀ
2568 2158 2811 2227 προσιὼν
2831 2160 2908 2232 τῷ
2938 2163 3222 2234 μυστηρίῳ
3254 2164 3384 2235 πρὶν
3412 2167 3566 2220 τελε-

2004 2248 2198 2318 σθῆναι
2256 2250 2426 2318 μήπω
2458 2250 2577 2320 Θεῷ
2627 2252 3097 2323 κατηλλαγμένος,
3136 2256 3304 2327 μήπω
3328 2257 3431 2327 τῆς
3466 2261 3567 2328 ἀρ-

2001 2341 2158 2410 χαίας
2183 2341 2445 2410 αἰσχύνης
2490 2342 2949 2412 ἀπηλλαγμένος·
3001 2346 3220 2416 εὔχεται
3266 2348 3374 2419 γὰρ
3414 2350 3565 2418 αύτῷ

2001 2435 2303 2502 προσιόντι,
2337 2438 2467 2503 πρὶν
2497 2433 2626 2487 ἄλλο
2644 2451 2695 2487 τι
2732 2435 2951 2506 τελέσῃ,
2986 2436 3083 2507 τὴν
3113 2437 3209 2491 τοῦ
3243 2442 3567 2509 κατέχοντος

1998 2522 2252 2591 δαίμονος
2305 2523 2629 2593 ἀπαλλαγὴν
2682 2526 2710 2577 ὁ
2742 2526 2946 2590 τελῶν,’
2984 2530 3076 2581 καὶ
3102 2529 3163 2581 ού
3195 2529 3270 2599 τῷ
3291 2529 3409 2600 Θεῷ
3440 2534 3569 2602 περὶ

2000 2612 2166 2666 αὑτοῦ
2199 2614 2507 2682 διαλέγεται
2546 2616 2728 2686 μόνον,
2776 2618 2913 2671 ἀλλὰ
2953 2621 3050 2673 καὶ
3079 2620 3230 2691 αὐτῷ
3286 2622 3567 2675 ἐπιπεσὼν

1998 2706 2227 2776 ἐπιτιμᾷ
2256 2705 2333 2775 τῷ
2360 2707 2612 2776 τυράννῳ
2660 2710 2755 2763 καὶ
2803 2708 3015 2763 ἐλαύνει
3070 2712 3365 2780 μσστίζων.
3401 2713 3466 2766 Ἥ
3507 2714 3564 2767 δὲ

2003 2796 2201 2865 μάστιξ
2234 2797 2382 2868 αύτῷ
2411 2816 2429 2849 ι
2458 2798 2519 2851 rb
2542 2798 2715 2869 ὄνομά
2747 2801 2866 2853 ἐστι
2904 2800 2965 2854 rb
2994 2803 3133 2873 ὑπὲρ
3172 2805 3281 2857 πᾶν
3309 2804 3499 2873 ὅνομα.
3540 2824 3558 2855 ι

1998 2890 2266 2943 Τοσοῦτον
2291 2891 2483 2960 ἀπέχει
2524 2890 2636 2954 ζῶν
2658 2885 2798 2945 εῖναι
2824 2893 2918 2945 καὶ
2952 2894 3064 2957 υίὸς
3093 2894 3185 2947 καὶ
3209 2894 3560 2965 κληρονόμος,

1998 2983 2057 3045 δς
2094 3000 2155 3051 γε
2187 2983 2380 3051 ἔτιλτῷ
2408 2984 2657 3054 τυράννῳ
2684 2983 2962 3037 δουλεύει·
3010 2985 3299 3055 συμϐαίνει
3354 2986 3463 3056 γὰρ
3486 2987 3564 3056 τῷ

1953 3058 1965 3077 ¹
1999 3070 2220 3140 πονηρῷ
2278 3070 2505 3123 συνόντα
2559 3071 2695 3125 Θεοῦ
2728 3072 3013 3135 παντελῶς
3046 3074 3371 3141 ἀφεστάναι,
3418 3074 3478 3126 τὸ
3507 3076 3564 3128 δέ

1995 3162 2113 3215 ἐστι
2156 3162 2474 3214 παντάπασι
2518 3164 2715 3231 νεκρὸν
2768 3159 2931 3217 εἷναι.
2964 3164 3064 3216 Διά
3086 3166 3242 3219 τοῦτο
3273 3165 3368 3218 καὶ
3390 3164 3464 3227 ὡς
3498 3165 3565 3235 ἂν

1995 3252 2149 3306 οὔπω
2184 3252 2328 3322 ζωῆς
2360 3253 2751 3321 μετειληφότος
2779 3252 3091 3322 προσελθὼν
3123 3255 3151 3307 ὁ
3173 3255 3428 3326 τελεστὴς
3463 3257 3563 3321 ἐρι-

1995 3348 2144 3416 φυσᾷ
2178 3345 2254 3415 τῷ
2286 3344 2563 3415 προσώπῳ
2588 3360 2602 3375 ·
2629 3345 2690 3397 rb
2722 3345 2830 3414 γὰρ
2855 3345 3161 3415 ἐμφύσημα
3192 3346 3397 3400 ἀνωθεν
3419 3346 3567 3413 ζωῆς

1994 3438 2241 3506 αἴνιγμα.
2271 3437 2378 3490 Καὶ
2405 3436 2473 3489 τὰ
2504 3435 2629 3504 ἑξῆς
2654 3435 2711 3488 δὲ
2732 3436 3040 3500 ἀκολούθως
3064 3436 3178 3507 ἔχει
3202 3452 3216 3467 ο
3253 3438 3429 3490 πάντα
3455 3440 3563 3505 γὰρ

1994 3527 2103 3578 τῶν
2133 3527 2253 3592 ἀρτι
2283 3524 2724 3593 καθισταμένων,
2764 3526 2861 3578 καὶ
2888 3526 2997 3577 τῶν
3027 3526 3124 3595 μὲν
3155 3529 3443 3595 παρόντων
3466 3527 3564 3578 καὶ

1997 3618 2057 3669 έν
2081 3618 2267 3687 χερσὶν
2317 3616 2414 3668 ὁπε
2425 3616 2732 3686 ρορώντων,
2757 3616 2843 3669 ἐπ’
2864 3617 2999 3670 ἀλλα
3017 3617 3071 3669 δὲ
3099 3618 3563 3686 μετατιθεμένων.

2009 3707 2320 3775 Ἐπείγεται
2353 3707 2462 3777 γάρ
2497 3706 2719 3775 κόσμων
2747 3706 2840 3759 τοῦ
2869 3706 2970 3776 μὲν
3002 3710 3436 3779 καταφρονῆσαι,
3471 3710 3566 3760 τὶν

1994 3800 2052 3853 δὲ
2074 3800 2325 3869 τιμῆσαι,
2362 3801 2455 3851 καὶ
2484 3798 2599 3867 βίον
2626 3800 2716 3853 τὸν
2751 3800 2851 3867 μὲν
2884 3801 3307 3868 ἀπογεγονέναι,
3360 3802 3449 3853 τὸν
3506 3801 3562 3853 δὲ

2000 3891 2211 3961 βιῶναι.
2245 3892 2339 3943 καὶ
2374 3890 2517 3958 ζωῆς
2542 3893 2849 3958 ἡγούμενον
2880 3892 2972 3944 rbv
3011 3892 3108 3959 μὲν
3130 3892 3193 3944 ὲκ
3217 3892 3417 3955 παντὸς
3440 3892 3565 3961 τρό-

1998 3994 2100 4030 που
2132 3979 2378 4045 φευγεῖν,
2432 3977 2521 4030 τὸν
2552 3978 2607 4028 δὲ
2660 3980 2807 4048 πάσῃ
2845 3980 3051 4049 σπουδῇ
3082 3981 3318 4034 διώκειν.
3354 3983 3565 4034 Οὐκοῦν

1996 4067 2064 4120 δι’
2102 4062 2177 4123 ὧν
2225 4068 2324 4136 μὲν
2366 4066 2682 4120 ἀποτίθεται
2710 4068 2779 4120 τὰ
2810 4070 3071 4137 παρόντα,
3124 4070 3279 4140 δῆλός
3310 4073 3460 4124 ἐστιν
3484 4066 3564 4124 ὧν

1998 4158 2336 4225 κατεγνώκει
2366 4159 2440 4227 μή
2456 4175 2536 4210 πω
2558 4160 2651 4210 καὶ
2676 4159 2773 4210 νῦν
2806 4159 3233 4229 ἀπηλλαγμένος
3254 4177 3268 4191 ο
3306 4160 3375 4213 δι’
3407 4154 3481 4215 ὧν
3505 4162 3563 4213 δὲ

1998 4250 2067 4302 τὰ
2094 4249 2323 4311 δόξαντα
2348 4248 2555 4300 καλλίω
2585 4250 2680 4300 καὶ
2714 4248 2749 4301 ἀ
2793 4248 3073 4318 προύθηκε
3118 4250 3226 4301 τῶν
3280 4252 3565 4321 παρόντων

333 4342 551 4397 εῑιίιιιιιε
586 4341 932 4417 condemnet.
983 4339 1120 4405 Quia
1166 4351 1349 4393 autem
1397 4340 1508 4394 visa
1554 4340 1888 4407 pulchriora.

2001 4339 2102 4390 ἀπ’)
2150 4337 2243 4390 τοῦ
2302 4339 2607 4406 μυστηρίου
2638 4338 2828 4389 τούτου
2883 4338 3174 4408 λαμὸάνει,
3220 4340 3567 4410 δείκνυσιτῷ

331 4442 385 4486 οι
436 4447 465 4485 a
516 4447 574 4486 se
630 4429 988 4500 praesentibus
1051 4430 1377 4498 anteposita,
1404 4433 1471 4483 ab
1498 4430 1601 4484 hoc
1640 4430 1897 4499 mysterio

333 4521 551 4591 accipit,
605 4519 865 4586 ostendit,
927 4534 988 4575 se
1041 4519 1187 4589 quod
1244 4520 1550 4589 baptizatus
1606 4522 1698 4583 sil,
1730 4522 1893 4575 vitam

332 4611 657 4668 laudabilem
705 4611 964 4666 exordiri.
991 4612 1273 4682 Templum
1322 4614 1523 4682 quippe
1580 4613 1895 4684 ingressus,

333 4714 538 4758 vestem
592 4701 838 4772 deponit.
890 4712 945 4757 et
996 4702 1364 4757 calceamenta
1413 4703 1612 4767 Solvit,
1648 4713 1795 4758 veste
1845 4714 1899 4758 et

335 4792 558 4853 calceis,
587 4808 708 4862 qua:
740 4794 805 4847 ad
834 4793 998 4847 vitam
1029 4802 1157 4848 sunt
1196 4796 1523 4859 necessaria,
1552 4796 1784 4862 priorem
1815 4796 1897 4848 vi-

336 4885 496 4938 vendi
524 4888 787 4939 rationem
823 4886 1131 4942 insinuans.
1156 4885 1424 4941 Praeterea
1460 4888 1528 4941 ad
1561 4889 1897 4943 occidentem

336 4991 656 5039 conversus,
685 4976 940 5046 spiritum
977 4993 1073 5033 ore
1120 4980 1341 5041 emittit,
1385 4980 1506 5033 vita:
1560 4981 1612 5033 in
1662 4982 1899 5035 tenebris

337 5074 475 5120 acta:
502 5066 786 5133 indicium;
808 5083 1001 5123 manus
1023 5070 1283 5133 extendit,
1308 5079 1361 5123 et
1385 5080 1639 5140 tanquam
1664 5086 1901 5141 praesen-

338 5166 443 5210 tem
496 5156 711 5226 sibique
754 5157 1162 5212 incumbentem
1217 5159 1513 5226 malignum
1564 5162 1794 5229 repellit,
1847 5170 1902 5216 et

338 5264 438 5303 ceu
464 5249 739 5319 impurum
769 5249 1170 5318 scelestuiuque
1200 5250 1570 5313 aboniinatur,
1599 5252 1899 5319 fmderique

339 5342 725 5396 inimicissimo
759 5350 811 5395 et
847 5341 1047 5394 infideli
1081 5352 1135 5395 et
1166 5356 1343 5395 causa:
1397 5343 1578 5396 omnis
1624 5344 1774 5397 exitii
1813 5358 1900 5397 re-

340 5436 574 5500 nuntiat,
603 5412 1011 5500 amicitiamque
1042 5435 1199 5502 longe
1229 5436 1634 5490 acerbissimam
1668 5436 1899 5501 dissuit;

413 5613 458 5644 “
490 5614 717 5682 Philipp.
756 5629 816 5676 ιι,
854 5614 905 5669 9.

2002 4428 2359 4498 βαπτισθῆναι
2385 4428 2484 4497 τῆς
2511 4429 2905 4497 ἐπαινουμένης
2938 4429 3243 4498 ἀρχόμενος
3270 4430 3435 4498 ζωῆς.
3459 4431 3568 4483 Tbv

2000 4522 2108 4590 γὰρ
2140 4521 2286 4588 ἱερὸν
2342 4518 2603 4572 εἰσελθὼν
2655 4513 2805 4571 οἷκον
2838 4520 2930 4571 τὸν
2982 4520 3184 4586 χιτῶνα
3213 4520 3567 4573 κατατίθετιι

2000 4612 2095 4665 καὶ
2124 4611 2191 4663 τά
2218 4612 2545 4681 ὑποδήματα
2573 4609 2821 4672 ύπολύει,
2850 4610 2928 4679 τῷ
2954 4611 3155 4679 ίματίῳ
3188 4614 3278 4666 καὶ
3302 4614 3411 4673 τοῖς
3435 4612 3571 4665 ὑπο-

2000 4706 2261 4772 δήμασιν,
2313 4703 2348 4757 ἀ
2387 4704 2525 4772 πρὸς
2572 4702 2673 4771 τὴν
2710 4702 2853 4771 ζωὴν
2891 4702 3104 4773 βοηθεῖ,
3162 4707 3253 4756 τὸν
3302 4704 3571 4773 πρότερον

2001 4797 2374 4864 αἰνιττόμενος
2405 4793 2543 4863 βίον.
2573 4794 2693 4846 Ἔτι
2724 4793 2780 4845 δὲ
2820 4793 2955 4862 πρὸς
3000 4795 3211 4863 δυσμὰς
3243 4795 3571 4848 ἀποὸλέπων

2004 4887 2217 4957 πνεῦμα
2246 4886 2356 4939 τοῦ·
2377 4885 2645 4953 στόματος
2676 4885 2934 4949 ἀποπνεῖ,
2968 4884 3069 4955 τῆς
3103 4888 3158 4938 έν
3212 4887 3393 4939 σκότει
3424 4885 3571 4954 ζωῆς

2004 4980 2251 5044 σημεῖον,
2278 4976 2465 5045 χεῖράς
2495 4991 2551 5028 τε
2578 4976 2808 5027 ἐκτείνει
2840 4976 2933 5027 καὶ
2965 4976 3040 5039 ὡς
3073 4978 3315 5045 παρόντα
3336 4980 3430 5029 καὶ
3450 4981 3573 5030 sm-

2004 5071 2253 5139 κείμενον
2305 5070 2395 5121 τὸν
2438 5067 2673 5137 πονηρὸν
2732 5067 3034 5120 ἀπωθεῖται
3094 5070 3187 5120 καὶ
3238 5070 3313 5130 ὡς
3372 5072 3571 5138 μιαρλύ

2006 5163 2096 5213 καὶ
2126 5157 2382 5231 βδελυροῦ
2410 5157 2738 5220 καταπτύει,
2771 5160 2865 5209 καὶ
2894 5158 2995 5219 τὰς
3027 5157 3278 5227 ἐχθίσταις
3316 5160 3409 5210 καὶ
3435 5158 3569 5207 ἀπί-

2006 5268 2163 5310 στους
2196 5250 2290 5300 καὶ
2320 5247 2546 5315 ὀλέθρου
2579 5246 2779 5308 παντὸς
2831 5248 3022 5310 αἰτίας
3069 5249 3308 5317 ἀρνεῖται
3342 5247 3573 5309 σπονδὰς

2002 5345 2097 5394 καὶ
2151 5342 2249 5407 τὴν
2284 5338 2477 5407 φιλίαν
2505 5337 2602 5407 τὴν
2637 5338 2841 5407 πικρὰν
2894 5338 3211 5391 παντάπασι
3242 5338 3452 5390 διαλύει
3477 5356 3576 5389 και

2004 5434 2100 5501 τὴν
2130 5430 2331 5499 ἔχθραν
2385 5429 2619 5481 ἐπαινεῖ.
2654 5429 2763 5481 Καὶ
2794 5429 2916 5482 ἐπεὶ
2952 5430 3116 5498 φύγοι
3140 5429 3196 5483 rb
3227 5430 3445 5493 σκότος,
3478 5430 3576 5480 Li.
