3992 6202
343 417 452 481 5⁵29

1418 416 1513 475 DE
1553 417 1733 477 VITA
1772 416 1853 476 IN
1908 415 2241 475 CHRISTO
2279 416 2423 478 ΗΒ.
2471 416 2552 478 Ii.

3468 409 3573 474 530

341 534 446 597 τὴν
472 529 681 598 ἡμέραν
713 528 894 598 τρέχει
925 529 1017 580 καὶ
1046 530 1182 599 πρὸς
1212 529 1309 599 τὴν
1347 528 1421 583 Ξω
1460 530 1721 599 στραφεὶς
1754 529 1908 599 ζητεῖ

2022 537 2063 581 at
2104 529 2289 583 odium
2320 531 2662 599 amplectitur
2691 547 2704 595 ;
2734 536 2785 583 et
2814 543 2844 583 e
2884 528 3119 583 tenebris
3152 527 3217 581 ad
3250 526 3393 581 diem
3438 542 3566 597 pro-

338 622 436 672 τὸν
470 620 643 688 ἥλιον,
680 620 773 670 καὶ
802 618 983 682 λυθεὶς
1013 620 1123 673 τῶν
1156 620 1248 672 τοῦ
1283 620 1546 689 τυράννου
1577 620 1776 689 χειρῶν
1818 619 1909 673 τὸν

344 710 576 779 βασιλέα
618 712 935 779 προσκυνεῖ,
996 711 1091 762 καὶ
1142 710 1237 763 τοῦ
1288 712 1442 763 νόθου
1490 711 1795 778 καταγνοὺς
1820 708 1910 761 τὸν

344 802 573 868 γνήσιον
606 800 960 867 ἐπιγινώσκει
980 801 1283 869 Δεσπότην,
1320 803 1415 854 καὶ
1449 801 1667 870 εὔχεται
1704 801 1911 853 ύποτα-

342 892 414 956 γή
429 889 615 942 σεσθαι
642 891 791 960 αὐτῷ
817 892 913 943 καὶ
947 891 1258 945 δουλεύσειν
1286 893 1384 965 ὅλῃ
1413 893 1558 963 ψυχῇ
1593 893 1688 945 καὶ
1712 894 1819 961 πρό
1847 907 1910 959 γε

341 980 551 1033 τούτων
577 981 651 1044 ὡς
681 981 814 1034 Θεὸν
842 982 923 1045 εἰς
950 983 1113 1036 αὑτὸν
1148 984 1427 1037 πιστεύειν
1476 985 1570 1037 καὶ
1600 983 1634 1038 ἃ
1658 983 1788 1054 περὶ
1814 985 1912 1035 a6-

338 1070 438 1120 τοῦ
471 1071 715 1139 προσῆκε
776 1068 1088 1138 γινώσκειν.
1144 1073 1258 1125 Καὶ
1284 1070 1444 1125 τοῦτο
1497 1073 1605 1140 γὰρ
1639 1068 1781 1139 ἀρχὴ
1812 1070 1911 1137 τῆς

344 1160 631 1228 μακαρίας
660 1159 832 1228 ζωῆς,
866 1162 898 1230 ἡ
931 1160 1141 1231 ἀληθὴς
1172 1162 1301 1233 περὶ
1328 1160 1466 1214 Θεοῦ
1508 1162 1709 1228 γνῶσις
1732 1178 1745 1191 ·
1782 1178 1798 1210 ι
1838 1158 1912 1212 Τὸ

342 1250 455 1317 γὰρ
484 1250 808 1303 ἐπίστασθαί
840 1268 920 1315 σε,
943 1254 1077 1321 φησὶ
1100 1253 1371 1322 Σολομὼν,
1402 1254 1526 1322 ῥίζα
1554 1251 1905 1314 ἀθανασίας.»

339 1336 537 1407 ὥσπερ
560 1338 621 1390 τὸ
644 1339 907 1408 ἀγνοῆσαι
934 1340 1025 1392 τὸν
1055 1340 1187 1393 Θεὸν
1206 1341 1297 1392 τὸν
1327 1341 1557 1394 θάνατον
1588 1340 1912 1410 εἰσήνεγκεν

340 1428 401 1494 ἐξ
431 1432 628 1500 ἀρχῆς.
680 1432 834 1485 Ἐπεὶ
886 1432 996 1503 γάρ
1038 1436 1066 1487 6
1128 1435 1300 1504 Ἀδὰμ
1324 1436 1424 1504 τὴν
1464 1435 1615 1489 θείαν
1644 1435 1913 1505 ἀγνοήσας

344 1522 762 1593 φιλανθρωπίαν
791 1524 1059 1593 βάσκανον
1086 1523 1221 1580 εἶναι
1249 1526 1403 1597 ᾠήθη
1426 1528 1519 1581 τὸν
1558 1526 1787 1594 ἀγαθὸν,
1817 1528 1913 1580 καὶ

339 1613 443 1681 τῆς
469 1616 660 1683 σοφίας
689 1617 1077 1686 ἐπιλαθόμενος
1105 1618 1287 1671 λαθεῖν
1321 1618 1542 1687 ἐνόμισε
1579 1618 1671 1671 τὸν
1721 1617 1911 1687 σοφὸν,

338 1705 421 1772 τῷ
456 1706 700 1778 δραπέτῃ
733 1710 1036 1778 προσετέθη
1062 1711 1153 1763 τὸν
1182 1712 1460 1781 Δεσπότην
1502 1712 1785 1781 περῖιδὼν,
1819 1713 1914 1765 καὶ

340 1792 437 1844 διὰ
463 1794 620 1847 τοῦτο
651 1794 745 1847 τοῦ
773 1798 1103 1866 παραδείσου
1135 1814 1193 1850 τε
1230 1799 1488 1868 ἀπηλάθη
1518 1799 1610 1851 καὶ
1639 1799 1737 1869 τὴν
1767 1797 1913 1867 ζωὴν

340 1883 599 1953 ἀφῃρέθη
629 1887 720 1937 καὶ
747 1885 994 1956 ὠδυνήθη
1025 1889 1117 1940 καὶ
1136 1888 1408 1942 ἀπέθανεν
1430 1905 1443 1917 ·
1492 1888 1617 1942 ὅθεν
1671 1868 1749 1958 τῷ
1780 1890 1914 1958 πρὸς
1946 1868 1988 1922 Β

341 1974 448 2043 τὴν
503 1974 647 2045 ζωὴν
703 1978 1045 2049 ἐπειγομένῳ
1090 1980 1183 2033 καὶ
1233 1982 1323 2034 τὸν
1369 1981 1502 2035 Θεὸν
1531 1983 1783 2053 ἡγεῖσθαι
1816 1982 1915 2052 τὴν

341 2067 484 2135 περὶ
511 2066 644 2119 Θεοῦ
676 2070 878 2136 γνῶσιν
911 2074 1059 2124 πᾶσα
1088 2072 1326 2144 ἀνάγκη.

418 2250 532 2303 Καὶ
552 2250 612 2304 τὸ
633 2252 987 2323 γυμνωθῆναι
1006 2253 1061 2306 δὲ
1088 2252 1345 2319 καθάπαξ
1378 2253 1472 2306 καὶ
1499 2253 1592 2306 τὸν
1608 2254 1917 2306 τελευταῖον

342 2342 689 2398 καταθέσθαι
724 2347 929 2415 χιτῶνα
956 2347 1247 2417 δείκνυμεν
1273 2347 1398 2417 ἄρτι
1434 2348 1531 2417 τῆς
1568 2350 1648 2410 είς
1677 2348 1768 2401 τὸν
1812 2364 1921 2401 πα-

346 2435 602 2504 ράδεισον
625 2440 897 2509 φερούσης
924 2441 1219 2509 ἁπτόμενοι
1244 2442 1340 2494 καὶ
1366 2441 1464 2511 τὴν
1490 2441 1728 2495 ἐνταῦθα
1747 2440 1913 2510 ζωήν.

357 2528 419 2579 't)
457 2528 559 2597 μὲν
586 2532 691 2599 γὰρ
727 2532 897 2596 ’Δδάμ
924 2534 1033 2586 ἀπὸ
1062 2536 1160 2603 τῆς
1183 2534 1503 2601 εὐδαίμονος
1525 2534 1739 2604 ἐκείνης
1763 2550 1920 2603 περι-

341 2617 513 2685 ϐολῆς
536 2621 628 2672 ἐπὶ
652 2622 751 2691 τὴν
782 2623 1064 2692 γύμνωσιν
1093 2624 1282 2689 ἐλθὼν,
1332 2626 1439 2678 ἀπὸ
1470 2625 1676 2695 ταύτης
1703 2628 1794 2679 ἐπὶ
1819 2628 1919 2697 τὴν

341 2711 541 2763 ἀθλίαν
569 2714 770 2785 ταύτην
799 2710 900 2787 ἧκε
933 2720 1152 2786 σκευήν.
1194 2720 1386 2790 Ἡμεῖς
1436 2720 1492 2771 δὲ
1523 2721 1631 2774 ἀπὸ
1655 2721 1762 2773 τῶν
1792 2722 1918 2791 δερ-

344 2806 595 2873 ματίνων
624 2808 868 2877 χιτώνων
896 2813 988 2865 ἐπὶ
1017 2811 1117 2880 τὴν
1163 2814 1445 2880 γύμνωσιν
1498 2815 1669 2878 ἰόντες
1697 2817 1788 2869 καὶ
1829 2816 1918 2869 διὰ

341 2895 639 2989 τοῦῗαύτοῦ
692 2898 999 2966 βαδίζοντες
1052 2902 1217 2971 μέσου
1248 2903 1402 2974 δῆλοι
1426 2906 1773 2975 καθέσταμεν
1822 2907 1918 2976 τὴν

342 2988 525 3057 αὐτὴν
550 2990 861 3054 ἐπανιόντες
889 2994 1008 3047 ὁδὸν
1040 2996 1133 3047 καὶ
1182 2997 1318 3065 πρὸς
1345 2997 1405 3049 τὸ
1458 2999 1670 3067 ἱμάτιον
1704 3000 1921 3067 ἐπειγό-

347 3100 510 3149 μενοι
538 3083 600 3135 τὸ
631 3085 926 3154 βασιλικὸν,
950 3090 1044 3143 καὶ
1067 3086 1191 3141 ὅθεν
1222 3092 1318 3145 καὶ
1350 3090 1419 3143 δι’
1447 3085 1521 3144 ὧν
1545 3093 1751 3155 ἐκεῖνος
1784 3110 1917 3146 κατ-

2014 622 2218 685 currit;
2240 632 2401 691 atque
2425 625 2491 677 ad
2513 622 2779 677 orientem
2806 621 3130 691 respiciens,
3147 618 3313 675 solem
3338 619 3572 690 quaerit;

2013 709 2410 780 expeditusque
2442 726 2473 766 e
2502 713 2716 782 tyranni
2750 712 3026 771 manibus.
3052 726 3231 781 regem
3272 711 3485 773 adorat,
3525 720 3579 764 et

2013 807 2321 867 contempto
2368 801 2576 870 spurio,
2626 801 2927 870 legitimum
2976 800 3263 857 Dominum
3305 803 3576 871 agnoscit,

2013 884 2089 939 illi
2133 889 2330 959 subjici
2360 900 2413 945 et
2447 900 2556 946 tota
2609 892 2793 946 anima
2844 894 3051 947 servire
3099 903 3287 961 Optat:
3344 902 3397 947 et
3452 902 3579 947 ante

2015 980 2130 1035 hare
2168 980 2220 1034 in
2250 997 2397 1047 eum,
2430 991 2490 1037 ut
2532 984 2585 1037 in
2618 984 2787 1037 Deum
2818 984 3061 1038 credere.
3095 983 3158 1037 Et
3188 984 3253 1037 ad
3283 999 3405 1036 eum
3453 1000 3576 1052 per-

2017 1070 2241 1125 tinentia
2280 1073 2581 1142 cognoscit.
2616 1072 2748 1125 Nam
2781 1081 2836 1127 et
2868 1073 2969 1126 hoc
3008 1073 3177 1126 beata?
3204 1075 3324 1126 vitae
3363 1073 3576 1125 initium

2013 1170 2118 1225 est,
2155 1177 2282 1216 vera
2315 1164 2378 1217 de
2408 1162 2517 1217 Deo
2565 1163 2825 1231 cegnitio.
2874 1181 2892 1214 ι
2937 1162 3090 1217 Scire
3142 1162 3575 1234 enimjustitiam

2013 1261 2161 1308 tuam
2207 1262 2259 1307 et
2285 1255 2537 1308 virtutem
2570 1264 2739 1317 tuam,
2759 1257 2834 1308 ait
2861 1254 3150 1317 Salomon,
3172 1254 3327 1308 radix
3356 1254 3581 1307 immor-

2014 1344 2240 1399 talitatis
2262 1347 2305 1378 ³⁷
2335 1362 2349 1411 ;
2376 1365 2393 1397 ι
2432 1347 2574 1400 sicut
2615 1346 2866 1415 ignorare
2894 1345 3085 1409 Deum,
3119 1355 3349 1398 mortem
3381 1345 3580 1398 invexit

2016 1450 2043 1487 a
2082 1435 2367 1505 principio.
2400 1437 2697 1503 Postquam
2728 1437 2873 1490 enim
2900 1437 3146 1489 Adamus
3163 1435 3402 1489 divinam
3433 1435 3583 1487 beni-

2015 1526 2273 1594 gnitatem
2328 1526 2607 1596 ignorans,
2657 1542 2782 1581 cum
2836 1528 2926 1594 qui
2977 1528 3153 1582 bonus
3181 1536 3293 1592 est,
3333 1525 3579 1580 invidum

2015 1616 2346 1671 existimavit
2373 1658 2388 1682 ,
2419 1627 2475 1672 et
2508 1618 2712 1673 oblitus
2747 1620 3049 1687 sapientiae,
3081 1634 3138 1673 se
3164 1619 3331 1672 latere
3365 1619 3582 1686 sapien-

2019 1715 2126 1761 tem
2174 1716 2259 1762 est
2306 1708 2626 1771 arbitratus,
2664 1708 2950 1763 Dominum
3006 1709 3305 1777 despicatui
3351 1707 3579 1771 ducens,

2019 1796 2245 1866 fugitivo
2276 1798 2524 1853 adhaesit.
2565 1799 2742 1869 Atque
2792 1799 2861 1854 ob
2900 1800 2951 1852 id
2999 1799 3260 1870 paradiso
3294 1800 3577 1867 expulsus,

2016 1899 2071 1943 et
2096 1890 2207 1943 vita
2249 1889 2549 1959 spoliatus,
2582 1901 2634 1945 et
2661 1891 2944 1945 doloribus
2982 1892 3313 1951 cumulatus,
3350 1900 3581 1943 mortem

2017 1981 2255 2052 denique
2307 1999 2607 2054 perpessus
2678 1992 2781 2039 est.
2834 1984 3024 2053 itaque
3084 1984 3150 2037 ad
3203 1984 3368 2036 vitam
3411 1992 3463 2036 et
3516 1980 3581 2033 ad

2018 2074 2189 2129 Deum
2221 2077 2535 2144 properanti
2582 2077 2945 2146 cognitionem
2975 2075 3042 2129 de
3070 2073 3179 2129 Deo
3209 2075 3400 2145 prmire
3424 2087 3582 2142 pror-

2016 2181 2111 2221 sus
2143 2175 2223 2221 est
2253 2166 2642 2223 necessarium.

2089 2260 2154 2314 Et
2194 2259 2322 2315 dum
2356 2261 2722 2325 denudamur,
2747 2259 3098 2326 intimamque
3137 2256 3376 2309 tunicam
3431 2253 3585 2307 exui-

2019 2367 2163 2417 mus,
2193 2366 2293 2406 nos
2319 2351 2478 2406 modo
2498 2351 2639 2405 viam
2665 2351 2717 2403 in
2740 2349 3052 2421 paradisum
3075 2348 3442 2409 ducentem,et
3466 2357 3586 2411 quae

2019 2444 2131 2499 illic
2177 2443 2394 2513 degitur
2443 2443 2611 2496 vitam
2664 2442 2944 2511 ingressos
2993 2437 3355 2494 ostendimus.
3409 2434 3584 2488 Adam

2018 2537 2161 2591 enim
2218 2550 2343 2589 cum
2384 2550 2414 2589 a
2455 2534 2628 2589 beatis
2682 2533 2789 2587 illis
2820 2532 2988 2600 septis
3019 2530 3070 2582 in
3105 2526 3407 2581 nuditatem
3442 2523 3583 2577 inci-

2020 2629 2211 2694 disset,
2252 2628 2321 2683 ab
2362 2643 2425 2682 ea
2456 2628 2523 2681 ad
2581 2626 2697 2680 hmo
2734 2623 3041 2678 miseranda
3078 2619 3382 2690 gestamina
3422 2618 3591 2671 deve-

2021 2724 2122 2777 nit.
2162 2722 2272 2775 Nos
2313 2728 2501 2774 contra
2545 2734 2574 2772 a
2621 2716 2863 2787 pelliceis
2905 2712 3104 2767 tunicis
3166 2709 3234 2764 ad
3284 2708 3585 2763 nuditatetn

2020 2815 2321 2878 venientes,
2348 2822 2401 2867 et
2432 2828 2525 2881 per
2561 2810 2702 2864 idem
2739 2808 2975 2862 medium
3008 2803 3343 2868 incedentes,
3374 2815 3471 2855 nos
3495 2813 3588 2854 eo-

2023 2909 2145 2961 dem
2192 2904 2394 2959 reverti
2428 2902 2644 2967 itinere,
2688 2910 2741 2954 et
2772 2899 2839 2953 ad
2878 2897 3082 2967 regiam
3119 2904 3322 2949 vestem
3364 2904 3587 2959 recupe-

2020 2997 2247 3051 randam
2300 2995 2560 3050 festinare
2606 2994 3049 3048 demonstramus
3079 3007 3090 3041 :
3119 2998 3174 3042 et
3206 2986 3370 3051 unde,
3415 2995 3468 3039 et
3495 2998 3589 3051 per

2022 3107 2142 3159 qua:
2188 3090 2279 3143 ille
2327 3089 2380 3142 in
2439 3088 2587 3141 hunc
2645 3085 2909 3139 mundum
2956 3081 3278 3142 descendit,
3307 3094 3407 3134 nos
3461 3077 3589 3131 hinc

345 3176 517 3243 ἦλθεν
540 3177 621 3238 είς
651 3178 741 3231 τὸν
762 3180 966 3249 κόσμον
996 3181 1207 3246 τοῦτον,
1247 3184 1410 3253 ἡμεῖς
1444 3184 1689 3238 ὲνθένδεν
1723 3188 1916 3241 ἐπανι-

2022 3184 2245 3238 reverti.
2280 3180 2362 3236 Sit
2392 3189 2572 3235 autem
2604 3188 2657 3234 et
2688 3178 2820 3232 illud
2867 3177 3085 3247 signum
3122 3172 3406 3235 nuditatis,
3444 3169 3589 3238 quod

343 3266 524 3329 ὀντες.
578 3268 676 3338 Είη
735 3269 781 3323 δ’
810 3271 876 3324 ἂν
908 3272 1158 3328 κάκείνου
1214 3279 1438 3346 σημεῖον
1463 3279 1523 3330 τὸ
1544 3278 1915 3348 γυμνωθῆναι,

342 3360 444 3411 τοῦ
482 3360 575 3413 νῦν
601 3363 860 3434 καθαρῶς
890 3366 964 3435 τῷ
990 3367 1227 3438 ἀληθινῷ
1255 3368 1395 3437 φωτὶ
1430 3370 1716 3438 προσιέναι
1750 3373 1919 3441 μηδὲν

344 3456 788 3525 ἐπιφερομένους
816 3475 829 3489 ο
858 3460 983 3512 ὅθεν
1018 3462 1048 3528 ὴ
1076 3461 1206 3513 σκιά
1235 3461 1329 3513 τοῦ
1358 3460 1613 3528 θανάτου,
1642 3465 1737 3517 καὶ
1765 3465 1801 3518 ἀ
1822 3468 1919 3535 τὴν

348 3549 637 3618 μακαρίαν
677 3552 871 3604 ἀκτῖνα
907 3552 1014 3603 τῶν
1036 3553 1223 3622 ψυχῶν
1251 3554 1361 3606 τῶν
1395 3555 1750 3623 ἀνθρωπίνων
1779 3557 1918 3609 ἀποο

346 3641 607 3711 τειχίζει,
646 3643 895 3713 καθάπερ
922 3643 990 3696 τὰ
1021 3644 1212 3713 ίμάτια
1250 3645 1451 3713 τειχίον
1479 3646 1531 3699 τί
1564 3649 1677 3700 ἐστι
1715 3648 1919 3716 μεταξὺ

345 3734 446 3785 τοῦ
479 3735 656 3803 φωτὸς
682 3735 873 3789 τούτου
904 3737 1000 3790 καλ⁵
1027 3738 1134 3790 τῶν
1161 3738 1453 3808 σωμάτων.

426 3828 537 3879 Καὶ
572 3827 678 3897 μὴν
725 3829 817 3880 καὶ
849 3830 882 3898 ἡ
917 3829 1009 3881 τοῦ
1032 3830 1215 3884 ἐλαίου
1250 3834 1431 3900 χρίσις
1471 3832 1682 3899 γένοιτο
1717 3834 1817 3903 μὲν
1856 3835 1922 3888 ἀν

343 3920 448 3972 καὶ
480 3919 641 3971 ἄλλου
671 3920 815 3981 τινὸς
839 3922 1091 3989 σημεῖον,
1116 3908 1219 3974 ’καὶ
1260 3923 1396 3991 πρὸς
1424 3922 1581 3976 τοῦτο
1613 3924 1666 3977 δὲ
1690 3919 1921 3978 ’δύναται

342 4014 563 4081 φέρειν.
614 4011 917 4082 Ἐννοῶμεν
948 4013 1056 4083 γὰρ
1104 4014 1203 4082 τὴν
1262 4014 1457 4067 Ἰακὼϐ
1494 4017 1713 4086 στήλην,
1749 4016 1816 4087 ἣν
1846 4019 1923 4089 τῷ

343 4105 523 4174 ἐλαίῳ
539 4107 735 4176 χρίσας
754 4108 1096 4176 προσήνεγκε
1130 4106 1208 4175 τῷ
1236 4106 1374 4176 Θεῷ,
1398 4110 1493 4161 καὶ
1516 4109 1642 4173 τοὺς
1667 4110 1923 4180 βασιλέας

342 4199 601 4261 καὶτοὺς
637 4198 819 4267 ίερέας
853 4199 1001 4268 αὑτῷ
1030 4198 1205 4270 τούτῳ
1239 4199 1316 4269 τῷ
1358 4202 1522 4272 κοινῷ
1554 4204 1646 4255 καὶ
1702 4203 1774 4274 τῷ
1804 4205 1923 4274 Θεῷ

343 4291 844 4360 καθιερουμένους,
894 4291 949 4343 οἵ
978 4308 1129 4357 σφισι
1162 4290 1259 4360 μὲν
1315 4292 1496 4352 αὐτοῖς
1523 4294 1791 4363 οὐδαμῶς,
1847 4299 1924 4367 τῷ

343 4380 477 4450 Θεῷ
517 4381 572 4432 δὲ
601 4380 694 4432 καὶ
749 4382 813 4448 τῇ
844 4379 1093 4449 πολιτείᾳ
1143 4377 1299 4442 ζῶσι,
1333 4381 1470 4451 πρὸς
1504 4384 1569 4452 ἢν
1590 4383 1919 4452 ἐτάχθησαν.

341 4472 465 4526 Καὶ
515 4472 679 4539 ἡμεῖς
730 4470 837 4539 γὰρ
864 4470 964 4539 τῆς
994 4469 1202 4533 οἰκείας
1234 4471 1379 4540 ζωῆς
1427 4477 1521 4527 καὶ
1551 4474 1711 4543 ἡμῶν
1742 4476 1922 4529 αὐτῶν

2022 3292 2170 3331 nunc
2198 3290 2334 3346 pure
2361 3275 2427 3329 ad
2458 3287 2645 3327 verum
2680 3272 2867 3326 lumen
2903 3269 3241 3331 accedimus,
3275 3264 3410 3318 nihil
3460 3261 3594 3316 aﬂ‘e-

2024 3380 2230 3433 rcntes,
2266 3368 2408 3422 unde
2446 3366 2637 3419 umbra
2667 3365 2857 3417 mortis
2884 3369 2936 3415 et
2974 3377 3095 3430 qua:
3123 3360 3340 3412 beatum
3376 3355 3589 3410 radium

2023 3466 2333 3519 animarum
2386 3464 2752 3517 humanarum
2804 3455 3133 3524 intercipere
3171 3460 3414 3522 queant;
3446 3451 3591 3505 sicut

2025 3556 2349 3611 vestimenta
2413 3562 2471 3607 ut
2528 3550 2777 3605 murulus
2818 3546 3041 3617 quidam
3090 3545 3232 3598 inter
3265 3544 3448 3596 lumen
3489 3543 3592 3595 hoc

2023 3659 2075 3703 ct
2098 3662 2326 3718 corpora
2357 3642 2719 3699 intercedunt.

2096 3829 2582 3885 Vcrumcnimvero
2632 3826 2735 3878 olei
2787 3823 2972 3879 unctio
3026 3831 3079 3878 et
3137 3821 3278 3875 alius
3328 3818 3406 3874 rei
3452 3818 3592 3871 indi-

2024 3920 2167 3975 cium
2203 3934 2347 3980 esse,
2382 3927 2436 3970 et
2479 3917 2738 3969 aliorsum
2792 3923 3041 3982 spectare
3082 3920 3279 3980 potest.
3313 3909 3591 3964 ltecordnr

2024 4011 2167 4064 enim
2206 4008 2406 4078 lapidis
2454 4005 2647 4068 Jacob,
2679 4019 2841 4074 quem
2887 4003 3008 4056 oleo
3039 4002 3339 4056 delibutum
3393 3998 3592 4053 obtulit

2029 4103 2138 4157 Deo
2190 4119 2202 4154 :
2250 4110 2304 4155 et
2352 4114 2507 4169 rcges
2569 4108 2621 4152 et
2663 4096 2972 4150 sacerdotes
3018 4095 3123 4149 hoc
3156 4093 3295 4162 ipso,
3339 4090 3457 4145 oleo
3506 4090 3592 4143 in-

2025 4209 2211 4263 quam,
2244 4191 2444 4261 populo
2472 4198 2523 4243 et
2549 4188 2659 4242 Deo
2691 4195 3041 4240 consecratos
3071 4202 3083 4237 :
3113 4184 3202 4251 qui
3237 4184 3340 4237 sibi
3369 4182 3589 4251 quidem

2028 4285 2368 4353 neutiquam,
2406 4280 2500 4336 sed
2535 4279 2646 4334 Deo
2696 4290 2750 4332 et
2785 4277 3098 4347 reipublica:
3130 4277 3344 4338 vivunt,
3371 4283 3594 4344 propter

2027 4392 2190 4445 quam
2228 4374 2462 4429 instituti
2500 4381 2651 4427 sunt.
2684 4368 2748 4423 Et
2774 4385 2874 4424 nos
2905 4382 3122 4437 quoque
3157 4382 3186 4419 a
3215 4370 3323 4420 vita
3352 4365 3589 4435 propria,

2029 4480 2082 4525 et
2119 4484 2149 4524 a
2184 4469 2341 4522 nobis
2377 4466 2533 4534 ipsis,
2567 4463 2675 4518 Deo
2712 4461 3093 4517 desciscimus.
3142 4457 3254 4513 lioc
3296 4468 3472 4511 autem
3510 4465 3595 4511 est

341 4571 367 4617 ὲ
386 4563 688 4631 ξιστάμεθα
710 4562 787 4631 τῷ
812 4561 932 4631 Θεῷ
954 4579 967 4592 ·
995 4562 1115 4614 τόδε
1143 4563 1260 4614 ἐστὶ
1292 4562 1349 4613 τὸ
1367 4565 1596 4617 παλαιὸν
1618 4567 1919 4623 ἀποϐαλόν-

2032 4559 2260 4629 pristina
2290 4558 2463 4610 forma
2495 4566 2731 4624 recepta,
2772 4553 2844 4606 illi
2879 4552 3087 4608 similes
3116 4550 3254 4613 ﬁeri,
3288 4560 3343 4604 et
3374 4548 3593 4619 symbo-

339 4676 450 4719 τας
486 4652 623 4718 εἶδος
667 4654 887 4725 ὁμοίους
938 4654 1091 4723 αὐτῷ
1121 4657 1395 4722 γενέσθαι,
1430 4658 1527 4711 καὶ
1569 4659 1628 4711 τὸ
1654 4660 1923 4730 σύμϐολον

340 4749 555 4799 οἰκεῖον
581 4748 676 4799 καὶ
698 4748 764 4815 τῇ
786 4745 894 4797 τῶν
916 4746 1255 4815 Χριστιανῶν
1276 4748 1566 4818 ἐπωνυμίᾳ
1591 4749 1728 4802 πάνυ
1752 4768 1922 4819 προσ-

342 4842 512 4909 ῆκον.
538 4838 822 4907 Χριόμεθα
854 4838 985 4908 γὰρ,
1015 4838 1110 4889 καὶ
1138 4830 1181 4904 ᾧ
1207 4836 1478 4908 ζητοῦμεν
1510 4842 1768 4905 ἐοικέναι,
1790 4843 1923 4913 Χρι-

346 4934 483 4995 στός
508 4934 622 4985 ἐστι
642 4934 706 5002 τῇ
741 4932 957 5001 θεότητι
992 4932 1090 5002 τὴν
1119 4932 1519 5001 ἀνθρωπότητα
1548 4934 1765 5004 χρίσας,
1799 4937 1923 4989 ἐπεὶ

343 5024 448 5076 καὶ
505 5022 667 5075 αὑτοῦ
712 5022 805 5074 τοῦ
839 5022 1140 5093 χρίσματος
1176 5021 1326 5092 αὑτῷ
1363 5024 1764 5094 κοινωνοῦμεν·
1828 5028 1922 5079 καί⁵

344 5116 467 5185 γάρ
501 5114 593 5167 τοῦ
618 5115 917 5183 χρίσματος
948 5116 1160 5167 ἐκείνου
1184 5114 1341 5168 τοῦτο
1362 5116 1421 5167 τὸ
1442 5114 1653 5185 χρίσμα
1672 5121 1921 5187 σημεῖον,

347 5208 451 5261 καὶ
478 5205 752 5259 δείκνυσιν
801 5205 829 5256 6
860 5204 1048 5267 τελῶν,
1079 5204 1146 5257 δι’
1180 5200 1255 5258 ὧν
1299 5205 1491 5275 ἐπᾴδει
1540 5206 1814 5275 χριομένῳ
1848 5207 1925 5276 τῷ

346 5298 690 5368 τελουμένῳ.
739 5296 930 5350 Ταῦτα
948 5297 1055 5366 γάρ
1100 5299 1251 5350 ἐστιν
1277 5300 1484 5361 ἐκεῖνα,
1512 5298 1579 5351 δι’
1600 5292 1674 5352 ὧν
1709 5302 1736 5352 6
1761 5300 1925 5354 Δαὸὶδ

350 5392 457 5461 τὴν
516 5390 698 5460 χρίσιν
746 5389 962 5459 ἐκείνην
1006 5390 1246 5459 ἐμήνυσε
1286 5390 1380 5443 καὶ
1428 5389 1529 5459 τὴν
1556 5391 1865 5460 βασιλείαν·
1897 5394 1926 5446 ὀ

359 5482 462 5551 μὲν
489 5481 600 5549 γὰρ
629 5482 830 5549 ἱερεὺς,
855 5499 873 5531 ι
906 5480 1156 5551 Χρίεται,
1179 5480 1368 5551 φησὶν,
1393 5474 1549 5544 οὗτος
1581 5483 1706 5551 (τὸν
1742 5484 1925 5538 τελού-

358 5588 526 5640 μενον
578 5570 786 5640 λέγων)
843 5570 1021 5623 ἔλαιον
1068 5570 1473 5638 ἀγαλλιάσεωςο
1525 5590 1543 5623 ι
1578 5573 1606 5625 6
1652 5573 1708 5626 δὲ
1737 5574 1922 5638 Δαόὶδ,

359 5677 382 5714 ι
422 5661 650 5732 Ἐχρισέ
686 5677 744 5712 σε
779 5662 981 5731 (φησὶν
1020 5659 1157 5731 πρὸς
1192 5661 1280 5716 τὸν
1321 5660 1610 5733 Σωτῆρα),
1658 5664 1685 5716 6
1714 5665 1844 5727 Θεὸς
1897 5664 1924 5716 6

435 5839 479 5868 ⁵⁷
514 5836 638 5906 Sap.
687 5853 773 5900 xv,
817 5837 866 5890 ὅ.

2031 4652 2143 4705 lum
2202 4650 2479 4720 pr0priutn
2561 4647 3111 4715 Christianorumque
3170 4642 3482 4712 cognomini
3539 4642 3591 4694 itt

2029 4743 2223 4814 primis
2265 4741 2625 4796 conveniens.
2664 4738 2933 4807 Ungimur
2955 4737 3124 4798 enim,
3151 4744 3204 4787 et
3239 4734 3397 4803 cujus
3438 4732 3594 4786 sitni-

2028 4836 2309 4889 litudinem
2339 4830 2804 4897 concupiscimus,
2844 4828 3101 4882 Christus
3129 4834 3235 4889 est,
3270 4826 3362 4894 qui
3387 4824 3595 4880 divini-

2032 4935 2140 4979 tate
2171 4926 2459 4977 humanam
2492 4928 2743 4974 naturam
2776 4918 2964 4981 unxit;
3001 4917 3270 4985 siquidem
3306 4925 3361 4969 et
3401 4915 3455 4969 in
3489 4932 3593 4969 nn-

2032 5018 2211 5073 ctione
2242 5031 2366 5071 cum
2416 5015 2535 5083 ipso
2576 5010 3100 5074 communicamus;
3148 5007 3592 5077 quandoquidem

2030 5109 2178 5163 illius
2230 5106 2506 5161 unctionis
2556 5106 2670 5159 hac
2717 5101 2902 5156 unctio
2956 5100 3171 5170 signum
3218 5108 3271 5155 et
3315 5109 3444 5156 nata
3489 5107 3592 5157 est,

2032 5201 2195 5270 idque
2244 5199 2491 5253 initiator
2555 5196 2641 5250 his
2689 5209 2811 5264 qua:
2856 5208 3020 5262 super
3064 5192 3275 5247 initiato
3320 5200 3374 5246 et
3427 5198 3593 5244 uncto
3636 5248 3639 5251 λ

2030 5292 2265 5348 recitare
2307 5288 2614 5353 consuevit,
2647 5286 2937 5357 signiﬁcat.
2979 5285 3121 5339 Sunt
3155 5284 3352 5353 quippe
3401 5281 3589 5335 eadem

2030 5384 2143 5447 illa,
2175 5398 2270 5451 per
2298 5397 2419 5451 qua:
2451 5378 2617 5433 David
2663 5377 2972 5431 unctionem
2998 5374 3203 5428 Christi
3262 5384 3595 5443 regnumque

2032 5472 2259 5528 indicat.
2315 5470 2586 5525 Sacerdos
2646 5469 2831 5533 enim,
2890 5486 2907 5518 ι
2958 5463 3193 5534 Ungitur
3246 5464 3356 5525 hic,
3391 5460 3591 5532 inquit.

2031 5566 2304 5637 (initiatus
2362 5564 2511 5633 puta)
2579 5562 2702 5617 oleo
2782 5558 3186 5616 exsultationis.
3224 5574 3242 5607 ι
3280 5554 3446 5608 David
3497 5568 3595 5607 au-

2032 5668 2166 5715 tem.
2198 5676 2219 5711 ι
2251 5656 2409 5711 cum
2447 5667 2494 5704 ιιι
2538 5654 2853 5708 raw-amv-
2886 5651 3247 5702 ε-εῑγιιιινυυηι
3287 5646 3428 5692 ’δίκης
3455 5645 3598 5696 “vus
