3992 6202
412 338 518 404 535

1658 368 1962 430 NICOLAl
1996 370 2380 431 CABASlL/E

3521 372 3626 435 536

473 456 610 514 Cum
642 471 920 529 peccatum
954 465 1146 536 duplex
1173 470 1264 534 sit,
1295 483 1350 527 et
1377 474 1427 527 in
1462 487 1752 549 utrumque
1784 482 1963 542 cadat,

2135 483 2246 552 Τῆς
2271 482 2544 551 ἁμαρτίας
2575 483 2759 554 διττῆς
2786 483 2953 551 οὔσης
2979 483 3074 537 καὶ
3107 484 3188 546 είς
3206 482 3373 553 ἄμφω
3416 484 3628 554 χωρού-

403 548 506 604 lioc
532 560 638 615 est,
692 564 746 608 et
770 555 913 609 aliud
956 557 1009 611 in
1043 560 1279 625 actione,
1324 566 1470 620 aliud
1510 570 1564 623 in
1613 548 1793 625 habitu
1834 588 1957 626 ver-

405 648 552 696 tatur
588 652 641 697 et
676 645 893 711 haereat,
948 650 1091 703 actio
1118 653 1232 721 ipsa
1284 656 1578 725 aliquando
1626 676 1744 716 non-
1782 661 1957 728 adest,

402 749 579 801 neque
609 747 812 800 manet,
866 740 959 793 sed
1012 742 1171 797 simul
1207 761 1271 801 ac
1319 756 1529 816 patrata
1560 762 1665 816 est,
1712 767 1831 807 esse
1860 753 1958 807 de-

400 822 530 873 sinit
558 860 572 884 ,
604 823 748 877 sicut
776 826 940 881 telum
974 844 1095 885 mox
1144 842 1204 887 ut
1249 836 1518 894 vibratum
1548 848 1651 907 est,
1677 843 1957 911 praeteriit.

398 914 640 982 Reliquit
678 927 861 973 autem
893 921 1089 978 vulnus
1131 939 1410 994 peccatum
1444 932 1678 987 actionis
1741 932 1828 988 bis
1861 933 1960 1003 qui

318 1013 321 1017 '
397 1004 528 1057 illud
563 1010 770 1075 operati
804 1020 954 1075 sunt,
1004 1023 1059 1067 et
1094 1017 1376 1088 vestigium
1417 1021 1799 1091 improbitatis,
1832 1038 1966 1078 con-

398 1094 667 1149 fusionem
717 1108 771 1152 et
802 1111 1010 1156 reatum
1060 1119 1253 1172 paenae.
1288 1108 1516 1167 Habitus
1549 1122 1730 1168 autem
1762 1129 1793 1169 a
1832 1128 1960 1184 per-

394 1186 569 1240 versis
600 1188 929 1258 actionibus,
961 1195 1129 1251 veluti
1159 1201 1379 1254 morbus
1419 1202 1663 1271 quidam,
1705 1213 1961 1273 corrupta

395 1275 671 1333 voluntate
696 1279 990 1339 animabus
1013 1285 1236 1351 inditus,
1270 1291 1484 1347 stabilis
1507 1302 1613 1358 est,
1645 1303 1699 1354 et
1726 1294 1965 1351 vinculis

395 1367 780 1428 insolubilibus
809 1375 1048 1431 animam
1093 1382 1368 1452 astringit,
1397 1399 1702 1456 sensusque
1729 1395 1785 1442 et
1810 1388 1962 1458 cogi-

397 1468 505 1514 tata
538 1460 590 1514 in
625 1464 942 1521 servitutem
982 1469 1193 1541 redigit,
1224 1481 1279 1527 et
1320 1485 1508 1545 captos
1540 1487 1735 1533 tractat
1776 1490 1835 1532 ut
1868 1477 1962 1547 qui

394 1551 631 1618 pessime
686 1554 740 1608 in
777 1557 1023 1614 actiones
1053 1562 1507 1623 sceleratissimas
1534 1583 1627 1624 eos
1673 1569 1964 1636 inducens,

396 1656 490 1708 per
516 1658 653 1712 quas
695 1646 811 1716 ipse
845 1649 1113 1706 conﬂatus
1149 1666 1251 1717 est,
1303 1667 1353 1710 et
1384 1673 1522 1727 quas
1556 1675 1769 1729 semper
1797 1661 1961 1731 parit,

393 1744 683 1802 generatus
708 1748 764 1794 et
790 1754 1057 1808 generans
1083 1746 1383 1801 secundum
1416 1748 1581 1814 idem,
1610 1760 1664 1805 et
1694 1751 1748 1806 in
1774 1751 1958 1806 orbem

393 1831 836 1897 quodammodo;
891 1833 1036 1888 unde
1088 1835 1273 1892 nullus
1325 1841 1587 1908 peccandi
1634 1842 1781 1910 nnis,
1832 1843 1961 1900 dum

396 1919 614 1976 habitus
700 1922 946 1978 actiones
1017 1926 1310 1995 producit,
1394 1934 1712 1989 accessione
1778 1947 1958 1991 autem

401 2010 681 2066 actionum
742 2011 959 2069 babitus
1003 2019 1284 2087 augescit:
1313 2030 1364 2074 et
1396 2019 1467 2074 ita
1499 2024 1746 2093 utrisque
1804 2026 1963 2080 malis

397 2101 631 2157 invicem
664 2113 929 2175 perpetuo
955 2108 1453 2178 progredientibus,
1495 2125 1773 2182 peccatum
1809 2118 1964 2183 vivit,

398 2206 500 2262 ego
538 2207 666 2247 vero
705 2204 958 2251 mortuus
993 2211 1114 2250 sum
1145 2215 1158 2252 :
1216 2200 1487 2269 siquidem
1520 2217 1627 2256 non
1674 2203 1813 2270 heri,
1864 2219 1965 2259 nec

397 2298 573 2354 nuper
627 2295 914 2354 peccatum
965 2288 1109 2359 cepit
1159 2290 1370 2347 initium
1402 2336 1416 2360 ,
1467 2296 1560 2349 sel
1610 2310 1678 2350 ex
1710 2312 1820 2366 quo
1854 2298 1967 2352 nati

397 2391 612 2432 sumus.
655 2378 775 2433 Mox
805 2379 949 2435 enim
983 2390 1044 2434 ut
1072 2381 1311 2439 Adamus
1342 2386 1579 2455 maligno
1611 2402 1710 2442 sua
1740 2403 1965 2443 concre-

394 2472 553 2537 didit,
598 2473 914 2546 bonumque
951 2474 1241 2531 Dominum
1285 2482 1632 2549 contempsit,
1677 2492 1732 2535 et
1768 2484 1966 2538 volun-

394 2569 507 2618 tate
538 2563 804 2619 distortus
834 2580 899 2619 ac
928 2580 1224 2635 pervorsus
1250 2578 1354 2633 est,
1384 2580 1438 2624 et
1465 2573 1645 2626 anima
1672 2573 1962 2628 sanitatem

396 2653 546 2707 illam
599 2670 665 2710 ac
712 2656 915 2711 bonum
953 2656 1197 2713 habitum
1250 2660 1508 2727 perdidit,
1559 2664 1719 2716 etiam
1768 2679 1967 2734 corpus

394 2744 583 2798 eadem
627 2745 712 2799 via
744 2747 990 2809 incessit,
1023 2763 1191 2817 seque
1226 2749 1302 2803 illi
1339 2754 1785 2819 accommodans,
1822 2755 1969 2810 sicut

396 2835 829 2890 instrumentum
869 2838 922 2891 in
956 2853 1122 2892 manu
1163 2840 1408 2902 artificis,
1441 2842 1601 2896 simul
1649 2860 1964 2913 perversum

396 2930 503 2977 est.
548 2924 743 2977 Anima
786 2940 1022 2994 namque
1063 2941 1185 2981 cum
1219 2944 1449 2999 corpore
1500 2947 1725 3004 propter
1772 2937 1967 2992 arctis-

398 3014 592 3067 siutam
647 3015 1087 3085 conjunctionem
1150 3022 1454 3091 conspirat.
1511 3022 1739 3096 Signum
1802 3029 1968 3099 hujus

398 3104 473 3156 rei
500 3105 781 3161 :rubcscit
810 3109 955 3162 enim
989 3124 1189 3179 corpus
1215 3128 1335 3166 cum
1370 3114 1517 3170 illam
1547 3117 1738 3187 pudet,
1765 3130 1817 3174 et
1838 3137 1960 3175 cum

400 3195 488 3250 illa
529 3198 828 3268 angoribus
870 3201 1176 3270 obsidetur,
1230 3207 1589 3264 contabescit.
1629 3210 1967 3267 Procedente

397 3299 580 3342 autem
619 3298 837 3356 natura,
870 3300 924 3346 et
955 3308 1157 3362 genere
1188 3306 1379 3352 nostro
1421 3317 1450 3354 a
1487 3301 1666 3370 primo
1696 3303 1790 3358 illo
1839 3322 1967 3360 eor-

400 3392 532 3447 pore
562 3377 727 3434 latius
769 3394 828 3435 se
856 3379 1195 3441 diffundente
1228 3403 1293 3441 ac
1324 3403 1657 3461 propagante
1703 3409 1799 3463 per
1845 3410 1967 3451 cor-

402 3486 535 3541 pora
572 3483 938 3540 posterorum,
990 3477 1156 3531 etiam
1202 3484 1459 3549 pravitas,
1492 3484 1640 3539 velut
1687 3486 1967 3557 quidpiam

405 3565 672 3628 naturale,
710 3566 882 3622 didita
913 3578 1016 3625 est.

471 3655 607 3722 Quia
644 3671 773 3713 vero
802 3674 1004 3729 corpus
1043 3678 1149 3718 non
1197 3667 1373 3720 solum
1414 3684 1481 3724 ex
1511 3672 1706 3729 animae
1733 3677 1971 3732 motibus

356 3804 362 3809 _
401 3747 565 3802 simul
600 3748 861 3816 afticitur,
905 3754 1001 3808 sed
1040 3766 1094 3810 et
1142 3773 1273 3813 suos
1324 3772 1448 3841 cum
1491 3777 1555 3817 ea
1599 3768 1973 3825 communicat

405 3841 628 3910 (gaudet
677 3845 822 3898 enim
879 3846 1043 3901 simul
1093 3851 1299 3917 anima,
1360 3864 1413 3907 et
1464 3855 1626 3911 simul
1672 3860 1857 3916 dolet:
1919 3872 1973 3918 et

404 3945 775 4006 temperantes
803 3941 1026 4011 quidam
1053 3955 1181 4000 sunt
1213 3956 1375 4017 atque
1408 3950 1653 4019 ingenui,
1688 3956 1815 4024 quia
1849 3972 1973 4011 cor-

407 4041 506 4092 pus
533 4027 613 4081 sic
661 4037 744 4084 est
782 4030 1031 4086 allectum
1095 4044 1149 4088 et
1175 4041 1409 4107 natum),
1440 4040 1565 4095 ideo
1614 4049 1970 4115 Sequebatur,

405 4120 568 4169 etiam
600 4120 1034 4192 uniuscujusque
1078 4126 1315 4181 animam
1358 4130 1519 4198 primi
1552 4132 1748 4188 Adami
1811 4140 1973 4193 vitio-

405 4210 622 4263 sitatem
678 4226 776 4279 pro
831 4213 1148 4269 haereditate
1196 4218 1367 4285 adire,
1405 4221 1473 4275 ab
1524 4225 1704 4279 anima
1752 4229 1971 4297 quidem

406 4300 553 4355 illius
584 4305 647 4354 ad
692 4316 912 4371 corpus,
943 4320 970 4355 a
1006 4320 1232 4374 corpore
1275 4322 1455 4365 autem
1506 4314 1655 4370 illius
1686 4318 1752 4372 ad
1794 4330 1975 4388 poste-

2063 590 2187 642 σης,
2219 576 2314 626 καὶ
2350 575 2450 642 τῆς
2477 574 2574 645 μὲν
2608 577 2667 628 ἐν
2695 577 2815 637 ταῖς
2844 573 3151 645 ἐνεργείαις
3175 574 3496 644 γενομένης,
3526 576 3630 644 τῆς

2060 666 2118 717 δέ
2153 667 2210 717 ἐν
2238 668 2303 735 τῇ
2338 665 2449 730 ’ἔξει
2477 667 2901 737 συνισταμένης,
2927 669 2961 737 ἠ
2985 668 3236 737 ἐνέργεια
3264 666 3403 736 αὑτὴ
3430 667 3528 735 μὲν
3566 668 3629 720 οὐ

2065 760 2334 829 πάρεστιν
2376 758 2569 825 ἐνίοτε,
2596 760 2716 814 οὐδὲ
2748 759 2924 830 μένει,
2954 759 3069 812 ἀλλ’
3107 758 3270 822 εὐθύς
3317 775 3376 812 τε
3414 760 3633 826 ἐγένετο

2062 853 2156 904 καὶ
2188 851 2288 905 οὐκ
2321 851 2457 917 ἐστι,
2488 852 2738 921 καθάπερ
2767 852 2921 923 βέλος
2944 852 3060 921 ἃμα
3093 851 3170 922 τῷ
3194 851 3396 920 πλῆξαι
3426 851 3633 920 παρελ-

2063 941 2154 995 θόν
2182 958 2198 973 ·
2231 942 2553 997 καταλείπει
2604 944 2662 997 δὲ
2689 944 2751 997 τὸ
2790 943 3014 1014 τραῦμα
3062 945 3178 1006 τοῖς
3211 942 3627 1013 είργασμένοις,

2061 1034 2188 1097 τοὺς
2242 1034 2450 1096 τύπους
2498 1036 2601 1106 τῆς
2656 1037 2855 1099 κακίας
2881 1037 2977 1090 καὶ
3029 1035 3127 1106 τὴν
3152 1035 3412 1106 αἰσχύνην
3442 1034 3627 1087 καὶτὸ

2064 1125 2350 1198 ὑπόχρεως
2368 1123 2510 1181 εἶναι
2532 1128 2707 1198 δίκης.
2754 1129 2817 1182 Ἦ
2844 1129 2899 1181 δὲ
2924 1129 3039 1195 Eii;
3073 1128 3182 1183 ἀπὸ
3206 1128 3341 1181 ’τῶν
3368 1124 3623 1196 πονηρῶν

2062 1218 2378 1287 ἐνεργειῶν,
2408 1218 2658 1290 καθάπερ
2683 1221 2836 1283 νόσος
2882 1221 2947 1272 ἐκ
2979 1218 3386 1289 διεφθαρμένης
3413 1216 3628 1285 διαίτης

2064 1312 2185 1374 ταῖς
2236 1312 2437 1381 ψυχαῖς
2492 1312 2802 1377 ἐντεθεῖσα,
2861 1310 3090 1381 μόνιμός
3122 1312 3239 1363 ἐστι
3270 1310 3366 1362 καὶ
3407 1308 3633 1377 δεσμοῖς

2067 1403 2293 1466 ἀλύτοις
2323 1402 2421 1471 τὴν
2450 1402 2631 1473 ψυχὴν
2653 1402 2898 1466 καταδεῖ,
2928 1402 3019 1455 καὶ
3046 1400 3412 1455 δουλοῦταιτδ
3428 1398 3635 1469 φρόνη-

2070 1512 2167 1564 μα,
2188 1495 2281 1547 καὶ
2305 1495 2375 1548 τὰ
2396 1494 2616 1548 πάντων
2634 1495 2877 1550 κάκιστα
2900 1493 3220 1563 ἐργάζεται,
3251 1492 3379 1554 τοὺς
3404 1490 3633 1550 ἁλόντας

2068 1587 2149 1648 εἰς
2178 1586 2278 1649 τὰς
2339 1588 2720 1655 πονηροτάτας
2771 1584 3055 1655 ἐνεργείας
3109 1584 3403 1651 ἐνάγουσα,
3451 1580 3522 1634 δι’
3553 1572 3633 1634 ὧν

2068 1672 2300 1740 συνέστη
2351 1675 2445 1726 καὶ
2475 1672 2542 1737 ἃς
2592 1674 2857 1731 ἑκάστοτε
2914 1673 3112 1738 τίκτει,
3170 1671 3486 1741 γεννωμένη
3536 1671 3635 1725 καὶ

2064 1763 2312 1829 γεννῶσα
2344 1762 2489 1817 κατὰ
2521 1764 2719 1817 ταύτδν
2758 1764 2948 1835 ὥσπερ
2988 1767 3045 1816 ἐν
3080 1762 3287 1834 κύκλῳ.
3317 1762 3479 1816 Ὅθεν
3504 1777 3633 1814 συν-

2064 1855 2249 1909 ἐσαινε
2305 1855 2406 1925 τὴν
2434 1855 2712 1926 ἁμαρτίαν
2752 1855 3114 1925 ἀτελεύτητον
3141 1850 3300 1920 εἶναι,
3332 1852 3433 1922 τῆς
3461 1853 3632 1918 ἕξεως

2068 1947 2166 2017 μὲν
2214 1947 2313 2011 τὰς
2364 1948 2648 2018 ἐνεργείας
2683 1947 3095 2017 ἁπογεννώσης,
3146 1948 3212 2018 τῇ
3241 1945 3528 2017 προσθήκῃ
3572 1944 3631 1997 δὲ

2064 2036 2177 2093 τῶν
2200 2039 2498 2108 ἐνεργειῶν
2524 2040 2623 2109 τῆς
2646 2039 2814 2103 ἕξεως
2841 2037 3184 2106 ἐπιδιδούσης
3206 2054 3222 2071 ο
3255 2037 3352 2091 καὶ
3384 2034 3526 2089 οὓτω
3558 2035 3631 2089 δι’

2064 2130 2309 2200 ἀλλήλων
2345 2130 2454 2183 τῶν
2499 2129 2687 2183 κακῶν
2716 2131 3042 2200 ἀμφοτέρων
3064 2128 3152 2181 ἀεὶ
3201 2125 3633 2199 προχωρούντων

2065 2224 2097 2292 ἡ
2132 2223 2230 2292 μὲν
2261 2222 2507 2293 ἁμαρτία
2528 2222 2750 2293 ἔζησεν,
2782 2221 2895 2289 ἐγὼ
2928 2222 2985 2275 δὲ
3013 2221 3308 2286 ἀπέθανον,
3337 2219 3458 2273 ἐπεὶ
3497 2216 3632 2288 μηδὲ

2065 2314 2193 2385 χθές
2223 2314 2317 2367 καὶ
2340 2312 2532 2384 πρώην
2559 2312 2762 2382 ἤρξατο
2781 2313 2842 2366 τὸ
2871 2312 3063 2374 κακὸν,
3090 2311 3205 2365 ἀλλ’
3228 2311 3288 2376 ἐξ
3312 2304 3372 2363 οὖ
3403 2308 3635 2378 γεγόνα-

2070 2422 2190 2474 μεν.
2220 2404 2340 2473 Ἀφ’
2368 2399 2431 2457 οὗ
2459 2404 2567 2475 γὰρ
2592 2402 2668 2474 τῷ
2701 2403 2925 2474 πονηρῷ
2959 2402 3258 2464 πιστεύσας
3297 2402 3325 2454 δ
3373 2401 3540 2469 Ἀδὰμ
3561 2400 3633 2452 τὰ

2067 2495 2263 2549 ἑαυτοῦ
2310 2494 2400 2550 τὸν
2443 2495 2721 2568 Δεσπότην
2753 2494 2996 2565 περιεῖδε
3043 2494 3135 2547 τὸν
3163 2492 3367 2561 ἀγαθὸν
3401 2490 3497 2545 καὶ
3531 2491 3632 2560 τὴν

2067 2590 2295 2659 γνώμην
2336 2590 2658 2661 διεστράφη,
2692 2589 2788 2641 καὶ
2820 2590 2854 2656 ἡ
2885 2586 3032 2658 ψυχὴ
3064 2587 3164 2686 την
3197 2585 3384 2686 ὑγείαν
3407 2583 3633 2686 ,ἐκείνην

2070 2681 2321 2735 ἀπώλεσε
2357 2683 2453 2735 καὶ⁸
2497 2682 2596 2753 τὴν
2643 2680 2877 2747 εὐεξίαν,
2918 2681 2976 2746 ἐξ
3007 2679 3220 2732 ἐκείνου
3249 2676 3433 2730 καὶτὸ
3472 2676 3633 2744 σῶμα

2069 2773 2269 2844 συνέϐη
2295 2775 2359 2843 τῇ
2391 2773 2538 2843 ψυχῇ
2571 2772 2666 2825 καὶ
2688 2772 2921 2842 ἥρμοσε,
2952 2769 3045 2824 καί⁵
3073 2767 3470 2836 συνδιεστράφη
3500 2763 3636 2817 καθ·-

2069 2868 2211 2935 ἀπερ
2240 2865 2471 2935 ὄργανον
2519 2866 2585 2936 τῇ
2614 2864 2709 2918 τοῦ
2740 2863 2985 2934 τεχνίτου
3017 2861 3185 2933 χειρί.
3226 2859 3491 2913 Κοινωνεϊ
3522 2857 3633 2926 γὰρ

2070 2956 2103 3025 ἡ
2134 2954 2279 3025 ψυχὴ
2305 2953 2383 3024 τῷ
2415 2951 2628 3021 σώματι
2654 2951 2763 3005 τῶν
2803 2951 2991 3005 παθῶν
3033 2950 3109 3021 τῷ
3138 2950 3323 3020 ἄκρως
3351 2946 3632 3017 ἡνῶσθαι·

2072 3052 2299 3119 σημεῖον
2332 3047 2388 3099 δέ
2423 3064 2438 3078 ·
2477 3045 2570 3098 καὶ
2599 3045 2708 3117 γὰρ
2743 3044 2974 3116 ἐρυθριᾷ
3002 3043 3102 3114 μὲν
3142 3042 3539 3112 αἰσχυνομένης
3569 3036 3632 3091 τὸ

1993 3165 2037 3222 C
2073 3140 2257 3210 σῶμα,
2297 3139 2523 3208 τήκεται
2554 3136 2609 3190 δὲ
2638 3136 2887 3206 φροντίσι
2939 3136 3039 3205 τῆς
3070 3134 3251 3204 ψυχῆς
3316 3133 3637 3202 πολιορκου-

2072 3233 2259 3303 μένης.
2308 3231 2463 3284 Ἐπεὶ
2488 3230 2544 3283 δὲ
2570 3230 2603 3299 ὴ
2628 3228 2788 3296 φύσις
2816 3226 3014 3298 ἐχώρει
3046 3228 3141 3280 καὶ
3163 3225 3357 3297 προῄει
3386 3225 3448 3278 τδ
3472 3224 3635 3291 γένος

2066 3324 2176 3378 ἀπὸ
2198 3323 2291 3376 τοῦ
2324 3322 2540 3393 πρώτου
2574 3320 2826 3391 σώματος
2848 3320 3061 3374 ἐκείνου
3086 3318 3400 3389 προδαίνον,
3422 3315 3633 3384 διεδόθη

2070 3417 2322 3486 καθάπερ
2372 3415 2501 3469 ἄλλο
2547 3431 2600 3466 τι
2629 3413 2735 3465 τῶν
2766 3411 3016 3481 φυσικῶν
3050 3412 3163 3473 τοῖς
3192 3408 3252 3476 ἐξ
3281 3410 3491 3463 ἐκείνου
3529 3408 3635 3462 σώ-

2071 3527 2207 3579 μασι
2232 3511 2325 3561 καὶ
2360 3510 2394 3578 η
2422 3508 2683 3577 πονηρία.

2155 3686 2308 3740 Ἐπεὶ
2336 3685 2392 3738 δέ
2427 3685 2486 3737 οὐ
2522 3681 2905 3753 παραπολαύει
2935 3681 3095 3751 μόνον
3126 3679 3188 3733 τδ
3227 3678 3387 3747 σῶμα
3402 3677 3513 3731 τῶν
3537 3678 3639 3745 τῆς

2070 3779 2248 3850 ψυχῆς
2277 3777 2483 3842 παθῶν,
2516 3776 2651 3830 ἀλλὰ
2681 3776 2776 3827 καὶ
2812 3773 3138 3845 μεταδίδωσι
3164 3772 3271 3825 τῶν
3296 3770 3462 3824 αὐτοῦ
3513 3770 3633 3831 (καὶ

2072 3873 2251 3943 χαίρει
2292 3871 2452 3940 γὰρὴ
2485 3869 2633 3939 ψυχὴ
2667 3869 2759 3921 καὶ
2788 3865 3037 3937 ἄχθεται,
3069 3866 3168 3918 καὶ
3205 3863 3532 3935 σωφρονικοί
3554 3871 3638 3915 τι·

2072 3964 2162 4023 νές
2193 3963 2298 4014 είσι
2332 3961 2427 4012 καὶ
2454 3958 2748 4028 ἐλευθέριοι
2770 3957 2847 4027 τῷ
2879 3955 3182 4010 διακεῖσθαι
3204 3955 3302 4008 ὡδὶ
3323 3955 3386 4007 τὸ
3425 3955 3634 4024 σῶμα),

2072 4050 2160 4102 διὰ
2184 4048 2341 4103 τοῦτο
2370 4047 2663 4101 ἀκόλουθον
2700 4043 2790 4116 ἦν,
2830 4048 2920 4098 καὶ
2948 4047 3049 4115 τὴν
3078 4044 3311 4098 ἐκάστου
3330 4044 3507 4115 ψυχὴν
3528 4044 3633 4113 τῆς

2072 4143 2164 4195 τοῦ
2186 4141 2403 4212 πρώτου
2428 4139 2600 4211 ’Δδὰμ
2616 4139 3023 4209 κληρονομῆσαι
3045 4138 3264 4202 κακίας,
3290 4136 3397 4191 ἀπὸ
3418 4138 3516 4207 μὲν
3536 4135 3639 4205 τῆς

2072 4233 2249 4314 ψυχῆς
2288 4233 2500 4284 ἐκείνου
2542 4231 2678 4300 πρὸς
2727 4230 2786 4282 τὸ
2806 4231 2962 4299 σῶμα
3001 4229 3267 4299 δοθείσης,
3313 4228 3421 4283 ἀπὸ
3446 4230 3501 4282 δὲ
3543 4226 3639 4281 τοῦ

2075 4323 2331 4392 σώματος
2359 4326 2471 4386 τοῖς
2500 4324 2559 4389 ἐξ
2583 4322 2793 4374 ἐκείνου
2827 4320 3095 4391 σώμασιν,
3117 4320 3225 4373 ἀπὸ
3261 4320 3501 4374 δἀύτῶν
3538 4338 3643 4373 σω-

403 4404 589 4445 rorum
619 4406 871 4461 corpora,
906 4402 957 4446 et
998 4394 1065 4448 ab
1116 4397 1251 4464 ipsis
1300 4404 1627 4471 corporibus
1665 4409 1730 4461 ad
1763 4410 1966 4467 animas

2077 4419 2262 4484 μάτων
2297 4414 2389 4467 ἐπὶ
2416 4413 2511 4476 τὰς
2542 4413 2719 4483 ψυχὰς
2744 4413 3064 4485 ἐρχομένης.
3118 4414 3228 4466 Καὶ
3249 4411 3409 4465 τοῦτό
3441 4414 3588 4465 ἐστιν
3611 4411 3641 4463 ὁ

404 4484 796 4535 dimanautem.
833 4482 895 4535 Et
951 4485 1029 4538 sic
1075 4495 1158 4539 est
1190 4495 1344 4544 vetus
1395 4491 1576 4560 homo,
1625 4513 1783 4566 quem
1820 4516 1966 4568 cum,

2077 4482 2305 4570 παλαιὸς
2336 4482 2648 4576 ἅνθρωπος,
2670 4506 2728 4558 ὃν
2748 4482 2970 4575 σπέρμα
3004 4482 3205 4571 κακίας
3222 4507 3331 4561 ἀπὸ
3367 4507 3475 4560 τῶν
3506 4522 3639 4575 προ-

407 4581 462 4625 ut
522 4570 833 4625 vitiositatis
891 4574 1275 4644 seminarium,
1317 4596 1345 4633 a
1402 4585 1594 4652 primis
1650 4595 1966 4657 parentibus

2079 4598 2253 4665 γόνων
2287 4570 2539 4660 λαόόνῠτες
2569 4597 2683 4664 ἅμα
2715 4596 2792 4666 τῷ
2847 4570 3012 4665 ιρύναι
3050 4570 3195 4650 ούδὲῗ
3231 4599 3361 4667 μίαν
3420 4570 3638 4667 ἡμέραν

405 4660 808 4728 acceperimus,
839 4672 1040 4717 etcum
1072 4681 1137 4720 eo
1170 4667 1222 4721 in
1258 4669 1432 4725 lucem
1464 4674 1638 4733 simus
1669 4681 1820 4747 editi,
1855 4686 1966 4739 nul-

2081 4660 2332 4759 καθαρὰν
2352 4688 2567 4757 εἴδομεν
2596 4660 2895 4756 ἁμαρτίας,
2920 4688 3041 4741 οὐδ’
3058 4660 3473 4758 ἀνεπνεύσαμεν
3489 4686 3640 4740 ἐλεύ⁴
3664 4736 3701 4762 ν

405 4754 512 4805 lum
546 4753 688 4807 diem
720 4768 944 4823 peccato
982 4774 1177 4827 purum
1212 4763 1472 4831 vidimus,
1507 4785 1607 4825 nec
1642 4788 1669 4827 a
1704 4778 1966 4842 pravitate

2082 4753 2547 4853 θεροίπονηρίας,
2588 4753 2725 4847 ἀλλ’,
2749 4782 2777 4834 ὃ
2808 4753 2971 4851 φησιν
2991 4783 3018 4834 ὁ
3044 4753 3389 4853 Προφήτηςί
3407 4800 3426 4833 ι
3464 4753 3701 4853 ὰπηλ-θεξ

404 4846 564 4899 liberi
612 4863 849 4917 unquam
902 4852 1258 4924 spiravimus,
1297 4862 1391 4913 sed
1445 4871 1502 4915 ut
1546 4863 1818 4934 Propheta
1869 4871 1967 4938 ait,

414 4955 431 4988 ι
465 4939 686 4994 alienati
720 4956 913 4998 sumus
945 4962 971 4998 a
1015 4948 1190 5011 vulva,
1226 4953 1529 5010 erravimus
1569 4957 1637 5011 ab
1674 4968 1829 5015 utero
1858 4964 1966 5033 διά»

409 5048 511 5086 nec
554 5033 759 5089 infelici
791 5037 885 5091 illo
925 5042 1275 5111 patrimonio,
1320 5058 1547 5115 peccato
1594 5051 1862 5121 videlicet,
1905 5058 1973 5113 ab

407 5125 731 5182 auctoribus
760 5130 972 5199 generis
1015 5136 1187 5187 nostri
1239 5138 1302 5191 ad
1353 5154 1455 5195 nos
1502 5155 1822 5213 propagato,
1874 5164 1973 5203 nec

410 5219 734 5276 inmeditate
795 5224 1062 5277 malorum
1120 5231 1362 5284 (Ὄιιίι-ιιῑί
1423 5232 1645 5301 fuimus,
1697 5238 1790 5291 sed
1840 5240 1976 5294 adeo

407 5310 558 5365 vitiis
589 5326 690 5365 nos
734 5311 958 5383 insuper
994 5314 1350 5383 iuservimus,
1395 5333 1449 5375 et
1478 5323 1727 5378 infandas
1757 5328 1978 5385 divitias

409 5403 881 5470 exaggeravimus,
943 5416 1003 5458 ut
1056 5409 1456 5473 posterioribus
1499 5416 1683 5483 priora
1735 5420 1979 5475 obrucri-

411 5506 555 5559 mus,
594 5492 1010 5566 imitatoresque
1039 5498 1173 5567 ipsis
1201 5504 1608 5573 exemplaribus
1639 5511 1808 5564 multo
1833 5514 1981 5567 dete-

409 5579 587 5636 riores
614 5584 975 5639 evaserimus.
1010 5586 1073 5640 Et
1099 5590 1243 5655 quod
1273 5595 1570 5653 niaximum
1594 5608 1677 5656 est
1708 5604 1974 5669 omnium,

501 5761 545 5791 "
601 5759 743 5816 I’s.-.l.
783 5780 913 5829 Lvn,
956 5768 985 5820 4
1023 5784 1131 5825 sec.
1190 5785 1315 5825 tu.

2081 4841 2458 4945 λοτριώοημεν
2509 4841 2623 4928 απὸ
2651 4841 2887 4945 μήτρας,
2932 4841 3492 4980 ἐπλανήθημενηὰπδ

2083 4964 2264 5034 στρδς,
2306 4982 2324 5013 ι
2378 4965 2438 5014 οὺ
2477 4964 2637 5033 μέχρι
2694 4965 2786 5016 τοῦ
2836 4964 3133 5034 δυστυχοῦς
3186 4965 3398 5017 ἐκείνου
3438 4964 3669 5033 κλήρου

2084 5054 2306 5118 στάντες
2337 5056 2436 5123 τῆς
2466 5057 2794 5125 προγονικῆς
2819 5056 3119 5125 ἁμαρτίας,
3156 5056 3264 5109 οὐδ’
3292 5051 3374 5119 οἷς
3416 5057 3648 5125 ἐκληρο-

2087 5148 2408 5216 νομήσαμεν
2435 5149 2826 5218 ἀγαπήσαντες
2866 5152 3080 5214 κακοῖς,
3114 5149 3230 5202 ἀλλ’
3263 5149 3407 5203 οὓτω
3438 5148 3647 5219 σφόδρα

2081 5242 2147 5309 τῇ
2178 5240 2345 5311 κακίᾳ
2371 5241 2700 5310 προσθέντες
2735 5243 2827 5294 καὶ
2886 5242 2977 5295 τὸν
3010 5243 3248 5311 πονηρὸν
3306 5242 3649 5312 αύξήσαντες

2085 5331 2338 5397 πλοῦτον,
2366 5333 2505 5386 ὥστε
2528 5336 2638 5397 τοῖς
2661 5334 2935 5406 δευτέροις
2955 5335 3275 5404 ἀποκρύψαι
3303 5334 3374 5387 τὰ
3403 5335 3648 5404 πρότερα

2088 5426 2309 5479 καὶτῶν
2350 5426 2811 5496 παραδειγμάτων
2833 5427 3013 5496 πολλῷ
3039 5429 3256 5497 χείρους
3293 5428 3420 5489 τοὺς
3469 5443 3644 5494 μιμη-

2090 5516 2369 5584 σαμένους
2390 5516 2793 5587 ἀναδειχθῆναι.
2843 5518 2952 5570 Καὶ
2982 5518 3042 5570 τὸ
3072 5518 3332 5587 μέγιστον
3364 5516 3649 5578 ἁπάντων,

2088 5610 2146 5662 οὐ
2180 5609 2286 5680 γάρ
2315 5627 2396 5672 τις
2427 5611 2643 5680 ἐγένετο
2680 5610 3140 5682 μεταξῦδιακωχὴ
3165 5610 3258 5663 τοῦ
3282 5608 3476 5673 κακοῦ,
3514 5607 3652 5662 ἀλλὰ
