3838 6192
175 344 260 405 531

1190 348 1287 408 DE
1329 349 1502 411 νιτΑ
1551 348 1630 407 IN
1673 346 2004 406 CIIRISTO
2032 348 2179 410 LIB.
2218 349 2301 408 Il.

3247 356 3350 420 538

174 461 374 532 συνεχῶς
405 461 437 531 ἡ
474 460 618 524 νόσος
655 459 852 531 ἐχώρει
871 476 885 491 ⁸
913 459 1044 527 ἴσως
1061 463 1118 517 δέ
1142 467 1234 517 καὶ
1262 465 1349 517 διὰ
1376 464 1564 517 τοῦτον
1589 462 1671 515 τὸν

1787 464 1945 516 ιιυΙΙεε
1993 463 2194 516 dantur
2245 462 2368 516 mali
2428 462 2589 532 hujus
2654 465 2923 530 inducite,
2974 466 3066 521 sed
3128 472 3348 525 morbus

168 558 298 623 λόγον
322 555 583 623 ἀμήχανον
627 550 715 623 ἦν,
760 555 821 607 τὸ
858 556 1012 624 γένος
1041 557 1149 609 τῶν
1201 557 1505 627 ἀνθρώπων
1553 554 1685 607 αὐτὸ

169 647 317 715 ἑαυτῷ
342 645 471 715 πρὸς
496 646 786 715 θεραπείαν
817 646 1069 713 ἀρκέσαι,
1120 649 1279 717 μήτε,
1320 646 1685 715 γεγευσμένον

165 737 453 809 σχεδδνούδέ
480 735 695 789 πώποτε
726 737 826 806 τῆς
853 738 1190 808 ἐλευθερίας,
1244 739 1386 808 μήτε
1438 739 1558 790 ἐπεὶ
1608 736 1684 805 μὴ

164 829 467 899 ἑπεπείρατο,
492 828 790 896 δυνάμενον
811 830 890 892 είς
926 830 1095 882 πόθον
1144 830 1319 881 ἐλθεῖν
1361 830 1455 882 καὶ⁵
1496 830 1679 897 τυχεῖν

161 920 381 988 ἐθελῆσαι
442 920 539 973 καὶ
589 921 733 975 κατά
788 921 885 990 τῆς
939 921 1253 991 τυραννίδος
1307 920 1679 988 διαναστῆναι.

160 1012 341 1073 Τούτων
363 1010 473 1065 τῶν
501 1011 899 1082 χαλεπωτάτων
937 1012 1174 1082 δεσμῶν,
1207 1010 1413 1080 ταύτης
1467 1014 1563 1080 τῆς
1592 1010 1679 1063 δί-

158 1121 255 1170 κης,
286 1103 378 1171 τῆς
409 1102 588 1166 νόσου,
610 1103 706 1156 τοῦ
733 1103 965 1157 θανάτου
994 1104 1055 1156 τὸ
1079 1104 1302 1171 λουτρὸν
1326 1103 1677 1167 ἀπαλλάττει,

156 1196 267 1247 οὕτω
292 1194 385 1264 μὲν
418 1195 640 1263 ῥᾳδίως,
668 1195 744 1258 ὡς
787 1196 921 1266 μηδέ
950 1196 1143 1266 χρόνου
1195 1197 1480 1266 δεηθῆναι,
1537 1195 1681 1249 οὕτω

153 1287 194 1339 δὲ
222 1287 514 1340 παντάπασι
532 1287 627 1338 καὶ
655 1288 898 1350 τελεῖως.
928 1287 1067 1340 ὥστε
1093 1288 1230 1359 μηδὲ
1282 1289 1426 1359 ἴχνος
1457 1288 1681 1356 λειφῠῆ-

152 1394 238 1438 ναι,
269 1375 356 1428 καὶ
386 1375 448 1428 ού
486 1376 755 1446 πονηρίας
784 1376 1123 1431 ἀπαλλάττει
1166 1376 1347 1446 μόνον,
1406 1376 1543 1429 ἁλλά
1584 1377 1681 1430 καὶ

150 1467 227 1532 τὴν
247 1465 482 1520 ἐναντίαν
514 1465 630 1530 ἕξιν
660 1468 913 1536 παρέχει.
948 1468 1123 1530 Αὐτὸς
1170 1468 1279 1537 γὰρ
1322 1469 1349 1520 ό
1395 1468 1677 1536 Δεσπότης

148 1558 199 1608 δι’
219 1551 285 1610 ὧν
318 1556 611 1619 ἀπέθανεν,
654 1556 854 1611 ἔδωκεν
882 1558 1015 1627 ⁴ἡμῖν
1074 1556 1325 1623 ἐξουσίαν
1357 1559 1679 1611 ἀποκτεῖναι

147 1647 225 1713 τὴν
254 1646 544 1716 ἁμαρτίαν,
570 1648 639 1700 δι’
662 1641 739 1701 ὧν
765 1646 822 1700 δὲ
852 1648 1079 1714 ἀνεῦἱω,
1131 1652 1232 1718 τῆς
1293 1650 1486 1715 καινῆς
1529 1648 1677 1717 ζωῆς

147 1737 336 1804 ἐποίησε
372 1737 766 1806 κληρονόμους.
805 1737 862 1790 ’0
894 1739 1002 1806 γὰρ
1030 1737 1258 1800 θάνατος
1280 1739 1507 1800 ἐκεῖνος,
1539 1736 1675 1790 καθ-

145 1827 242 1879 όσον
269 1827 360 1896 μὲν
417 1830 559 1881 αὐτὸ
583 1827 741 1880 τοῦτο
766 1827 994 1887 θάνατος
1017 1825 1108 1899 ἢν,
1140 1830 1239 1897 τὴν
1268 1829 1510 1898 πονηρὰν
1534 1827 1678 1899 ζωὴν

145 1918 442 1983 ἀποκτείνει,
476 1918 715 1971 καθόσον
742 1918 798 1971 δέ
836 1920 953 1971 ἐστι
983 1919 1137 1988 δίκη,
1164 1919 1263 1982 τὰς
1300 1918 1530 1981 εὐθύνας
1560 1918 1678 1971 λύει

146 2009 227 2060 τῶν
251 2009 687 2079 ἁμαρτημάτων,
714 2002 787 2065 ὧν
820 2009 909 2063 διὰ
951 2010 1049 2074 τάς
1098 2011 1340 2082 πονηρὰς
1394 2010 1678 2081 ἐνεργείας

146 2103 335 2166 ἕκαστος
364 2102 653 2171 ὑπόχρεως
674 2097 837 2171 ἦμεν.

196 2362 287 2414 Καὶ
312 2362 501 2415 τοῦτον
535 2362 631 2416 τὸν
662 2362 864 2434 τρόπον
890 2363 988 2433 τῆς
1040 2363 1205 2430 ἕξεως
1236 2365 1330 2418 καὶ
1375 2366 1475 2435 τῆς
1520 2368 1673 2437 ἐνερ-

144 2458 264 2523 γείας
301 2460 603 2529 συμπάσης
662 2458 943 2527 ἁμαρτίας
1005 2460 1066 2512 τδ
1118 2459 1343 2529 λουτρὸν
1400 2460 1675 2531 καθαροὺς

145 2550 413 2616 ἀποφαίνει,
438 2550 679 2603 καθόσον
707 2551 1005 2613 κοινωνοὺς
1054 2552 1200 2603 ποιεῖ
1253 2551 1349 2603 τοῦ
1408 2552 1673 2614 ζωοποιοῦ

144 2641 291 2693 τούτου
329 2641 590 2694 θανάτου.
635 2642 788 2694 Ἐπεὶ
805 2642 862 2694 δὲ
895 2642 989 2693 καὶ
1026 2642 1123 2710 τῆς
1148 2642 1495 2706 ἀναστάσεως
1545 2661 1674 2713 μετ-

143 2730 301 2800 έχομεν
340 2732 427 2785 διὰ
454 2732 522 2786 τὸ
556 2732 805 2800 λουτρὸν,
853 2731 1000 2802 ζωὴν
1039 2733 1170 2802 ἡμῖν
1219 2735 1246 2785 ὁ
1308 2734 1539 2803 Χριστὸς
1594 2734 1675 2787 δί-

142 2820 266 2874 δωσιν
292 2822 460 2893 ἀλλην
495 2824 601 2877 καὶ
633 2824 773 2894 μέλη
805 2823 1028 2877 πλάττει
1057 2825 1150 2877 καὶ
1170 2825 1431 2893 δυνάμεις
1455 2825 1673 2895 ἐντίθη-

145 2907 307 2977 σιν,ὧν
338 2915 525 2985 δεήσει
559 2916 695 2986 πρὸς
720 2915 812 2967 τὸν
842 2914 1108 2983 μέλλοντα
1142 2913 1254 2985 βίον
1293 2917 1672 2985 ἀφικομένοις.

144 3007 215 3061 Διὰ
237 3008 379 3062 τοῦτο
408 3009 522 3078 γὰρ
562 3008 670 3061 τῶν
696 3009 1065 3078 ἐγκλημάτων
1092 3007 1288 3077 ἀθρόον
1344 3008 1545 3078 λύομαι
1578 3010 1671 3061 καὶ

143 3096 216 3161 τὴν
239 3098 410 3165 ὑγείαν
440 3099 652 3152 αὐτίκα
685 3098 971 3167 λαμϐάνω,
1012 3098 1249 3167 μάλιστα
1283 3098 1381 3166 μέν
1411 3100 1496 3151 ὅτι
1528 3098 1666 3150 Θεοῦ
1695 3116 1739 3171 c

143 3187 348 3259 καθαρῶς
370 3189 564 3260 ἔργον,
598 3189 657 3242 ὃν
681 3191 781 3243 οὐκ
812 3190 889 3242 ἔνι
913 3190 1089 3260 χρόνῳ
1134 3188 1424 3253 δουλεύειν,
1476 3189 1669 3241 ἔπειτα

145 3281 235 3334 οῦδὲ
257 3282 342 3336 νῦν
373 3277 432 3336 εὗ
471 3284 632 3336 ποιεῖ
658 3282 717 3335 τὸ
746 3283 921 3350 γένος,
963 3282 1049 3334 ῖνα
1089 3284 1184 3335 καὶ
1221 3282 1417 3350 χρόνου
1473 3281 1666 3350 δεήσῃ,

146 3371 300 3428 ἀλλἐὗ
333 3375 668 3445 πεποίηκεν.
695 3374 769 3426 Οὐ
796 3374 906 3443 γὰρ
930 3372 1025 3426 νῦν
1051 3373 1234 3425 δίδωσι
1265 3373 1365 3442 τὴν
1406 3372 1564 3442 δίκην
1593 3365 1668 3425 ὧν

142 3464 393 3535 ἥμαρτονὸ
454 3466 769 3534 Δεσπότης,
811 3466 935 3520 οὐδὲ
985 3463 1082 3517 νῦν
1130 3465 1531 3528 κατασκευάζει
1572 3465 1668 3534 τὴν

144 3556 337 3624 ἰατρείαν
361 3560 455 3610 καὶ
486 3557 631 3625 μέλη
656 3556 885 3609 πλάττει
936 3554 1031 3608 καὶ
1063 3554 1322 3623 δυνάμεις
1372 3553 1667 3623 ἐντίθησιν,

140 3648 225 3698 ἀλλ’
253 3649 447 3702 ἔπλασε
481 3648 587 3701 καὶ
614 3648 840 3718 ἐνέθηκε
876 3650 968 3702 καὶ
997 3664 1127 3700 κατε
1140 3646 1429 3701 σκεύασεν.
1462 3645 1581 3713 Ἀφ’
1606 3638 1668 3697 οὗ

139 3738 220 3808 γὰρ
249 3742 319 3801 εἰς
347 3742 435 3793 τὸν
486 3740 728 3809 σταυρὸν
783 3738 950 3809 ἀνέϐη
992 3740 1087 3792 καὶ
1125 3738 1365 3791 ἀπέθανε
1407 3738 1500 3789 καὶ
1573 3738 1672 3790 ἀν-

139 3828 265 3897 έστη,
301 3831 655 3902 ήέλευθερία
674 3831 783 3884 τῶν
838 3829 1149 3900 ἀνθρώπων
1184 3829 1444 3898 κατέστη,
1472 3829 1567 3881 καὶ
1609 3826 1671 3880 τὸ

141 3913 248 3981 εἶδος
284 3924 455 3974 καὶτὸ
491 3922 695 3984 κάλλος
719 3922 975 3990 συνέστη,
1007 3921 1104 3975 καὶ
1144 3920 1214 3973 τά
1241 3920 1336 3973 νέα
1370 3920 1506 3988 μέλη
1538 3934 1673 3970 κατ-

140 4011 423 4081 εσκευάσθη.
485 4010 609 4063 Νῦν
638 4011 693 4063 δὲ
730 4010 1046 4079 προσελθεῖν
1081 4010 1163 4062 δεῖ
1190 4010 1349 4074 μόνον
1379 4010 1469 4061 καὶ
1500 4025 1671 4077 προσ-

142 4105 328 4167 αγαγεῖν
350 4105 471 4165 ταῖς
493 4104 710 4171 χάρισιο
739 4102 833 4153 καὶ
855 4100 1012 4155 τοῦτο
1043 4103 1176 4171 ἡμῖν
1204 4101 1429 4153 δύναται
1455 4100 1514 4151 τὸ
1536 4100 1669 4151 λου-

142 4190 257 4258 τρόν,
277 4196 507 4263 συνάψαι
527 4196 650 4255 τοὺς
672 4194 897 4262 νεκροὺς
914 4196 979 4262 τῇ
1001 4193 1137 4261 ζωῇ,
1158 4195 1222 4262 τῇ
1250 4189 1670 4262 ὲλευθερίᾳτοὺς

141 4282 427 4353 δεδεμένους,
452 4288 584 4347 τοὺς
617 4284 1043 4352 διεφθαρμένους
1072 4286 1141 4353 τῇ
1173 4282 1419 4351 μακαρία
1460 4284 1665 4351 μορφῇ.

144 4374 195 4425 Ὗὸ
219 4376 394 4445 λύτρον
442 4375 628 4443 ἐδόθη,
673 4377 768 4427 νῦν
822 4374 1063 4443 λυόμεθα
1123 4374 1300 4442 μόνον*
1362 4375 1422 4426 τὸ
1495 4374 1664 4443 μύρον

144 4468 281 4539 ὲχέθη,
308 4471 399 4523 καὶ
442 4472 477 4539 ἡ
508 4469 706 4520 εὐωδία
742 4468 800 4518 τὸ
836 4468 941 4519 πᾶν
969 4466 1198 4534 κατέσχε
1242 4482 1256 4498 ο
1295 4465 1524 4519 πνεῦσαι
1550 4468 1661 4519 λεί-
1690 4438 1742 4496 D

147 4575 265 4611 τίεται
291 4561 464 4629 μόνον,
508 4558 709 4629 μᾶλλον
752 4557 807 4609 δὲ
837 4557 958 4609 οὐδὲ
994 4555 1231 4623 πνεῦμα.
1293 4555 1402 4606 Καὶ
1431 4555 1537 4624 γὰρ
1603 4557 1664 4607 τὸ

145 4648 352 4703 δᾷνασθαι
384 4650 617 4704 πνεῦσαι
645 4649 796 4717 παρὰ
816 4647 909 4700 τοῦ
938 4646 1191 4715 Σωτῆρος
1223 4645 1660 4713 κατεσκευάσθη,

148 4744 282 4794 καὶτὸ
310 4744 566 4796 δύνασθαι
596 4740 822 4806 λυθῆναι
862 4740 955 4791 καὶ
993 4738 1053 4790 τὸ
1081 4736 1340 4790 δύνασθαι
1383 4736 1662 4805 φωτισθῆ-

147 4850 227 4885 ‘rlt.
249 4837 344 4888 Kal
371 4836 478 4905 γὰρ
502 4835 564 4887 ού
596 4833 711 4901 φῶς
739 4829 981 4885 ἀνέτειλε
1016 4830 1176 4899 μόνον
1207 4829 1287 4890 εἰς
1318 4828 1408 4880 τὸν
1455 4828 1661 4897 κόσμον

148 4923 296 4988 ἐλθὼν,
329 4929 459 4980 ἀλλὰ
490 4928 585 4978 καὶ
615 4923 892 4992 ὀφθαλμὸν
937 4919 1336 4983 κατεσκεύασε,
1396 4919 1491 4971 καὶ
1513 4922 1572 4971 ού
1604 4920 1663 4972 τὺ

150 5015 283 5084 μύρον
306 5019 479 5087 ἐξέχεε
500 5020 678 5085 μόνον,
702 5015 835 5067 ἀλλὰ
856 5013 951 5066 καὶ
981 5011 1143 5079 αἴσθῃ
1153 5026 1238 5062 σιν
1265 5009 1457 5062 ἔδωκε·
1492 5010 1586 5060 νῦν
1606 5009 1662 5060 δὲ

149 5108 191 5155 τὸ
218 5109 340 5175 ἱερὸν
375 5110 532 5173 τοῦτο
561 5108 788 5177 λουτρὸν
819 5104 1045 5166 ταύταις
1093 5104 1214 5163 ταῖς
1252 5101 1538 5168 αἰσθήσεσι
1564 5102 1665 5154 καὶ

149 5199 239 5260 ταῖς
262 5199 505 5270 δυνάμεσι
529 5203 653 5261 τοὺς
686 5197 1041 5264 λελουμένους
1078 5194 1363 5246 συνάπτει.
1394 5191 1661 5261 Καθάπερ

152 5288 234 5354 γὰρ
258 5289 345 5359 ὖλη
372 5292 603 5352 ἀνείδεος
646 5289 739 5342 καὶ
763 5288 1011 5356 ἄμορφος
1042 5285 1121 5345 είς
1141 5282 1201 5335 τὸ
1230 5281 1376 5351 ὕδωρ
1398 5282 1662 5335 καταδυό·

158 5394 272 5444 μενοι
292 5384 462 5449 τοῦτο,
497 5386 549 5435 ἐν
571 5380 719 5451 αύτῷ
744 5381 819 5448 τῷ
841 5377 990 5447 καλῷ
1013 5375 1483 5445 περιτυγχάνομεν
1498 5376 1652 5430 εῖδει.

1790 553 2011 606 assidue
2041 553 2229 622 serpit.
2268 552 2332 605 Et
2363 552 2599 607 fortasse
2635 566 2855 623 propter
2893 558 3033 611 hanc
3078 560 3342 613 rationem

1788 658 1960 712 genus
2016 643 2313 698 humanum
2373 644 2550 713 ipsum
2621 660 2681 699 se
2735 661 2929 700 curare
2982 648 3131 703 nullo
3186 654 3347 704 modo

1789 740 2023 801 poterat,
2070 733 2213 801 quod
2262 748 2541 802 nunquam
2599 737 2984 803 propemodum
3040 737 3343 801 libertatem

1787 822 2136 892 gustavisset,
2172 838 2368 893 neque.
2414 837 2535 877 cum
2570 837 2851 892 expertum
2886 842 2995 881 non
3043 838 3209 889 esset,
3261 830 3346 882 vcl

1785 911 1852 966 ad
1884 912 2213 967 desiderium
2249 912 2439 966 saltem
2490 913 2635 967 illius
2675 916 3009 985 pertingere,
3054 927 3108 971 et
3145 921 3342 971 volnu-

1784 1012 1951 1058 tatem
2004 1003 2271 1058 libertatis
2327 1004 2579 1073 assequi,
2642 1016 2943 1077 contraque
3002 1009 3387 1101 tyrannidem,

1784 1110 2078 1167 exsurgere
2108 1106 2313 1165 posset.
2360 1095 2442 1149 Ab
2474 1096 2623 1150 hisce
2657 1097 2890 1153 vinculis
2928 1100 3243 1162 teterrimis,
3275 1103 3343 1153 ab
3372 1095 3378 1165 ἐ

1786 1189 1889 1242 hoc
1922 1188 2211 1259 supplicio.
2252 1189 2321 1244 ab
2366 1189 2468 1245 hoc
2502 1190 2713 1253 morbo,
2764 1191 2831 1244 ab
2863 1192 2965 1245 bac
3002 1202 3173 1246 morte
3216 1193 3337 1245 fons
3371 1214 3378 1269 ξ

1790 1276 1896 1329 iste
1927 1275 2121 1329 liberat
2149 1293 2165 1342 ;
2195 1284 2250 1331 et
2297 1276 2371 1330 ita
2404 1276 2620 1347 quidem
2667 1276 2825 1333 facile
2877 1290 3038 1349 atque
3068 1281 3343 1347 expedite,

1785 1374 1846 1420 ut
1876 1381 1975 1421 nec
2008 1374 2252 1435 tempore
2273 1368 2543 1438 indigeat,
2573 1378 2791 1437 tamque
2816 1371 2971 1430 plene
2998 1386 3061 1424 ac
3085 1370 3341 1440 perfecte,

1786 1465 1847 1511 ut
1877 1473 1946 1512 ne
1974 1456 2264 1526 vestigium
2297 1458 2515 1526 quidem
2554 1458 2919 1527 relinquatur.
2962 1458 3067 1513 Nec
3095 1461 3271 1514 SUIUIII
3314 1476 3344 1512 a

1783 1548 2081 1603 vitiositate
2119 1548 2335 1613 liberat,
2363 1550 2454 1602 sed
2484 1550 2729 1603 habitum
2763 1565 2980 1620 quoque
3007 1551 3344 1605 contrarium

1785 1640 2085 1713 ingenerat.
2131 1640 2252 1710 lpse
2284 1640 2429 1695 enim
2483 1641 2743 1695 Dominus
2793 1657 2887 1710 per
2922 1658 3151 1697 mortem
3188 1658 3344 1697 suam

1781 1732 1988 1801 peccati
2024 1732 2306 1787 occidendi
2342 1740 2664 1801 potestatem
2717 1735 2878 1789 nobis
2927 1735 3096 1797 dedit,
3147 1746 3200 1789 et
3251 1751 3347 1804 per

1783 1824 2245 1879 resurrectionem
2276 1825 2399 1879 vita:
2436 1839 2589 1880 nova:
2624 1826 2863 1881 ltaaredes
2892 1827 3151 1881 instituit.
3190 1826 3344 1881 Mors

1782 1914 2048 1984 siquidem
2093 1915 2181 1969 illa
2218 1926 2491 1983 quatenus
2532 1918 2633 1972 hoc
2672 1920 2848 1986 ipsum
2877 1926 2982 1983 est,
3016 1934 3164 1976 mors
3192 1921 3344 1975 vide-

1780 2006 1927 2069 licet,
1965 2008 2127 2060 vitam
2193 2009 2434 2076 peccatis
2479 2010 2772 2062 obnoxiam
2816 2019 2868 2063 et
2898 2011 3158 2079 peccandi
3192 2012 3335 2065 habi-

1780 2109 1892 2155 tum
1949 2100 2232 2156 interimit.
2286 2102 2572 2169 Quatenus
2622 2105 2943 2173 supplicium
2998 2114 3102 2171 est,
3152 2121 3344 2176 pmnas

1778 2204 2125 2264 peccatorum
2178 2194 2340 2257 tollit,
2396 2195 2598 2263 quibus
2646 2202 2866 2265 pr0pter
2912 2197 3190 2251 actionum
3224 2211 3342 2265 per-

1777 2284 2087 2336 versitatem
2121 2282 2474 2336 debebamur.

1846 2374 2024 2442 Atque
2073 2372 2138 2427 ad
2194 2372 2338 2427 hunc
2396 2372 2614 2426 modum
2671 2372 2741 2426 ab
2797 2374 2947 2427 omni
3002 2372 3223 2426 habitus
3289 2377 3344 2425 et

1776 2465 2011 2518 actionis
2072 2471 2296 2529 peccato
2352 2462 2631 2517 lavacrum
2699 2463 2800 2517 hoc
2856 2478 3023 2532 puros
3082 2472 3339 2531 praestat,

1776 2564 2046 2626 quatenus
2074 2570 2172 2610 nos
2210 2556 2374 2626 hujus
2405 2555 2636 2610 viviﬁcze
2665 2556 2855 2610 mortis
2885 2554 3184 2623 participes
3222 2555 3342 2606 red-

1776 2648 1876 2702 dit.
1915 2647 1977 2701 Et
2014 2647 2269 2716 quoniam
2319 2661 2417 2716 per
2467 2647 2794 2701 lavationem
2848 2647 2987 2701 hanc
3032 2648 3194 2700 etiam
3257 2660 3343 2698 re-

1775 2739 2131 2794 surrectionis
2178 2738 2514 2791 consortium
2570 2737 2906 2800 obtinemus,
2959 2737 3069 2790 vita
3102 2752 3202 2790 nos
3234 2737 3341 2789 alia

1777 2830 2031 2883 Christus
2076 2829 2262 2891 donat,
2318 2837 2372 2883 et
2424 2826 2667 2882 membra
2726 2827 2901 2893 lingit,
2954 2836 3007 2880 et
3056 2826 3341 2880 facultates

1776 2920 1933 2985 indit,
1993 2919 2192 2987 quibus
2240 2917 2310 2971 ad
2367 2916 2608 2971 futuram
2661 2918 2826 2969 vitam
2891 2916 3151 2986 profectis
3201 2929 3341 2984 opus

1773 3011 1897 3065 erit.
1937 3009 2147 3064 Idcirco
2182 3009 2327 3064 enim
2367 3017 2421 3063 et
2458 3008 2783 3064 criminibus
2830 3008 3016 3061 statim
3063 3006 3339 3069 absolvar,

1771 3109 1826 3153 et
1868 3097 2159 3152 sanitatem
2202 3112 2329 3151 mox
2370 3098 2690 3167 adipiscor,
2749 3099 3008 3159 maxime,
3062 3096 3187 3164 quia
3246 3095 3338 3149 Dei

1772 3190 1943 3245 solius
1984 3204 2124 3258 opus
2154 3197 2257 3251 est,
2310 3188 2405 3259 qui
2442 3188 2677 3259 tempmi
2712 3198 2766 3243 et
2816 3205 2981 3241 mora:
3014 3204 3121 3242 non
3163 3197 3342 3256 potest

1771 3280 2006 3350 alligari.
2040 3278 2247 3334 Deinde
2299 3295 2477 3349 neque
2524 3295 2668 3333 nunc
2698 3280 2878 3348 generi
2931 3287 3122 3333 nostro
3173 3278 3341 3331 bene-

1769 3373 1898 3427 facit
1946 3375 2043 3435 ita,
2101 3380 2160 3425 ut
2204 3381 2448 3441 tempore
2502 3382 2691 3441 egeat,
2747 3372 2840 3424 sed
2890 3370 3177 3425 benefecit.
3220 3368 3337 3422 Non

1767 3464 1914 3518 enim
1970 3476 2113 3515 nunc
2153 3477 2342 3531 pmnas
2378 3460 2645 3516 Dominus
2700 3461 2798 3513 luit
2842 3476 3031 3514 eorum
3065 3475 3185 3528 qua:
3210 3474 3337 3526 pec-

1768 3554 2055 3609 cavimus:
2097 3569 2274 3623 neque
2326 3568 2470 3606 nunc
2511 3552 2832 3607 medicinam
2866 3560 3041 3621 parat,
3071 3560 3128 3606 et
3170 3558 3333 3604 (nem.

1767 3648 1865 3703 bra
1916 3648 2136 3707 format,
2168 3656 2223 3699 et
2268 3645 2412 3699 vires
2443 3644 2614 3707 addit,
2665 3643 2758 3696 sed
2804 3642 2915 3708 jam
2959 3642 3236 3704 formavit,
3283 3650 3337 3694 et

1766 3739 1998 3801 addidit,
2033 3746 2087 3792 et
2117 3736 2348 3806 paravit.
2382 3736 2453 3789 Ex
2496 3752 2604 3804 quo
2635 3735 2779 3789 enim
2811 3734 2864 3786 in
2892 3749 3110 3788 crucem
3143 3747 3336 3786 ascen-

1770 3832 1872 3893 dit,
1930 3829 2298 3897 spiritumqne
2358 3826 2553 3881 efﬂavit
2587 3866 2601 3888 ,
2657 3833 2711 3879 et
2770 3824 3048 3878 redivivus
3109 3822 3333 3891 prodiit,

1769 3919 2050 3973 hominum
2103 3918 2329 3970 libertas
2380 3916 2716 3981 constituta,
2766 3914 3083 3983 speciesque
3126 3921 3180 3966 et
3218 3912 3334 3981 pul-

1767 4012 2024 4066 chritudo
2085 4008 2413 4073 conciliata,
2471 4018 2525 4063 et
2574 4022 2712 4061 nova
2772 4006 3014 4060 membra
3066 4005 3329 4058 adornata

1769 4110 1920 4156 sunt.
1983 4099 2218 4153 Tantum
2277 4098 2537 4153 accedere
2616 4107 2671 4150 et
2717 4112 2837 4151 sese
2892 4096 3078 4162 gratiae
3132 4094 3332 4149 offerre

1767 4208 1904 4261 opus
1939 4200 2043 4245 est.
2095 4189 2160 4244 Et
2204 4188 2349 4243 istud
2396 4189 2449 4242 in
2489 4187 2647 4242 nobis
2681 4188 2984 4256 baptismus
3018 4186 3217 4253 ellicit,
3274 4194 3331 4237 ut

1766 4286 2022 4340 nimirum
2060 4292 2307 4337 mortuos
2341 4297 2465 4336 cum
2502 4282 2632 4344 vita,
2684 4294 2738 4336 et
2768 4283 2982 4335 vinctos
3014 4296 3136 4335 cum
3168 4280 3333 4332 liber-

1770 4384 1901 4439 tate,
1965 4374 2228 4428 informes
2287 4382 2341 4428 et
2389 4383 2675 4440 corruptos
2736 4388 2859 4427 cum
2940 4370 3094 4425 beata
3158 4368 3330 4423 forma

1766 4467 2080 4536 conjungat.
2114 4465 2458 4520 Persolutum
2478 4474 2558 4520 est
2580 4464 2812 4533 pretium
2841 4480 2855 4516 :
2888 4478 3034 4516 nunc
3063 4471 3271 4516 tantum
3302 4476 3331 4512 e

1765 4559 2001 4614 vinculis
2027 4557 2261 4611 eximus.
2299 4556 2646 4625 Unguentum
2677 4555 2902 4608 eﬂusum
2934 4565 3037 4618 est,
3068 4566 3120 4608 et
3147 4554 3330 4606 mluris

1766 4646 2064 4718 fragrantia
2098 4646 2389 4715 complevit
2427 4647 2543 4699 loca
2576 4645 2795 4699 omnia:
2843 4645 3021 4698 solum
3052 4656 3107 4697 ut
3136 4644 3186 4697 id
3216 4644 3332 4712 spi-

1766 4755 1950 4795 remus
1981 4739 2325 4805 relinquitur.
2358 4736 2469 4789 lmo
2507 4752 2573 4789 ne
2612 4735 2760 4788 istud
2803 4736 3067 4803 quidem;
3107 4751 3229 4787 nam
3277 4746 3332 4787 ct

1765 4831 1976 4900 spirare
2008 4844 2191 4896 posse,
2223 4844 2251 4880 a
2293 4828 2571 4881 Salvatore
2609 4826 2765 4879 nobis
2795 4835 3164 4893 comparatum
3201 4835 3283 4878 est
3310 4862 3327 4887 ,

1766 4923 1911 4977 sicut
1945 4934 2105 4988 posse
2129 4919 2356 4983 exsolvi,
2386 4917 2526 4971 sicut
2555 4931 2717 4985 posse
2762 4917 3080 4969 illuminari.
3121 4916 3329 4969 Etenim

1767 5014 1854 5066 lux
1889 5027 1998 5064 non
2048 5012 2223 5083 solum
2253 5019 2369 5063 orta
2407 5018 2461 5061 et
2516 5010 2569 5061 in
2621 5008 2884 5062 mundum
2937 5009 3181 5077 ingressa
3225 5016 3331 5070 est,

1766 5105 1860 5159 sed
1884 5114 1939 5158 et
1971 5104 2188 5157 oculum
2223 5104 2304 5156 sui
2336 5100 2550 5155 videndi
2579 5101 2784 5154 creavit
2814 5116 2828 5166 ;
2858 5115 2956 5153 nec
2990 5106 3325 5165 unguentum

1766 5196 2150 5251 tantummodo
2190 5195 2402 5257 elludit,
2432 5193 2524 5247 scd
2570 5193 2812 5261 ejusdem
2854 5207 3071 5262 quoque
3107 5204 3328 5244 sensum

1766 5288 2009 5343 donavit.
2059 5286 2217 5341 Nunc
2267 5294 2518 5341 sanctum
2576 5285 2719 5337 istud
2778 5285 3050 5337 lavacrum
3116 5282 3333 5333 ablutos

1766 5376 2077 5445 hujusmodi
2135 5375 2392 5430 sensibus
2428 5381 2481 5427 et
2512 5373 2858 5428 facultatibus
2900 5372 3157 5426 devincit.
3193 5364 3328 5419 Nam

157 5480 200 5521 ut
239 5476 443 5529 maletia
494 5476 669 5543 specie
729 5486 924 5526 carens
960 5480 1011 5524 et
1052 5468 1305 5523 informis
1354 5469 1407 5521 in
1460 5486 1656 5540 aquam
1734 5474 1876 5527 hanc
1947 5470 2339 5538 demergimur,
2395 5476 2448 5521 et
2507 5468 2560 5522 in
2612 5471 2727 5538 ipsa
2779 5466 3008 5520 formam
3038 5462 3328 5534 quamdam

159 5568 408 5635 elegantem
441 5574 759 5641 reperimus.

214 5667 292 5716 Διὰ
309 5668 473 5722 ταῦτα
502 5672 671 5725 πάντα
690 5675 823 5741 ἡμῖν
843 5671 1032 5739 ἁθρόεν
1066 5669 1341 5722 ἀνατέλλει
1361 5668 1425 5719 τὰ
1451 5667 1650 5733 ἀγαθὼ

165 5761 647 5819 προκατεσκεύασεαι
680 5765 810 5836 γάρ·
852 5783 867 5814 ι
910 5764 981 5816 Τὸ
1018 5761 1238 5835 ἄριστόν
1298 5777 1395 5827 μου
1430 5758 1656 5827 ἡτοίμα.

1838 5664 1917 5718 Ob
1950 5663 2063 5717 bzec
2102 5660 2284 5715 subito
2329 5659 2491 5713 nobis
2537 5663 2869 5711 enascuntur
2912 5654 3051 5708 bona
3102 5653 3327 5715 omnia;

1766 5764 1895 5816 sunt
1941 5756 2085 5810 enim
2127 5752 2276 5823 prius
2328 5761 2665 5821 praeparata:
2733 5765 2748 5793 ι
2781 5745 3078 5804 Prandium
3142 5761 3323 5804 meum
