3838 6192
509 355 615 419 539

1766 362 2077 421 NlCOLAl
2109 362 2198 420 CA
2212 363 2498 421 BASlL/E

3579 383 3660 445 55.0

511 484 761 544 paratum
796 473 911 539 'est,
971 476 1109 527 tauri
1166 475 1269 528 mei
1350 483 1404 528 et
1460 476 1629 529 altilia
1685 478 1866 530 occisa
1926 487 2075 537 sunt,

2200 493 2325 537 πται,
2355 480 2402 530 οἱ
2432 477 2625 544 ταῦροί
2673 495 2775 548 μου
2798 480 2893 533 καὶ
2922 478 2985 533 τὰ
3012 483 3238 547 σιτιστὰ,
3265 488 3405 554 φησι,
3445 491 3663 559 τεθυμένα

511 568 709 635 inquit.
758 575 809 619 et
843 567 1024 619 omnia
1065 576 1290 632 parata;
1344 568 1524 621 venite
1571 568 1635 619 ad
1685 569 1898 636 nuptias
1949 569 2011 622 ⁸⁵.
2053 586 2073 621 ι

517 657 630 712 lloc
660 658 833 711 solum
869 667 1060 719 restat,
1120 668 1176 710 ut
1211 659 1384 710 vorati
1427 659 1492 710 ad
1526 659 1627 712 hoc
1663 658 1859 713 festum
1888 674 2081 722 occur-

511 757 657 801 rant.
699 742 1124 799 Occurrentihus
1184 756 1366 799 autem
1404 748 1532 815 quid
1574 749 1788 801 tandem
1847 749 1909 801 ad
1958 748 2079 802 feli-

511 839 728 891 cita'em
782 837 962 890 adhuc
1023 837 1214 892 dee~se
1269 841 1512 908 poterit?
1561 840 1705 893 Nihil
1760 842 1966 911 utique.
2020 840 2076 895 lu

511 938 739 981 venturo
772 929 973 997 quippe
1005 931 1206 983 smcnlo
1267 933 1440 1000 parati
1490 931 1554 985 ad
1588 933 1867 986 Christum
1921 947 2079 987 acce-

513 1021 692 1073 dimus
718 1036 732 1085 ;
763 1030 818 1072 at
853 1036 999 1074 nunc
1044 1022 1266 1089 quidem
1316 1039 1437 1076 cum
1484 1026 1907 1087 accesseriincs,
1938 1041 2076 1094 prae-

513 1128 789 1180 paramur.
824 1110 975 1165 Tunc
1006 1128 1229 1180 prorsus
1261 1116 1630 1168 necessarium
1664 1118 1789 1180 erit,
1820 1118 2078 1171 oumibus

514 1200 677 1252 rebus
732 1211 1032 1254 Instructos
1088 1191 1384 1266 accedere;
1444 1205 1496 1255 in
1548 1206 1802 1272 praesenti
1858 1221 2081 1261 necesse

513 1301 618 1352 est,
655 1300 708 1343 ιιι
751 1300 1037 1359 postquam
1077 1295 1489 1354 accvssvrimus,
1537 1296 1720 1349 otnnia
1751 1298 1950 1365 quibus
1985 1313 2081 1351 nos

516 1384 715 1436 instrui
744 1394 986 1450 oportet,
1016 1385 1369 1452 accipiamus.
1406 1385 1559 1439 Tunc
1591 1388 1752 1440 fatuis
1782 1391 2083 1458 virginibus

516 1476 582 1528 ad
636 1490 898 1542 sponsum
956 1477 1137 1530 aditus
1197 1492 1301 1529 nou
1359 1478 1603 1545 patebit;
1656 1479 1742 1533 hic
1779 1494 1960 1534 autem
2015 1482 2080 1534 ad

520 1568 829 1619 convivium
881 1577 929 1621 et
996 1571 1406 1636 propinationes
1464 1578 1642 1625 vocat.
1722 1570 1879 1625 Tunc
1935 1574 2081 1626 enim

517 1673 626 1709 non
662 1656 881 1710 dabitur
933 1668 1206 1711 mortuum
1249 1661 1591 1724 reviviscere,
1631 1659 1934 1715 luminibus
1986 1672 2081 1715 or-

519 1748 706 1802 batum
759 1751 1022 1817 aspicere,
1072 1750 1433 1804 deformatum
1488 1767 1552 1806 ac
1589 1752 1856 1821 perditum
1907 1752 2085 1808 denuo

519 1842 745 1896 formari
769 1857 833 1895 ac
864 1844 1072 1911 refingi.
1105 1849 1199 1898 Ast
1231 1844 1282 1895 in
1314 1845 1415 1896 hoc
1445 1845 1541 1897 aevi
1576 1846 1849 1900 curriculo
1876 1854 2085 1900 tantum

516 1922 774 1987 voluntas
827 1941 881 1988 et
928 1916 1095 1988 animi
1153 1935 1405 1989 alacritas
1490 1939 1806 2005 requiritur,
1864 1947 1919 1993 et
1975 1940 2091 1994 hac

518 2024 701 2078 omnia
742 2036 1173 2095 consequuntur.
1232 2028 1320 2080 Ait
1386 2030 1575 2082 enim:
1646 2048 1664 2079 ι
1698 2031 1805 2098 Ego
1858 2031 1976 2083 verti
2034 2030 2086 2084 in

520 2118 806 2184 mundum,
831 2126 889 2170 ut
923 2120 1086 2171 vitam
1125 2119 1440 2180 habeant“,
1484 2138 1501 2171 ι
1535 2130 1614 2183 et,
1651 2141 1667 2170 ι
1705 2119 1819 2172 Lux
1858 2121 2008 2174 venit
2037 2122 2088 2174 iu

519 2206 784 2260 mundum
827 2209 893 2261 ⁸⁷.
923 2226 940 2257 ι
986 2208 1164 2278 Atque
1205 2209 1315 2262 Ιιίυρ
1356 2210 1620 2262 immensa
1666 2209 1754 2264 Dei
1784 2211 2093 2279 benignitas

519 2306 621 2361 est,
658 2299 837 2351 omnia
881 2299 1057 2367 ipsum
1101 2303 1436 2368 praestitisse,
1483 2317 1576 2369 per
1607 2318 1726 2369 qua:
1761 2318 1789 2355 e
1818 2303 2096 2356 calamita-

521 2388 667 2444 tibus
733 2392 934 2445 nosuis
998 2393 1167 2461 erepti
1232 2408 1480 2445 sumus:
1555 2394 1846 2461 reliquisse
1909 2402 2089 2447 tamen

520 2482 824 2551 quidpiam,
878 2482 1022 2553 quod
1092 2485 1156 2537 ad
1209 2484 1510 2538 libertatem
1546 2487 1646 2554 ipsi
1693 2488 2090 2552 conferremus,

522 2589 718 2642 nempe
774 2575 1002 2639 salutem
1061 2585 1304 2647 nostram
1369 2576 1641 2644 baptismo
1704 2578 2090 2640 committere,

520 2666 764 2732 wlleque
800 2666 1081 2728 accedere,
1119 2678 1174 2718 ut
1202 2668 1328 2721 hinc
1368 2668 1525 2722 nobis
1558 2679 1727 2723 totum
1774 2671 2090 2738 imputetur,

524 2759 958 2826 meritorumque
1010 2775 1235 2811 suorum
1274 2762 1326 2812 in
1366 2776 1465 2814 nos
1509 2761 1830 2814 collatorum
1859 2764 2093 2830 gratiam

525 2849 681 2903 nobis
710 2849 923 2901 debeat.
965 2848 1194 2903 Proinde
1226 2865 1349 2903 cum
1385 2851 1481 2902 loti
1537 2852 1826 2905 confestim
1860 2853 1995 2908 ferte
2028 2855 2095 2909 de

523 2944 633 2994 vita
690 2942 1009 3005 exierimus,
1073 2943 1207 2996 nihil
1268 2945 1553 2998 uobiscum
1609 2956 1803 3016 praeter
1856 2947 2093 3016 sigillum

527 3035 840 3097 aﬂ'ercntes,
870 3036 1096 3102 perinde
1132 3050 1194 3088 ae
1246 3035 1291 3089 si
1333 3051 1429 3104 pro
1462 3038 1596 3091 istoc
1634 3054 1801 3108 regno
1835 3039 2099 3094 certavis-

528 3142 735 3190 smius,
777 3127 845 3180 ad
885 3143 1118 3182 coronas
1153 3139 1327 3183 vocat.

601 3216 811 3283 Quibus
859 3219 1026 3287 igitur
1055 3220 1236 3281 maiis,
1286 3223 1862 3293 quemadmodumque
1889 3224 2100 3283 animas

528 3309 834 3378 baptismus
869 3311 1136 3377 absolvat,
1167 3330 1229 3366 ex
1265 3313 1427 3368 dictis
1461 3316 1672 3367 clarum
1704 3325 1806 3369 est.
1842 3316 2103 3381 Quando-

530 3403 750 3471 quidem
793 3419 921 3457 vero
959 3416 1011 3458 et
1045 3405 1208 3458 vitam
1252 3405 1546 3474 quamdam
1591 3406 1778 3459 tribuit
1846 3423 1942 3476 per
1975 3424 2099 3462 eum

530 3495 624 3561 qui
655 3496 972 3559 resurrexit,
1010 3510 1130 3565 age,
1183 3512 1431 3565 quamam
1481 3498 1553 3550 sit
1593 3496 1684 3549 illa
1724 3498 1831 3551 vita
1878 3499 2103 3553 investi-

529 3600 745 3655 gemus.
780 3585 871 3640 Est
912 3587 1079 3656 igitur
1107 3586 1307 3640 rationi
1352 3599 1803 3662 consentaneum.
1839 3606 1946 3643 non
1982 3606 2105 3644 esse

529 3692 652 3731 eam
715 3694 878 3745 quam
949 3681 1100 3747 prius
1157 3679 1503 3744 vivebamus,
1564 3681 1657 3734 sed
1711 3697 1774 3735 ea
1827 3683 2103 3737 meliorem

534 3780 851 3837 naturaeque
882 3772 1182 3841 propriam.
1216 3770 1352 3825 Nam
1384 3773 1429 3827 si
1467 3774 1706 3842 priorem
1735 3774 1915 3829 adhuc
1946 3775 2108 3844 dege-

532 3878 740 3926 remus,
773 3865 902 3933 quid
934 3865 1168 3932 amplius
1215 3866 1380 3919 etiam
1433 3867 1571 3920 mori
1612 3881 1745 3935 opus
1780 3869 1968 3922 esset?
2009 3867 2104 3921 Sin

535 3954 719 4019 aliam,
753 3956 892 4008 idem
926 3957 1219 4021 valentem,
1253 3957 1353 4010 hoc
1389 3972 1495 4012 non
1547 3967 1667 4012 erat
1708 3974 2013 4027 resurgere.
2050 3957 2107 4012 Si

535 4040 864 4113 angelicam,
902 4047 1030 4115 quid
1070 4048 1228 4102 nobis
1262 4064 1555 4103 commune
1589 4065 1711 4104 cum
1751 4050 1900 4105 illis?
1932 4050 2108 4104 Homo

535 4137 681 4189 enim
715 4137 900 4205 lapsus
934 4147 1051 4203 est;
1096 4139 1309 4208 lapsmn
1355 4149 1536 4195 autem
1573 4156 1696 4196 esse
1723 4142 2022 4207 hominem,
2054 4153 2109 4198 et

537 4235 912 4297 resurgentem
942 4230 1055 4283 ﬁeri
1090 4231 1366 4298 angelum,
1395 4233 1497 4286 hoc
1519 4248 1625 4286 non
1656 4242 1802 4286 esset
1831 4233 2106 4287 hominem

537 4318 850 4371 reformari.
901 4318 1369 4383 Quemadmodum
1441 4331 1638 4376 statua:
1688 4323 1935 4378 contritae
1998 4341 2107 4379 non

538 4410 741 4481 effigies
769 4409 1029 4475 humana,
1055 4411 1146 4464 sed
1172 4412 1277 4465 alia
1301 4413 1546 4480 qua-dam
1577 4415 1746 4470 facies
1771 4416 2106 4485 imponitur:

539 4510 593 4554 ct
623 4501 724 4555 hoc
758 4510 840 4556 est
875 4500 927 4554 in
958 4502 1103 4555 aliud
1147 4505 1511 4573 quodcunque
1557 4502 1815 4566 formare.
1848 4523 1953 4561 non
1993 4518 2109 4563 sta-

542 4602 689 4647 tuam
751 4595 1070 4650 rél'ormare.
1121 4594 1292 4659 Quam
1343 4595 1411 4650 ob
1446 4609 1664 4651 causam
1723 4598 1992 4667 sequitur,
2055 4611 2114 4655 ut

539 4689 649 4739 tha
682 4687 797 4741 haec
829 4695 884 4741 et
910 4685 1171 4752 humana,
1208 4696 1263 4740 et
1316 4702 1473 4752 nova,
1507 4697 1559 4741 et
1587 4699 1905 4759 antegressa
1942 4692 2115 4745 hone-

543 4776 685 4829 Stior
717 4776 1018 4843 meliorque
1065 4777 1158 4838 sit,
1201 4791 1321 4845 qua:
1353 4777 1536 4830 omnia
1570 4778 1625 4831 in
1663 4783 1777 4832 sola
1811 4778 2113 4833 Salvatoris

542 4867 655 4919 vita
683 4868 1047 4935 reperiuntur.
1086 4868 1179 4920 Est
1230 4869 1374 4922 enim
1427 4885 1584 4933 nova,
1636 4871 1892 4938 quoniam
1943 4872 2113 4924 veteri

546 4959 704 5013 aliine
749 4961 884 5013 nihil
936 4960 1119 5014 habet.
1173 4959 1383 5022 Melior.
1421 4970 1686 5030 quantum
1719 4964 2113 5031 comprehendi

548 5056 731 5108 animo
763 5068 870 5106 non
905 5064 1125 5122 potest;
1159 5067 1243 5108 est
1267 5056 1409 5108 enim
1441 5055 1549 5107 vita
1591 5053 1707 5108 Dei.
1740 5053 1959 5110 Naturae
1995 5071 2118 5123 pro—

548 5146 687 5215 pria,
716 5146 976 5214 quoniam
1008 5153 1123 5198 erat
1152 5144 1259 5198 vita
1313 5145 1570 5208 hominis,
1608 5154 1661 5198 ct
1696 5147 1785 5213 qui
1822 5160 1943 5199 eam
1980 5146 2121 5199 vive-

549 5241 666 5305 bat,
718 5240 863 5294 sicut
920 5248 1038 5291 erat
1090 5237 1254 5301 Deus,
1315 5238 1384 5292 ita
1439 5238 1599 5292 verus
1657 5249 1779 5292 item
1831 5239 2016 5302 homo,
2068 5248 2120 5291 et

551 5338 773 5398 propter
807 5328 1105 5383 humanam
1151 5339 1398 5382 naturam
1452 5329 1601 5382 omni
1638 5336 1862 5398 peccato
1894 5342 2117 5381 vacans.

556 5420 924 5486 Quamobrem
981 5421 1142 5474 nobis
1188 5420 1392 5474 renatis
1443 5419 1649 5475 Christi
1699 5422 1867 5472 vitam
1918 5418 2120 5471 exoriri

558 5513 717 5581 plane
766 5512 1135 5567 necessarium
1188 5520 1293 5566 est.
1330 5508 1412 5565 Ob
1454 5510 1503 5564 id
1532 5524 1751 5581 quoque
1793 5508 1999 5579 peccati
2033 5524 2128 5562 cx-

563 5615 742 5667 vertes
775 5603 844 5657 ab
884 5618 1023 5673 aqua
1053 5602 1154 5658 ista
1181 5601 1541 5657 discedimus.
1568 5600 1724 5666 Quod
1753 5607 1808 5655 et
1839 5600 1966 5654 hinc
1995 5599 2129 5653 satis

639 5781 684 5812 “
737 5781 924 5837 Matth.
978 5801 1109 5851 nu,
1147 5784 1200 5842 4.
1280 5784 1328 5816 ⁸⁸
1371 5779 1531 5838 Joan.
1567 5796 1621 5849 π,
1682 5780 1769 5834 10.

2186 569 2282 620 καλ⁸
2312 568 2489 621 πάντα
2520 570 2740 639 ἕτοιμα,
2776 571 2931 625 δεῦτε
2959 574 3042 636 εἰς
3090 576 3211 638 τοὺς
3241 578 3451 647 γάμους.
3480 602 3496 633 ι
3528 568 3668 642 Τοῧτο

2180 666 2244 733 τῇ
2276 666 2434 734 ἑορτῇ
2470 665 2719 723 λείπεται
2749 668 2931 736 μόνον,
2968 670 3275 729 ἀπαντῆσαι
3302 676 3418 737 τοὺς
3446 680 3667 747 κεκλημέ-

2168 757 2326 819 ’νουςο
2349 757 2700 828 ἀπαντήσασι
2726 759 2782 813 δὲ
2807 760 2947 824 τίνος
2975 761 3052 814 ἐτι
3079 763 3253 833 δεήσει
3273 767 3398 835 πρὸς
3423 770 3509 837 τὴν
3531 772 3670 826 εὐδαι-

2185 847 2404 915 μονίαν;
2435 849 2657 912 Οὐδενὸς
2688 850 2811 921 ἤδη.
2848 853 2968 903 Ἐπὶ
3005 853 3103 921 μὲν
3154 856 3257 925 γὰρ
3297 859 3382 911 τοῦ
3440 863 3671 928 μέλλοντος

2181 938 2377 1001 αἰῶνος
2417 942 2971 1009 παρασκευασάμενοι
3020 949 3419 1015 προσερχόμεθα
3457 953 3524 1022 τῷ
3568 957 3674 1023 Χρι-

2183 1025 2317 1095 στῷ,
2371 1028 2466 1080 νῦν
2521 1028 2578 1081 δὲ
2613 1031 3147 1100 παρασκευαζόμεθα
3179 1036 3553 1101 προσελθόντες
3579 1042 3673 1094 τότε

2185 1116 2281 1185 μὲν
2307 1116 2412 1184 γάρ
2448 1116 2659 1187 ἀνάγκη
2684 1118 2859 1171 πάντα
2891 1119 3114 1187 ἔχοντας
3149 1125 3468 1190 προσελθεῖν,
3516 1129 3591 1180 ἐπὶ
3630 1133 3674 1184 δὲ

2182 1207 2274 1258 τοῦ
2306 1206 2574 1274 παρόντος
2623 1208 2836 1277 ἀνάγκη
2865 1210 3255 1278 προσελθόντας
3302 1216 3461 1266 πάντα
3512 1220 3673 1275 λαϐεῖν.

2182 1301 2280 1352 Διὰ
2313 1301 2470 1353 τοῦτο
2498 1302 2802 1369 τηνικαῦτα
2823 1305 2921 1371 μὲν
2942 1307 3060 1366 ταῖς
3095 1309 3298 1372 μωραῖς
3319 1308 3418 1359 τῶν
3444 1311 3676 1377 παρθένων

2182 1393 2280 1444 οὐκ
2313 1393 2577 1462 είσιτητὸς
2600 1396 2627 1447 6
2653 1393 2902 1462 νυμφὼν,
2941 1396 3034 1447 ἐπὶ
3057 1397 3112 1447 δὲ
3136 1395 3226 1449 τοῦ
3256 1400 3498 1466 παρόντος
3525 1404 3676 1464 αἰῶνος

2182 1482 2308 1544 τοὺς
2345 1483 2587 1553 ἄφρονας
2613 1486 2706 1538 ἐπὶ
2749 1486 2848 1556 τὴν
2887 1486 3124 1555 εὐωχίαν
3157 1493 3249 1540 καὶ
3280 1489 3372 1558 τὴν
3418 1490 3679 1559 φιλοτησὲαν

2184 1577 2360 1629 καλεῖ.
2409 1576 2541 1628 Τότε
2580 1577 2679 1645 μὲν
2705 1577 2813 1649 γὰρ
2868 1579 2967 1631 οὐκ
3009 1582 3151 1641 ἐστι,
3206 1582 3393 1651 νεκρδν
3437 1585 3680 1638 ἀναῦιὼναι

2187 1667 2276 1720 καὶ
2316 1664 2519 1736 τυξρλὸν
2553 1668 2745 1738 βλέψαι
2774 1669 2870 1723 καὶ
2893 1670 3289 1740 διεφθαρμένον
3309 1675 3681 1744 ἀναπλασθῆναι,

2120 1801 2165 1859 Β
2190 1758 2266 1828 τῷ
2294 1759 2351 1812 δὲ
2375 1759 2476 1829 βίῳ
2507 1760 2682 1831 τούτῳ
2699 1761 2973 1828 θελήσεως
3005 1764 3088 1815 δεῖ
3123 1760 3275 1829 μόνον
3295 1765 3386 1816 καὶ
3413 1766 3683 1834 προθυμίας,

2195 1849 2289 1901 καὶ
2313 1849 2379 1902 τὰ
2409 1852 2583 1903 πάντα
2605 1851 2906 1904 ἀκολουθεῖ’
2946 1871 2963 1902 ι
2999 1850 3204 1905 ’Ἦλθον
3248 1853 3372 1923 γάρ,
3428 1856 3587 1924 φησὶν,
3627 1858 3687 1916 si;

2194 1943 2287 1994 τόν
2318 1942 2543 2010 κόσμον,
2576 1942 2659 1994 ῐνα
2687 1941 2832 2013 ζωὴν
2865 1943 3048 2012 ἔχωσι”
3094 1963 3111 1995 ι
3165 1945 3279 2008 καὶ,
3334 1965 3352 1995 ι
3377 1945 3483 2008 Φῶς
3512 1948 3579 2008 είς
3620 1948 3689 1999 τὸν

2197 2032 2399 2099 κόσμον
2427 2030 2673 2101 ἐλήλυθε.
2714 2051 2731 2083 ι
2766 2033 2872 2084 Καὶ
2897 2033 3055 2085 τοῦτο
3094 2034 3150 2085 δὲ
3177 2034 3273 2100 τῆς
3295 2036 3514 2104 ἀρρήτου
3538 2037 3690 2105 φιλαν-

2198 2123 2462 2193 θρωπίας,
2507 2123 2566 2176 τὸ
2592 2125 2769 2179 πάντα
2803 2126 2967 2177 αὑτὸν
2996 2112 3383 2196 εἰργασμένον,
3437 2126 3496 2179 δι’
3517 2120 3581 2180 ὧν
3602 2128 3694 2178 ἐλύ-

2199 2213 2319 2281 θην,
2370 2215 2691 2267 καταλιπεῖν
2736 2233 2787 2267 τι
2843 2217 2933 2268 καὶ
2978 2219 3112 2284 ἡμῖν
3168 2218 3246 2280 εἰς
3290 2217 3382 2287 τὴν
3438 2216 3692 2285 ἐλευθερίαν

2198 2308 2546 2373 εἰσενεγκεῖν,
2596 2307 2730 2358 αὐτό
2758 2307 2816 2357 τὸ
2850 2308 3143 2360 πιστεῦσαι
3191 2310 3265 2377 τῷ
3301 2309 3597 2377 βαπτίσματι
3620 2311 3692 2375 τὴν

2201 2396 2477 2465 σωτηρῖαν
2531 2397 2624 2448 καί
2655 2396 2881 2462 θελῆσαι
2938 2384 3276 2465 προσελθεῖν,
3309 2398 3391 2450 ἵνα
3418 2399 3512 2449 ἀπὸ
3533 2398 3691 2450 τούτων

2197 2486 2411 2554 ἡμῖντὸ
2453 2484 2835 2554 πᾶνλογισθῇ,
2884 2488 2977 2538 καὶ
3022 2482 3098 2540 ὧν
3148 2478 3307 2550 αὐτὸς
3357 2483 3410 2540 εὖ
3458 2489 3691 2557 πεποίηκε,

2201 2576 2292 2627 καλ⁸
2324 2575 2550 2627 ’τούτων
2583 2578 2775 2648 ὀφείλῃ
2808 2578 2985 2646 χάριν.
3019 2580 3133 2631 Καὶ
3163 2580 3338 2631 τοίνυν
3363 2579 3560 2630 ἐπειδὰν
3595 2594 3725 2645 aute.

2201 2667 2267 2735 δῇ
2326 2667 2682 2736 λελουμένους
2749 2669 2909 2730 εὐθὺς
2976 2670 3265 2732 ἀπελθεῖν,
3343 2668 3495 2736 μηδὲν
3554 2669 3695 2735 ἕτερον

2200 2760 2577 2826 ἐπαγομένους
2623 2759 2654 2827 ἦ
2684 2760 2783 2827 τὴν
2839 2761 3163 2837 σφραγῖδα,
3191 2762 3281 2813 ἐπὶ
3308 2761 3424 2821 τοὺς
3459 2761 3696 2824 στεφάνους

2201 2851 2358 2905 καλεί
2407 2851 2659 2920 καθάπερ
2714 2850 2856 2920 ὑπὲρ
2881 2852 2979 2920 τῆς
3006 2850 3290 2921 βασιλείας
3316 2851 3504 2921 ταύτης
3539 2850 3695 2917 ἡγωνι-

2204 2942 2459 3013 σμένους.

2269 3202 2374 3261 *Ων
2409 3210 2506 3278 μὲν
2531 3206 2624 3262 οὖν
2672 3208 2733 3261 τδ
2766 3206 3046 3279 βάπτισμα
3099 3211 3193 3264 καὶ
3241 3213 3387 3273 ὅπως
3443 3210 3529 3271 τὰς
3564 3206 3701 3276 ψυχᾶς

2203 3300 2554 3363 ἀπαλλάττει,
2602 3299 2778 3353 ταῦτά
2808 3302 2978 3353 ἐστιν’
3037 3303 3162 3356 ἐπεὶ
3223 3304 3281 3355 δὲ
3326 3304 3414 3355 καὶ
3450 3301 3578 3370 ζωήν
3611 3313 3701 3350 τινα

2204 3391 2435 3460 παρέχει
2458 3390 2548 3442 διά
2595 3390 2688 3442 τὸν
2714 3392 3050 3456 ἀναστάντα,
3088 3392 3342 3462 ζητῶμεν
3388 3393 3466 3456 τίς
3510 3395 3630 3443 ἐστιν
3679 3390 3699 3457 ἡ

2204 3482 2341 3550 ζωή.
2381 3479 2538 3534 Ἔστι
2576 3483 2675 3550 μὲν
2707 3477 2799 3534 οὖν
2834 3481 2982 3544 εἰκὸς
3014 3482 3091 3553 μὴ
3132 3483 3336 3551 ταύτην
3365 3478 3512 3543 εἷναι,
3537 3480 3637 3532 καθ’
3655 3479 3701 3547 ἣν

2207 3573 2475 3643 πρότερον
2506 3571 2738 3641 ἓζωμεν,
2771 3572 2976 3625 καλλίω
3010 3573 3068 3624 δὲ
3099 3575 3197 3645 τῆς
3234 3575 3509 3644 προτέρας,
3543 3570 3706 3624 οίκείαν

2204 3664 2261 3718 δὲ
2294 3667 2362 3735 τῇ
2396 3668 2576 3733 φύσει.
2609 3665 2675 3716 Εί
2700 3664 2799 3732 μὲν
2820 3664 2930 3734 γὰρ
2958 3667 3060 3734 τὴν
3091 3667 3365 3736 προτέραν
3388 3667 3475 3717 καὶ
3496 3663 3576 3716 νῦν
3616 3662 3705 3729 ἔχο-

2208 3773 2330 3826 μεν,
2375 3756 2428 3810 τί
2456 3757 2562 3809 ἔδει.
2592 3759 2686 3809 καὶ
2714 3757 3090 3827 ἀποθνήσκειν
3115 3776 3129 3824 ;
3186 3759 3247 3810 El
3273 3759 3328 3811 δὲ
3351 3757 3506 3823 ἄλλην
3534 3754 3592 3808 τὰ
3604 3750 3707 3804 αὐτὰ

2206 3848 2535 3919 δυναμένην,
2569 3849 2728 3902 τοῦτο
2753 3850 2852 3920 μὲν
2882 3846 2978 3903 οὖν
3009 3852 3113 3904 οὐκ
3144 3847 3211 3921 ἦν
3254 3850 3566 3917 ἀναστῆναι·
3608 3842 3707 3895 εἰδὲ

2207 3941 2306 4010 τὴν
2368 3940 2688 4009 ἀγγελικὴν,
2768 3942 2821 3993 τί
2853 3942 3035 3994 κοινὸν
3093 3944 3227 4010 ἡμῖν
3281 3941 3413 4009 πρὸς
3475 3937 3704 3993 ἑκείνουςζ

2212 4031 2535 4102 Ἀνθρωπος
2572 4032 2680 4103 γὰρ
2723 4033 2752 4083 6
2775 4032 2977 4084 πεσὼν·
3002 4032 3064 4084 τὸ
3096 4033 3154 4084 δὲ
3198 4031 3478 4101 ἀνθρώπου
3506 4028 3710 4081 πεσόντος

2209 4125 2444 4192 ἄγγελον
2493 4122 2632 4177 εἶναι
2656 4124 2749 4177 τὸν
2804 4125 3196 4192 ἀνιστάμενον,
3230 4124 3322 4176 τὸν
3356 4121 3610 4191 ἄνθρωπον
3634 4115 3710 4166 οὐκ

2207 4210 2276 4285 ἦν
2307 4214 2763 4269 ἀναπλάττεσθαι.
2798 4214 3187 4283 Παραπλήσιον
3219 4214 3325 4281 γάρ
3349 4213 3523 4280 ὥσπερ
3548 4211 3587 4261 εί
3615 4224 3709 4260 συνο

2209 4306 2491 4374 τριϐέντος
2520 4305 2840 4376 ἀνδριάντος
2870 4307 2972 4358 οὐκ
2997 4306 3292 4376 ἀνθρώπου
3330 4305 3521 4374 μορφὴ,
3551 4290 3712 4353 ἀλλἐἴ-

2211 4399 2299 4461 δος
2336 4398 2522 4466 ἕτερον
2555 4396 2838 4450 ἐπετίθετο
2868 4396 2947 4467 τῷ
2973 4398 3161 4467 χαλκῷ
3182 4414 3198 4429 ’
3231 4398 3386 4450 τοῦτο
3412 4395 3511 4465 γὰρ
3551 4388 3608 4459 ἦν
3629 4391 3710 4439 ὁτι·

2213 4489 2308 4544 οὖν
2336 4489 2465 4544 ἀλλο
2491 4489 2767 4552 πλάττειν,
2798 4488 2857 4542 οὐ
2915 4489 3008 4541 τὸν
3050 4488 3345 4557 ἀνδριάντα
3385 4480 3710 4538 ἀναπλάττειν.

2213 4583 2312 4635 Διὰ
2341 4581 2513 4636 ταῦτα
2545 4580 2839 4633 ἀκόλουθόν
2872 4581 2986 4632 ἐστι
3022 4581 3122 4650 τὴν
3147 4579 3290 4648 ζωὴν
3324 4577 3517 4643 ταύτην
3542 4572 3711 4633 ἀνθρω-

2215 4674 2375 4727 πείαν
2406 4690 2466 4725 τε
2497 4667 2637 4725 εἶναι
2665 4672 2759 4725 καὶ
2789 4672 2916 4723 νέαν
2955 4671 3049 4724 καὶ
3075 4672 3175 4739 τῆς
3220 4671 3475 4740 προτέρας
3534 4660 3711 4716 καλλίω⁸

2214 4765 2385 4819 ταῦτα
2417 4765 2473 4817 δὲ
2521 4765 2698 4816 πάντα
2739 4766 2873 4835 μόνῃ
2921 4763 3208 4830 συμϐαίνει
3272 4764 3335 4830 τῇ
3376 4760 3464 4812 τοῦ
3517 4754 3715 4817 Σωτῆρος

2217 4857 2354 4928 ζωῇ.
2390 4856 2569 4927 Καινὴ
2599 4856 2697 4925 μὲν
2722 4856 2853 4925 γὰρ,
2908 4857 2987 4907 ὅτι
3018 4855 3155 4925 πρὸς
3207 4853 3306 4925 τὴν
3337 4850 3552 4905 παλαιὰν
3600 4840 3717 4934 οὐδὲν

2219 4949 2396 5002 κοινὸν
2420 4944 2553 5015 εἷχε,
2585 4946 2812 4998 καλλίων
2838 4945 2894 4997 δὲ
2925 4945 3035 4997 οὐδ’
3055 4947 3179 4998 ὅσον
3208 4940 3555 5010 ἐνθυμηθῆναι
3577 4951 3590 4965 υ
3610 4934 3715 4983 θεον

2220 5042 2351 5109 γὰρ,
2388 5042 2453 5108 τῇ
2490 5038 2649 5106 φύσει
2709 5037 2767 5090 δὲ
2804 5037 2999 5090 οἰκεία.
3060 5037 3171 5089 Καὶ
3207 5035 3314 5102 γὰρ
3369 5028 3432 5102 ἦν
3482 5024 3717 5092 ἀνθρώπου

2221 5136 2357 5206 ζωὴ,
2394 5135 2488 5187 καὶ
2535 5138 2562 5188 6
2590 5132 2794 5200 ταύτην
2826 5132 2975 5199 βιοὺς
3010 5130 3261 5198 καθάπερ
3294 5126 3440 5187 Θεὸς,
3491 5120 3613 5173 οὕτω
3650 5111 3720 5162 καὶ

2221 5229 2321 5295 τῆς
2355 5228 2568 5294 φύσεως
2603 5225 2767 5277 ἕνεκα
2796 5224 2896 5292 τῆς
2919 5221 3264 5292 ἀνθρωπείας
3286 5215 3509 5286 καθιρὸς
3544 5207 3719 5300 amns

2220 5315 2291 5390 ἦν
2325 5318 2620 5388 ἁμαρτίας’
2653 5316 2861 5369 τούτων
2894 5315 3057 5368 ἕνεκα
3089 5316 3239 5366 πᾶσα
3291 5309 3495 5375 ἀνάγκη
3543 5301 3626 5368 τὴν

2226 5380 2462 5480 ἀριστοθ
2497 5406 2640 5477 ζωὴν
2674 5405 3142 5475 ἀναγεννωμένοις
3168 5403 3297 5471 ἡμῖν
3329 5392 3625 5451 ἀνατέλλειν.
3652 5380 3720 5480 διὰ

2226 5472 2383 5556 τοῦτο
2427 5501 2521 5555 καὶ
2551 5472 2924 5568 ἀναμάρτητοι
2963 5472 3066 5550 *τοῦ
3104 5472 3719 5568 θδατοςοάπαλλαττόμεθα

2229 5594 2443 5648 τούτου.
2494 5594 2617 5648 Ἔτι
2640 5564 2697 5646 δὲ
2730 5564 2957 5646 καὶνῶδε
2990 5587 3198 5656 γίνεται
3229 5583 3402 5651 δῆλον.
3469 5577 3481 5596 ⁸
3502 5575 3543 5628 Η
3568 5568 3658 5637 γάρ
3677 5564 3722 5612 ἐν

1849 5781 1893 5813 ⁸⁷
1927 5777 2086 5834 Joau.
2117 5791 2203 5846 ιιι,
2244 5777 2330 5833 19.
