3992 6202
236 390 326 458 541

1286 402 1379 461 DE
1421 402 1596 463 VITA
1632 402 1712 461 ΙΝ
1756 397 2093 460 CHRISTO
2134 400 2281 459 LIB.
2325 400 2403 462 Il.

3358 399 3464 463 54°.

229 509 302 577 τῷ
329 511 668 584 βαπτίσματι
712 517 961 585 γέννησις
1019 516 1281 587 ἀρχὴτῆς
1336 515 1637 587 μελλούσης
1669 512 1785 565 ἐστὶ

1891 512 2239 582 perspicitur.
2291 513 2585 566 Generatio
2632 512 2775 566 enim
2831 514 2884 567 in
2932 514 3201 583 baptismo
3266 513 3462 569 futune

229 599 392 672 ζωῆς,
422 605 519 658 καὶ
570 607 603 675 ἡ
626 605 738 658 τῶν
771 606 971 661 καινῶν
1003 607 1183 676 μελῶν
1213 608 1437 661 καὶτῶν
1467 606 1783 674 αἰσθήσεων

235 695 427 763 κομιδὴ
456 697 558 765 τῆς
585 699 702 751 ἐκεῖ
736 698 949 768 διαίτης
981 701 1328 769 ’παρασκευή⁹
1356 696 1785 766 παρασκευάσα-

230 782 350 835 σθαι
394 784 455 836 ὁὶ
483 784 620 853 πρὸς
673 786 734 839 τὸ
772 786 963 855 μέλλον
1009 788 1107 840 οὐκ
1157 788 1304 840 ἔστιν
1346 774 1575 856 ἒτέρως,
1622 785 1655 853 ἢ
1686 785 1786 852 τὴν

234 870 320 924 WB
344 873 583 941 Χριστοῦ
620 875 764 942 ζωὴν
796 876 1002 930 ἐνθένδε
1036 879 1137 947 ἤδη
1189 876 1473 937 λαὸὁντας,
1507 875 1567 936 ὃς
1603 874 1781 943 πατὴρ

231 962 442 1028 ἐγένετο
494 964 591 1017 τοῦ
623 965 906 1032 μέλλοντος
950 969 1146 1030 αἰῶνος
1196 968 1383 1036 ὥσπερ
1424 967 1451 1018 ὁ
1482 966 1654 1033 Ἀδὰμ
1688 963 1783 1016 τοῦ

236 1054 512 1123 παρόντος’
549 1059 645 1125 τῆς
682 1060 784 1129 γὰρ
825 1061 883 1111 ἐν
923 1061 1099 1130 φθορᾷ
1132 1060 1277 1128 ζωῆς
1330 1058 1490 1121 αὐτὸς
1536 1059 1785 1127 ἡγήσατο

232 1146 332 1206 tui;
368 1145 701 1215 ἀνθρώποις.
728 1148 989 1219 Καθάπερ
1022 1151 1130 1219 γὰρ
1159 1150 1258 1202 οὐκ
1300 1151 1378 1202 ενι
1408 1150 1602 1218 βιῶναξ
1633 1148 1783 1201 τόνδε

235 1231 316 1283 τὸν
346 1232 463 1300 βίον
527 1234 617 1288 τὸν
649 1236 1008 1304 ἀνθρώπινον,
1067 1241 1140 1308 μὴ
1166 1304 1175 1314 .
1201 1239 1296 1303 τὰς
1346 1240 1632 1308 αἰσθήσεις
1686 1238 1782 1290 τοῦ

244 1323 407 1393 Ἀδὰμ
496 1328 591 1379 καὶ
662 1329 760 1391 τὰς
835 1331 964 1400 περὶ
1020 1332 1079 1383 τὸ
1150 1329 1250 1401 ζῇν
1318 1331 1578 1401 δυνάμεις
1654 1329 1784 1383 ταύ-

234 1428 320 1470 τας
396 1414 462 1484 δὴ
531 1417 630 1478 τᾶς
700 1417 1045 1487 ἀνθρωπείας
1126 1420 1399 1473 λαϐόντα·
1481 1420 1574 1474 τὸν
1665 1420 1783 1474 ἴσον

233 1506 421 1570 τρόπον
482 1507 605 1560 οὐδὲ
659 1510 795 1577 πρὸς
837 1511 929 1563 τὴν
985 1511 1257 1581 μακάριον
1310 1513 1521 1565 ἐκεῖνον
1575 1510 1782 1582 κόσμον

233 1595 396 1659 ζῶντα
426 1601 698 1668 χωρῆσαι,
734 1602 809 1671 μὴ
831 1605 895 1673 τῇ
928 1602 1021 1656 τοῦ
1054 1604 1293 1672 Χριστοῦ
1324 1606 1434 1674 ζωῇ
1468 1598 1782 1673 παρεσκευ-

231 1688 455 1756 ασμένον
480 1692 577 1743 καὶ
614 1693 757 1744 κατά
785 1695 882 1763 τὴν
900 1695 1084 1749 εἰκόνα
1112 1696 1438 1749 πλασθέντα.
1468 1698 1577 1750 Καὶ
1608 1696 1784 1760 ἄλλως

226 1777 279 1830 δὲ
316 1779 565 1849 γέννησίς
623 1784 740 1838 ἐστι
793 1784 854 1836 τὸ
881 1785 1122 1856 λουτρόν,
1178 1788 1274 1840 καὶ
1315 1789 1478 1859 γεννᾷ
1508 1789 1607 1857 μὲν
1640 1789 1784 1840 ἐκεῖ·

227 1887 332 1934 νος,
354 1872 671 1941 γενώμεθα
721 1873 777 1927 δὲ
810 1876 994 1943 ἡμεῖς’
1024 1876 1100 1945 τῷ
1130 1877 1185 1930 δὲ
1236 1880 1566 1949 γεννωμένῳ
1617 1878 1783 1932 παντί

232 1978 329 2013 που
382 1962 562 2031 δῆλον,
612 1963 687 2027 ὡς
720 1965 826 2036 ἄρα
884 1967 980 2035 τὴν
1034 1968 1229 2022 ἑαυτοῦ
1270 1970 1415 2040 ζωὴν
1447 1970 1722 2041 ἐντίθησιν
1751 1972 1780 2025 ὀ

230 2057 443 2121 γεννῶν.

311 2149 567 2204 Ἐνταῦθα
623 2150 681 2203 δὲ
736 2151 828 2203 καὶ
861 2150 1139 2220 θαυμάσαι
1191 2170 1274 2214 τις
1323 2152 1409 2207 ἄν.
1460 2154 1533 2206 Οὐ
1582 2154 1692 2226 γὰρ
1730 2154 1779 2207 οί

236 2239 535 2307 λελουμένοι
600 2243 783 2313 μόνον,
825 2245 940 2298 ἀλλ’
969 2246 1070 2316 ἤδη
1102 2239 1185 2308 οἷς
1217 2246 1316 2299 οὐκ
1361 2246 1641 2315 ἐξεγένετο
1674 2267 1781 2301 πα-

239 2333 673 2401 ρασκευασθῆναι
709 2339 842 2405 πρὸς
871 2338 960 2389 τὸν
991 2337 1258 2390 ἀθάνατον
1285 2337 1399 2406 βίον
1440 2342 1509 2409 τῇ
1553 2340 1781 2408 δυνάμει

233 2425 338 2477 τῶν
367 2429 702 2496 μυστηρίων,
734 2432 825 2481 καὶ
855 2429 1043 2492 ἁπλῶς
1063 2430 1338 2503 ἄνθρωποι
1360 2432 1562 2496 πάντες
1588 2435 1781 2503 ἀγήρω

236 2520 539 2586 κομιοῦνται
570 2521 639 2573 τὰ
674 2526 900 2591 σώματα
929 2523 1021 2575 καὶ
1071 2524 1466 2591 ἀναστήσονται
1488 2526 1778 2595 ἄφθαρτοι.

236 2610 546 2678 Θαυμαστὸν
578 2613 715 2681 γάρ,
747 2616 798 2665 εί
836 2614 1093 2682 μετέσται
1121 2616 1222 2683 τῆς
1249 2616 1622 2680 ἀναστάσεως,
1663 2619 1730 2688 ἦν
1754 2621 1782 2671 ό

235 2701 320 2753 τοῦ
354 2703 582 2773 Χριστοῦ
616 2704 849 2768 θάνατος
873 2707 1034 2776 μόνος
1061 2708 1378 2778 εἰσήνεγκεν
1418 2712 1495 2769 εἰς
1532 2710 1622 2762 τὸν
1656 2711 1782 2764 κόσ-

237 2808 352 2858 μον,
392 2798 502 2859 τοῖς
534 2795 609 2866 μὴ
647 2797 705 2848 τὸ
738 2798 962 2864 λουτρὸν
985 2798 1323 2869 δεξαμένοις,
1352 2793 1396 2868 ᾧ
1415 2803 1779 2872 κοινωνοῦμεν

234 2884 321 2936 τοῦ
362 2886 746 2950 ζωοποιοῦντος
788 2889 1041 2944 θανάτου.
1074 2893 1136 2944 Εἰ
1167 2894 1275 2962 γὰρ
1313 2893 1403 2945 τὸν
1431 2895 1612 2960 ἰατρὸν
1642 2894 1780 2963 ἔψυ-

236 2994 345 3043 γον,
367 2982 451 3032 καὶ
478 2982 578 3049 τὴν
623 2980 877 3049 βοήθειαν
916 2982 1016 3036 οὐκ
1046 2983 1318 3050 ἐδέξαντο,
1351 2988 1450 3038 καί⁵
1505 2990 1565 3038 τὸ
1620 2987 1779 3055 μόνον

235 3072 577 3125 ἀπεσείσαντο
595 3074 905 3141 φάρμακον,
930 3076 981 3127 τί
1006 3076 1193 3129 λοιπὸν
1216 3072 1303 3146 ἦν,
1323 3076 1351 3129 ὃ
1374 3078 1509 3147 πρὸς
1529 3078 1626 3148 τὴν
1646 3078 1779 3130 ἀθα-

1889 604 2012 656 vita:
2070 603 2398 672 principium
2431 615 2535 665 est,
2573 618 2948 673 novorumque
2995 606 3363 660 membrorum
3407 618 3462 662 et

1887 706 2149 746 sensuum
2199 693 2507 758 acquisitio,
2536 702 2589 748 et
2613 693 2734 746 vita:
2772 693 2918 746 illius
2968 694 3208 749 cmlestis
3241 710 3453 764 praepa-

1888 783 2047 836 ratio.
2100 780 2476 850 Prmparamur
2530 799 2661 837 vero
2708 785 2773 837 ad
2810 784 2972 838 vitam
3011 785 3156 837 illam
3214 785 3452 838 futuram

1886 889 1991 927 non
2029 874 2207 938 aliter,
2256 890 2417 943 quam
2458 876 2505 928 si
2533 874 2735 929 Clit-isti
2780 875 2943 929 vitam
2981 875 3067 928 hic
3110 874 3455 939 inchoamus,

1885 966 1976 1034 qui
2006 977 2156 1034 pater
2182 977 2264 1021 est
2292 966 2483 1024 futuri.
2517 969 2659 1020 sicut
2713 967 2882 1019 Adam
2912 968 3199 1036 prmscntis
3228 969 3411 1021 saaculi
3440 986 3453 1022 :

1885 1059 2009 1111 vita:
2040 1059 2308 1128 siquidem
2366 1058 2645 1126 pereuntis
2694 1058 2783 1112 ille
2830 1058 3141 1112 hominibus
3190 1068 3352 1128 caput
3400 1064 3497 1131 et!

1885 1148 1992 1204 dux
2027 1149 2145 1204 fuit.
2198 1151 2351 1204 Sicut
2389 1165 2623 1217 namque
2670 1149 2777 1201 vita
2817 1150 2927 1202 haec
2972 1150 3209 1202 humana
3246 1151 3487 1203 traduci'

1888 1256 1996 1294 non
2052 1240 2250 1310 potest,
2304 1242 2406 1295 nisi
2463 1240 2586 1306 quis
2658 1255 2855 1295 sensus
2906 1239 3101 1293 Adami
3160 1250 3212 1293 et
3267 1242 3454 1294 vitales

1885 1329 2173 1385 facultates
2206 1333 2339 1386 istas
2373 1331 2639 1386 humanas
2668 1333 2977 1398 acceperit:
3013 1331 3127 1398 pari
3164 1330 3320 1383 modo
3353 1346 3451 1384 nec

1884 1423 1951 1474 ad
1983 1422 2203 1477 beatum
2238 1423 2387 1476 illum
2420 1424 2680 1477 mundum
2723 1426 3013 1491 quisquam
3054 1438 3297 1475 vivorum
3331 1438 3455 1490 per-

1884 1515 2073 1568 venire
2101 1525 2298 1583 potest,
2335 1519 2429 1587 qttl
2478 1518 2588 1572 vita
2622 1520 2825 1574 Christi
2875 1521 3207 1574 traducenda
3244 1536 3349 1573 non
3393 1536 3453 1573 se

1884 1612 2013 1660 ante
2072 1622 2137 1661 eo
2170 1610 2592 1678 comparaverit,
2639 1619 2695 1665 et
2742 1613 3039 1667 secundum
3084 1612 3257 1664 idenm
3292 1621 3455 1680 alque

1885 1697 2176 1768 imaginem
2220 1700 2338 1766 ejus
2369 1700 2637 1757 formatus
2669 1717 2779 1755 non
2832 1703 3012 1757 fuerit.
3046 1702 3218 1757 Aliter
3250 1705 3456 1772 baptis-

1887 1804 2009 1843 mus
2038 1799 2123 1844 est
2165 1793 2484 1861 generatio;
2540 1793 2628 1848 ille
2674 1805 2919 1863 generat,
2951 1811 3053 1849 nos
3103 1812 3452 1864 generamur.

1887 1880 1982 1935 Est
2010 1892 2189 1937 autem
2242 1884 2296 1938 in
2328 1883 2602 1952 confesso,
2638 1886 2800 1939 vitam
2848 1888 3089 1956 generati
3138 1889 3259 1942 vitae
3287 1903 3455 1957 gene-

1887 1974 2058 2029 rantis
2086 1975 2319 2030 similem
2352 1991 2495 2032 esse.

1959 2155 2059 2211 Hie
2100 2170 2265 2225 porro
2304 2156 2573 2225 quispiam
2624 2160 2873 2215 miretur.
2922 2157 3039 2214 Non
3087 2160 3229 2213 enim
3282 2160 3453 2214 abluti

1885 2251 2069 2312 modo,
2127 2250 2221 2303 sed
2273 2249 2385 2319 jam
2435 2250 2598 2303 etiam
2652 2252 2850 2317 quibus
2901 2266 3006 2303 non
3058 2251 3285 2320 contigit
3335 2266 3455 2305 sese

1886 2340 2083 2393 virtute
2112 2340 2504 2410 mysteriorum
2530 2341 2594 2394 ad
2647 2341 2808 2394 vitam
2854 2340 3214 2395 immortalem
3253 2358 3456 2410 praepa-

1883 2444 2027 2494 rare,
2054 2442 2105 2485 et
2138 2432 2463 2501 simpliciter
2528 2432 2776 2485 homines
2818 2433 3058 2487 universi
3092 2448 3317 2502 corpora
3345 2450 3453 2487 non

1882 2523 2225 2578 senescentia
2291 2523 2585 2591 recipient,
2662 2534 3059 2594 rcsurgentque
3128 2525 3451 2592 incorrupti.

1886 2616 2109 2682 Dignum
2161 2617 2306 2669 enim
2351 2616 2734 2676 admiratione,
2790 2616 3235 2678 resurrectionis,
3290 2632 3452 2685 quam

1883 2708 1996 2761 sola
2030 2705 2233 2761 Christi
2268 2722 2415 2761 mors
2456 2707 2508 2759 in
2542 2708 2803 2761 mundum
2853 2709 3077 2771 invexit,
3113 2709 3227 2770 fore
3253 2711 3452 2773 socios,

1883 2800 1974 2868 qui
2013 2799 2338 2867 baptismum
2373 2816 2481 2853 non
2516 2800 2877 2868 susceperint,
2914 2816 3007 2865 per
3032 2816 3192 2867 quem
3223 2801 3456 2854 vividi-aa

1884 2891 2076 2943 mortis
2106 2892 2552 2945 communionem
2605 2892 2965 2960 acquirimus.
3014 2893 3068 2946 Si
3105 2895 3250 2947 enim
3290 2893 3457 2946 medi-

1880 2997 2005 3035 cum
2043 2982 2320 3052 fugerunt,
2366 2995 2422 3037 et
2457 2999 2614 3052 opem
2668 2984 2902 3038 aversati
2945 2994 3090 3048 sunt,
3134 2995 3185 3039 et
3219 2985 3455 3038 medici-

1881 3088 2007 3125 nam
2049 3088 2171 3141 qua:
2211 3072 2326 3127 sola
2378 3074 2636 3143 prodesse
2683 3083 2892 3143 poterat
2938 3076 3280 3144 repulerunt,
3323 3074 3453 3143 quid

234 3165 413 3217 νασίαν
438 3165 620 3228 αὐτιίς
642 3166 871 3237 ἀρκέσει
889 3185 904 3233 ;
925 3168 1037 3220 Καὶ
1051 3168 1199 3221 δοκεί
1219 3169 1363 3222 δυοῖν
1388 3169 1612 3242 θάτερον
1631 3171 1775 3234 είκδς

1888 3162 2145 3229 restabat,
2177 3164 2323 3232 quod
2351 3163 2429 3218 eis
2453 3164 2518 3216 ad
2550 3163 3019 3219 immortalitatem
3051 3165 3458 3235 opitularetur?

235 3252 788 3332 εἴναισυμσαίνειν,ῆ
829 3266 1045 3319 πάντων
1101 3262 1227 3329 ἑξῆς
1278 3264 1568 3317 ἀπολαύειν
1607 3264 1801 3317 ἀπάνέ

235 3343 428 3416 τας,ὧν
454 3352 481 3404 ὁ
509 3352 744 3422 Χριστὸς
782 3355 915 3423 ἡμῖν
953 3355 1123 3419 αἴτιος
1157 3356 1374 3425 ἐγένετο
1396 3356 1779 3427 ἀπιθνήσκων,

236 3445 325 3495 καὶ
351 3446 751 3513 συναναστῖψαι
800 3448 896 3499 καὶ
924 3447 1094 3517 συζῇν
1119 3447 1269 3518 αὑτῴ
1304 3450 1396 3501 καὶ
1426 3449 1780 3518 σνμδασιλεύ⁴

233 3551 309 3586 ειν
326 3540 414 3591 καί¹
440 3537 538 3607 τὴν
572 3537 742 3609 ἀλλην
775 3540 921 3610 ἔχειν
946 3542 1316 3610 εὐδαιμονίαν,
1373 3545 1426 3597 et
1444 3560 1505 3610 γε
1535 3544 1646 3596 «δεῖ
1670 3544 1783 3598 τῶν

235 3628 531 3701 παρ’ήμῶν
554 3633 790 3695 οὐδενδς,
827 3651 845 3682 ι
879 3634 933 3702 ῆ,
992 3635 1041 3685 εί
1086 3636 1234 3687 πᾶσα
1258 3635 1470 3705 ἀνάγκη
1512 3639 1605 3691 καὶ
1637 3638 1784 3706 ἡμᾶς

232 3720 399 3777 ὁτιοῦν
427 3726 726 3795 εἰσφέρειν,
762 3726 887 3788 τοὺς
928 3726 1003 3795 μὴ
1030 3727 1128 3796 τὴν
1157 3728 1341 3782 πίστιν
1370 3729 1781 3795 εἰσενεγκόντας

235 3815 306 3882 τῷ
331 3816 542 3887 Σωτῆρι
568 3818 708 3888 μηδὲ
733 3817 1051 3872 ἀναϐιῶναι.

305 4082 452 4137 Ἔστι
480 4085 661 4137 τοίνυν
702 4085 878 4137 ἐκεῖνο
920 4085 1280 4155 περὶτούτων
1311 4088 1506 4141 εἰπεῖν.
1552 4088 1617 4142 Ἦ
1656 4089 1787 4144 ἀνά-

239 4190 417 4239 στασις
466 4176 680 4243 φύσεώς
724 4177 873 4229 ἐστιν
902 4176 1294 4246 ἐπανόρθωσις·
1349 4179 1416 4233 τά
1467 4181 1524 4233 δὲ
1561 4182 1787 4234 τοιαῦτα

240 4270 427 4331 προῖκα
446 4267 661 4319 δίδωσιν
696 4268 722 4318 ὁ
756 4265 909 4328 Θεός.
970 4267 1181 4337 Ὠσπερ
1237 4271 1348 4340 γὰρ
1393 4271 1620 4327 πλάττει
1656 4274 1789 4342 μηδὲ

239 4357 602 4427 βουλομένους,
622 4358 765 4411 οὕτω
789 4358 1115 4411 ἀναπλάττει
1145 4359 1310 4429 μηδὲν
1344 4352 1789 4433 προεισενεγκόν-

238 4466 355 4513 τας·
386 4452 421 4520 ἡ
452 4451 509 4503 δὲ
528 4449 773 4529 βασιλεία
801 4449 986 4518 ἐκείνη
1012 4450 1105 4503 καὶ
1134 4451 1275 4521 ἡτοῦ
1299 4453 1433 4505 θεοῖ
1460 4454 1663 4525 θεωρία
1694 4458 1792 4511 καὶ

238 4543 292 4592 τδ
321 4544 555 4596 συνεῖναι
582 4541 803 4611 Χριστῷ
832 4542 1013 4611 τρυφή
1045 4542 1161 4593 ἐστι
1212 4542 1308 4609 τῆς
1356 4542 1651 4614 θελήσεως.
1694 4550 1790 4603 Διὰ

238 4630 381 4684 τοῦτο
407 4633 521 4694 τοῖς
550 4630 808 4700 θελήσασι
854 4631 951 4683 καὶ⁴
989 4631 1310 4700 ἠγαπηκόσι
1358 4635 1452 4687 καὶ
1485 4637 1788 4707 ποθήσασιν

240 4723 404 4786 ἔξεστι
433 4724 639 4794 μόνοις·
671 4722 891 4786 τούτους
919 4726 1017 4793 μὲν
1045 4723 1153 4795 γὰρ
1182 4725 1275 4775 καὶ
1302 4729 1515 4797 τρυφᾷν
1560 4729 1787 4784 ἀκόλου-

239 4819 321 4869 θόν
352 4820 467 4871 ἔστι
503 4815 613 4869 τῶν
640 4815 992 4885 ποθουμὲνων
1023 4815 1325 4886 παρόντων,
1358 4818 1449 4872 τὸν
1474 4818 1529 4873 δὲ
1555 4821 1629 4892 μὴ
1661 4823 1788 4892 βου-

237 4908 460 4976 ληθέντα
494 4908 791 4976 ἀμήχανον.
825 4908 945 4968 Πῶς
974 4906 1081 4975 γάρ
1107 4905 1173 4960 ἂν
1198 4909 1293 4963 καὶ
1312 4912 1527 4980 τρυφᾷν
1571 4912 1790 4967 δύναιτο

238 4999 324 5050 καὶ
346 4997 560 5067 χαίρειν
580 4995 894 5079 ἕταρόντων,
914 4989 989 5049 ὦν
1018 4997 1117 5049 οὐκ
1147 4996 1306 5051 ἔλαϐε
1337 5000 1503 5053 πόθον
1516 5001 1787 5067 ἀπόντων,

237 5089 354 5141 ἐπεὶ
403 5087 543 5157 μηδὲ
600 5085 942 5156 ἐπιθυμῆσαι
986 5087 1289 5157 τηνικαῦτα
1340 5089 1548 5143 δύναιτ’
1570 5091 1637 5143 ἂν
1697 5095 1792 5146 καὶ

234 5180 459 5251 ζητῆσαι
490 5182 698 5247 τυχεῖν,
729 5179 812 5231 ὅτι
836 5179 935 5247 οὐχ
978 5180 1079 5249 όρᾷ
1118 5180 1180 5232 τὸ
1219 5180 1418 5244 καλλος
1447 5183 1644 5245 ἐκεῖνο,
1698 5185 1792 5236 καὶ⁹

233 5276 258 5326 ὃ
286 5291 451 5342 φησιν
485 5274 515 5324 ό
535 5271 762 5341 Κύριος,
795 5290 813 5323 ι
850 5272 907 5323 οῦ
930 5269 1152 5325 δύναται
1180 5272 1387 5339 λαὸεἰν,
1416 5273 1576 5326 ὅτιού
1599 5274 1794 5343 θεωρεῖ

233 5365 356 5416 αὐτὸ
387 5365 511 5417 οὐδὲ
540 5365 798 5430 γινώσκει
832 5361 988 5426 αὐτὸ,
1024 5381 1043 5414 ι
1090 5364 1290 5431 τυφλὸς
1317 5364 1563 5418 ἐντεῦθεν
1592 5366 1674 5428 εἰς
1705 5366 1796 5419 τὸν

237 5454 343 5525 βίον
369 5451 624 5509 ἐκπεσὼν
655 5454 861 5506 ἐκεῖνον
894 5454 989 5505 καὶ
1015 5456 1197 5520 πάσης
1227 5455 1531 5526 αἰσθήσεως
1574 5458 1666 5509 καὶ
1699 5454 1793 5509 δυ-

237 5550 445 5615 νάμεως
497 5543 965 5613 ἀπεστερημένος,
1023 5543 1092 5596 δι’
1118 5538 1194 5598 ὧν
1221 5545 1397 5607 ἔξεστι
1456 5548 1550 5600 καὶ
1589 5547 1790 5613 γνῶναι

236 5636 319 5686 τὸν
350 5634 586 5701 Σωτῆρα
616 5633 712 5683 καὶ
741 5631 964 5699 φιλῆσαι
1012 5634 1104 5686 καὶ
1133 5635 1358 5702 θελῆσαι
1411 5639 1648 5691 συνεῖναι
1696 5639 1790 5692 καὶ

307 5811 350 5843 ⁸⁸
391 5811 534 5867 νεαι.
566 5829 653 5880 xv,
686 5813 740 5868 2.
818 5815 1036 5870 "Joan.
1067 5831 1175 5879 τιν,
1210 5815 1293 5868 Π.

1888 3255 2031 3310 Sane
2060 3272 2125 3310 ex
2175 3257 2389 3311 duobus
2434 3243 2667 3311 alterum
2708 3258 2931 3312 evenire
2984 3272 3198 3327 aequum
3236 3268 3284 3313 et
3322 3273 3458 3313 con-

1884 3358 2206 3403 sentaneum
2249 3348 2487 3414 videtur,
2513 3357 2607 3405 aut
2655 3356 2714 3404 ut
2751 3364 2944 3405 omnes
2992 3349 3248 3403 omnibus
3299 3349 3456 3404 dein-

1884 3455 2012 3511 ceps
2056 3440 2329 3506 fruantur,
2362 3458 2596 3513 quorum
2638 3440 2894 3497 Christus
2933 3441 3088 3495 nobis
3131 3454 3309 3497 morte
3359 3457 3458 3496 sua

1881 3548 2049 3589 causa
2106 3531 2230 3597 fuit,
2294 3541 2347 3587 et
2399 3532 2564 3586 simul
2615 3540 2922 3600 resurgant,
2987 3538 3149 3599 atque
3207 3546 3330 3585 cum
3394 3547 3461 3586 eo

1888 3626 2072 3680 vivant
2128 3631 2183 3678 et
2232 3633 2480 3691 regnent,
2538 3630 2593 3675 et
2646 3621 2851 3690 reliqua
2906 3620 3169 3674 felicitate
3221 3623 3463 3676 circum-

1881 3717 2073 3778 fluant,
2097 3713 2367 3783 siquidem
2398 3731 2416 3764 ι
2436 3712 2705 3766 bonorum
2744 3718 3057 3765 nostrorum
3082 3725 3188 3762 non
3212 3722 3332 3781 eget
3353 3714 3455 3777 “,p

1884 3817 1979 3862 aut
2006 3808 2051 3861 si
2088 3805 2313 3861 omnino
2344 3803 2651 3873 oportebat,
2684 3813 2737 3856 et
2771 3816 2871 3855 nos
2897 3801 3264 3870 quodcunque
3292 3804 3457 3858 etiam

1885 3896 2178 3953 conferre:
2212 3896 2302 3964 qui
2338 3893 2496 3948 fidem
2528 3898 2592 3946 ad
2621 3893 2956 3947 Salvatorem
2988 3904 3096 3943 non
3123 3895 3457 3958 attulissent,

1885 4005 1987 4045 nec
2024 3989 2077 4043 in
2115 3989 2281 4042 vitam
2318 3987 2584 4040 revocari.

1956 4081 2108 4136 Licet
2129 4078 2441 4149 igiturillud
2464 4077 2530 4131 ad
2560 4079 2698 4132 hanc
2722 4078 3084 4148 ohjectionem
3111 4079 3459 4147 respondere.

1889 4154 2242 4228 Ilesurreetio
2271 4178 2356 4223 est
2424 4178 2636 4224 natura:
2703 4171 3053 4225 instauratio.
3110 4170 3217 4224 ista
3279 4178 3459 4224 autem

1888 4263 2059 4330 gratis
2088 4257 2183 4316 dat
2213 4259 2379 4316 Deus.
2412 4260 2566 4315 Sicut
2590 4262 2734 4316 enim
2763 4261 2915 4331 ﬁngit
2954 4262 3007 4316 id
3034 4276 3141 4317 non
3173 4263 3418 4317 volentes
3441 4299 3459 4325 .

1889 4357 1965 4411 ita
2035 4369 2257 4425 quoque
2319 4353 2536 4424 rellngit
2612 4355 2746 4407 nihil
2802 4354 2869 4409 ad
2924 4356 2973 4409 id
3024 4355 3460 4411 commodantes.

1831 4485 1871 4538 υ
1900 4446 2148 4517 Regnum
2182 4460 2347 4516 porro
2390 4445 2544 4511 illud,
2580 4456 2635 4499 et
2664 4445 2756 4500 Dei
2791 4447 3203 4515 contemplatio,
3237 4456 3290 4499 et
3335 4461 3459 4500 eum

1898 4538 2119 4593 Christo
2148 4538 2378 4604 versari,
2416 4537 2715 4593 voluntatis
2754 4546 2883 4591 sunt
2920 4536 3150 4592 deliciae.
3195 4537 3464 4603 Quocirca

1893 4628 1961 4684 iis
1990 4638 2201 4681 tantum
2237 4629 2329 4698 qui
2364 4628 2676 4690 voluerunt,
2711 4637 2765 4682 et
2802 4628 3135 4691 dilexerunt,
3165 4637 3219 4682 et
3249 4629 3465 4684 deside-

1895 4730 2105 4783 rarunt,
2144 4736 2222 4774 ea:
2266 4720 2663 4775 conceduntur.
2700 4718 2809 4774 llos
2842 4721 2993 4775 enim
3044 4736 3142 4789 par
3178 4729 3265 4776 est
3314 4720 3468 4774 dele-

1893 4814 2028 4867 ctari
2080 4812 2466 4883 praesentibus,
2497 4810 2590 4880 qui
2627 4811 2875 4866 absentia
2907 4812 3325 4881 concupierunt.
3360 4813 3457 4865 Ast

1894 4905 1988 4972 qui
2036 4918 2100 4958 ea
2134 4919 2239 4957 non
2286 4903 2477 4963 voluit,
2509 4902 2651 4956 hunc
2702 4903 2770 4957 iis
2826 4902 2932 4957 frui
2980 4911 3063 4957 est
3101 4902 3462 4970 impossibile.

1896 4994 2015 5059 Quo
2038 4994 2181 5048 enim
2210 5002 2369 5063 pacto
2422 4993 2747 5058 voluptatein
2801 5008 2995 5063 capere
3017 5003 3071 5048 et
3098 4993 3269 5048 laetari
3302 5001 3466 5062 queat
3550 5054 3559 5059 ε

1893 5085 2004 5154 jutll
2066 5088 2451 5154 praesentibus,
2501 5099 2662 5154 quem
2725 5085 3044 5145 absentium,
3091 5087 3240 5141 nulla
3292 5087 3469 5154 tetigit

1898 5177 2202 5246 cupiditas?
2241 5178 2379 5233 Cum
2430 5186 2559 5231 tunc
2601 5191 2669 5231 ne
2719 5176 3028 5231 desiderare
3080 5178 3319 5247 quidem,
3372 5192 3466 5228 eo-

1903 5286 2139 5339 rumque
2182 5269 2459 5339 adeptioni
2502 5267 2721 5322 studere
2754 5270 2947 5337 possit,
2982 5269 3107 5338 quia
3154 5270 3301 5321 illam
3348 5268 3468 5335 pul-

1903 5361 2272 5416 chritudinem
2334 5376 2441 5415 non
2491 5360 2689 5415 videt:
2741 5367 2795 5415 et
2850 5361 2993 5415 sicut
3052 5359 3317 5412 Dominus
3366 5359 3464 5419 ait,

1909 5476 1926 5509 ι
1962 5472 2124 5526 quem
2180 5455 2417 5511 mundus
2474 5471 2583 5508 non
2636 5463 2812 5524 potest
2854 5456 3125 5523 accipere,
3175 5452 3302 5521 quia
3357 5467 3463 5505 non

1902 5549 2045 5603 videt
2080 5564 2203 5602 eum
2249 5564 2425 5617 neque
2461 5548 2609 5603 novit
2641 5563 2763 5601 eum
2785 5548 2851 5598 ".
2885 5565 2905 5598 ο
2940 5544 3075 5601 Cum
3111 5560 3289 5599 exectis
3338 5543 3465 5598 hinc

1897 5655 2153 5711 egressus
2216 5640 2273 5697 in
2323 5640 2485 5696 vitam
2536 5642 2682 5695 illam
2734 5637 3046 5703 devenerit,
3096 5634 3359 5706 omnique
3411 5634 3464 5690 vi
