3992 6202
531 397 636 463 543

1781 397 2092 458 NlCOLAl
2133 401 2223 459 CA
2238 399 2523 460 BASlLfE
3631 397 3720 459 διι

534 514 808 569 sentiendi
833 527 883 569 et
916 515 1174 569 facultate
1201 512 1464 581 privatus,
1507 528 1600 581 per
1632 528 1768 582 quas
1799 527 1854 567 et
1892 530 2092 583 cOguo-

2221 516 2512 584 ιυνηθῆναι.
2537 513 2636 565 Διὰ
2668 511 2823 566 τοῦτο
2853 513 2914 565 ού
2945 510 3051 581 χρὴ
3074 509 3396 578 θαυμάζειν,
3428 510 3475 561 εί
3502 511 3735 580 ζήσονται

534 624 686 662 scere
730 609 1091 670 Salvatorem,
1141 617 1196 660 et
1233 623 1437 670 amare,
1481 616 1534 660 et
1579 606 1715 660 velle
1757 621 1880 659 cum
1929 623 1994 660 eo
2047 616 2102 661 et

534 715 694 769 posse
726 703 905 753 vivere
942 700 1089 762 licet,
1126 699 1325 752 miruttt
1377 699 1626 752 accidere
1675 698 1878 751 nemini
1923 698 2101 763 debet,

535 791 579 846 si
623 807 808 843 omnes
856 791 1075 858 quidem
1118 789 1521 849 immortaliter,
1563 773 1670 842 non
1704 804 1897 843 omnes
1921 803 2102 842 autem

533 883 686 934 beate
723 881 1069 949 feliciterque
1098 881 1294 936 victuri
1331 893 1479 935 sunt.
1514 881 1647 934 Nam
1682 883 1924 936 divinant
1957 882 2104 936 circa

537 982 784 1023 naturam
821 972 1216 1037 providentiam
1275 987 1468 1026 omnes
1517 972 1666 1026 nullo
1705 971 2020 1026 discriminc
2051 982 2102 1027 et

533 1075 685 1128 teque
729 1061 1006 1114 sentiunt:
1037 1062 1155 1130 ejus
1200 1071 1381 1114 autem
1428 1061 1766 1114 voluntatem
1817 1061 1977 1114 donis
2015 1076 2103 1114 or-

535 1152 702 1205 nandi
735 1152 836 1206 soli
883 1153 1236 1220 experientur
1259 1168 1325 1206 ex
1357 1153 1640 1218 omnibus,
1669 1152 1761 1221 qui
1806 1150 1974 1206 Deum
2017 1155 2105 1223 pie

533 1256 834 1314 sancteque
867 1243 1133 1299 coluerint
1165 1263 1177 1298 :
1205 1244 1333 1314 quia
1381 1243 1637 1297 nimirum
1678 1243 1817 1298 Deus
1849 1244 2105 1300 omnibus

534 1335 754 1401 quidem
792 1337 975 1389 omnia
1027 1337 1167 1389 bona
1213 1337 1366 1396 vult.
1414 1345 1465 1389 et
1504 1334 1762 1390 omnibus
1809 1350 1961 1404 teque
2006 1351 2104 1389 sua

537 1426 931 1488 communicat,
967 1435 1077 1479 tum
1108 1440 1201 1493 per
1226 1440 1348 1493 qua:
1375 1423 1652 1480 voluntate
1687 1438 1784 1477 sua
1813 1423 2100 1489 benefacit,

539 1524 653 1568 tum
702 1530 794 1584 per
822 1531 943 1584 qua:
989 1528 1238 1569 naturam
1284 1515 1520 1568 restituit
1559 1523 1613 1569 et
1651 1516 1964 1570 instaurat:
2005 1531 2102 1570 nos

538 1621 667 1661 vero
697 1605 791 1660 Dei
817 1607 1077 1661 beneﬁcia
1103 1607 1156 1660 in
1184 1619 1460 1670 naturam,
1484 1608 1743 1675 quoniam
1775 1623 1837 1662 ea
1867 1607 2106 1677 eﬂ‘ugere

540 1714 645 1750 tton
696 1713 1006 1768 possumus,
1054 1700 1142 1760 iis,
1185 1713 1497 1768 quanquam
1555 1699 1690 1752 citra
1745 1699 2102 1764 voluntatem,

2209 607 2307 676 μὲν
2343 607 2587 657 ἀθάνατα
2623 605 2845 667 πάντες,
2907 605 2969 656 ού
3008 605 3207 664 πάντες
3248 603 3304 656 δὲ
3340 601 3630 670 μακαρίως·
3665 605 3737 655 ὅτι

2204 699 2302 767 τῆς
2343 699 2439 766 μὲν
2473 697 2602 767 περὶ
2628 697 2725 764 τὴν
2761 697 2922 764 φύσιν
2959 695 3144 757 ἁπλῶς
3179 695 3268 746 τοῦ
3319 693 3456 745 Θεοῦ
3508 696 3740 762 προνοίας

2208 787 2544 840 ἀπολαύουσι
2574 786 2774 848 πάντες
2807 785 3029 856 ὁμοίως,
3061 785 3169 838 τῶν
3192 785 3248 837 δὲ
3276 787 3376 852 τὴν
3400 784 3605 850 θέλησιν
3631 803 3742 836 κοσ-

2212 877 2454 948 μούντων
2481 877 2670 947 δώρων
2703 879 2854 948 μόνοι
2888 877 2998 929 τῶν
3022 876 3194 930 ἄλλων
3215 877 3262 928 οἱ
3305 878 3433 944 περὶ
3463 877 3588 926 Θεὸν
3611 877 3744 928 εὐσε-

2209 971 2345 1032 6εῖς.
2388 969 2446 1023 Ὀ
2478 971 2534 1023 δὲ
2556 970 2735 1038 λόγος,
2763 970 2846 1022 ὅτι
2878 969 3012 1021 πᾶσι
3049 969 3147 1035 μὲν
3181 971 3208 1022 ό
3237 969 3369 1031 Θεὸς
3400 968 3607 1020 ἅπαντα
3633 968 3741 1037 βού⁴

2209 1061 2360 1116 λεται
2396 1064 2635 1131 τάγαθὰ,
2666 1062 2762 1116 καὶ
2804 1064 3020 1116 πάντων
3047 1061 3246 1130 ὁμοίως
3301 1061 3614 1130 μεταδίδωσι
3650 1061 3745 1112 τῶν

2210 1151 2398 1215 αὑτοῦ,
2428 1153 2522 1206 καὶ
2551 1153 2653 1206 ὅσα
2670 1152 2768 1222 τὴν
2802 1152 3022 1222 θέλησιν
3046 1148 3103 1204 εὖ
3135 1153 3280 1204 ποιεῖ
3306 1152 3401 1203 καὶ
3425 1151 3461 1205 ἃ.
3488 1152 3580 1220 τὴν
3605 1151 3748 1219 φύσιν

2211 1245 2515 1314 ἐπανορθοῖ,
2541 1247 2700 1314 ἡμεῖς
2725 1245 2780 1298 δὲ
2806 1244 2914 1297 τῶν
2957 1244 3055 1312 μὲν
3082 1245 3160 1306 είς
3192 1243 3292 1311 τὴν
3341 1242 3502 1312 φύσιν
3524 1241 3610 1295 τοῦ
3627 1243 3743 1295 Θεοῦ

2213 1337 2472 1406 χαρίτων,
2507 1337 2630 1389 ἐπεὶ
2668 1336 2742 1408 μὴ
2767 1335 3053 1405 δυνώμεθα
3081 1335 3331 1404 φεύγειν,
3363 1338 3456 1387 καὶ
3486 1336 3557 1405 μὴ
3583 1335 3746 1404 βουλό-

2214 1443 2364 1498 μενοι
2393 1427 2730 1496 τυγχάνομεν
2760 1427 2979 1489 πάντες.
3010 1427 3116 1478 Καὶ
3147 1428 3257 1495 γάρ
3294 1428 3388 1477 καὶ
3419 1425 3639 1489 ἄκοντας
3671 1427 3750 1478 eti-

2215 1519 2363 1570 ποιεῖ
2409 1519 2502 1570 καὶ
2531 1517 2781 1586 βιάζεται
2813 1516 3236 1587 φιλανθρώπως,
3283 1518 3482 1569 ὁπόταν
3550 1515 3750 1568 ἀποσείο

2213 1609 2410 1661 σασθαι
2441 1609 2539 1674 τὴν
2563 1609 2882 1677 εὐεργεσίαν
2907 1607 3231 1678 βουλώμεθα
3263 1607 3383 1677 μὲν,
3440 1607 3498 1660 οὐ
3532 1606 3749 1676 δυνώμε-

2213 1699 2281 1752 θα
2313 1699 2391 1752 δέ.

539 1786 780 1840 universi
810 1788 1060 1846 homines
1087 1788 1375 1842 alﬁcimur.
1410 1790 1544 1843 Nam
1577 1798 1630 1843 et
1653 1789 1722 1844 de
1751 1789 1939 1843 invitis
1970 1790 2106 1844 bene
2145 1799 2406 1855 meretur,
2434 1798 2486 1844 et
2517 1789 2829 1845 humaniter
2851 1789 3018 1860 cogit,
3083 1789 3301 1858 quando
3365 1787 3746 1843 beneficentiam

539 1879 658 1946 ejus
691 1878 1146 1947 amolitiquidem
1188 1895 1218 1932 a
1264 1880 1424 1934 nobis
1455 1879 1730 1943 volumus,
1764 1893 1872 1932 non
1918 1889 2097 1932 tamen
2138 1893 2456 1947 possumus.

611 2081 669 2136 In
705 2097 770 2136 eo
797 2097 1000 2150 genere
1030 2081 1235 2135 donqu
1277 2082 1694 2137 resurrectionis
1725 2097 2100 2138 numeremus.

2277 2081 2529 2136 Τοιοῦτον
2555 2083 2611 2136 δὲ
2643 2084 2701 2137 τό
2749 2085 2847 2154 τῆς
2882 2084 3233 2148 ἀναστάσεως
3282 2085 3474 2154 δῶρον.
3533 2088 3602 2140 Οὐ
3657 2089 3751 2159 γὰρ

545 2173 699 2228 llaud
749 2175 892 2228 cnim
938 2174 991 2228 itt
1047 2182 1239 2228 nostro
1299 2174 1465 2228 situm
1500 2183 1583 2229 est
1633 2174 1887 2239 arbitrio,
1934 2191 2111 2244 neque

543 2268 698 2322 nasci
739 2283 770 2321 a
818 2267 1110 2337 principio.
1161 2281 1340 2336 neque
1379 2281 1408 2320 a
1453 2266 1684 2321 mortuis
1731 2265 1981 2331 excitari,
2019 2275 2113 2320 aut

543 2375 653 2412 non
690 2357 939 2411 excitari.
967 2356 1101 2422 Qua:
1131 2367 1310 2412 autem
1339 2372 1368 2410 a
1401 2357 1681 2412 voluntate
1716 2356 1951 2412 humana
1979 2372 2113 2426 pen-

544 2449 696 2513 dent,
755 2459 905 2516 puta.
966 2448 1090 2502 boni
1153 2448 1369 2510 electio,
1441 2457 1790 2517 peccatorum
1843 2449 2112 2512 remissio,

545 2556 757 2593 tuorunt
793 2539 1101 2608 integritas,
1135 2539 1332 2592 animae
1363 2541 1596 2606 puritas,
1628 2555 1752 2608 erga
1789 2540 1952 2592 Deum
1986 2539 2115 2592 cha-

545 2631 700 2694 ritas,
730 2631 924 2684 horum
954 2645 1164 2684 merces
1188 2638 1271 2685 est
1316 2645 1571 2698 suprema
1609 2631 1906 2684 beatitudo.
1939 2631 2136 2698 Atqne‘

545 2734 605 2778 ut
636 2725 715 2776 vel
745 2724 861 2777 base
887 2723 1153 2791 antplecta
1167 2739 1312 2785 mur,
1340 2723 1422 2775 vel
1460 2723 1786 2786 devitetuus,
1814 2737 1981 2791 penes
2017 2737 2114 2776 nos

544 2823 649 2868 cst.
686 2811 839 2866 Unde
873 2812 1188 2866 volentibus
1221 2813 1273 2865 in
1309 2824 1564 2881 promptu
1595 2824 1677 2867 est
1724 2815 1792 2867 iis
1824 2813 1960 2877 frui;
2014 2827 2114 2865 no-

549 2907 720 2958 lentes
749 2903 839 2972 qui
873 2905 1090 2959 tandem
1130 2904 1237 2957 frui
1273 2905 1510 2973 queant?
1543 2903 1650 2958 Nec
1685 2905 1831 2958 enim
1867 2905 2117 2960 nolentes

547 2997 758 3061 volunt,
779 3004 885 3050 "nec
907 2996 1153 3051 volentes
1180 3007 1473 3065 coguntur.
1495 2997 1701 3051 Deinde
1725 3005 1947 3066 propter
1968 2998 2116 3052 illam

552 3087 822 3141 rationem
848 3102 860 3136 :
883 3087 1140 3155 quoniam
1162 3086 1422 3141 Dominus
1447 3087 1600 3142 solus
1623 3100 1868 3142 naturam
1896 3089 2114 3158 quidem

551 3191 581 3228 a
614 3175 984 3244 corruptione,
1014 3175 1253 3228 animum
1279 3191 1408 3229 vero
1431 3191 1458 3228 a
1481 3187 1700 3244 peccato
1720 3177 1956 3232 exemit:
1990 3179 2117 3232 illud

551 3265 946 3333 primogenitus
995 3265 1175 3320 factus
1238 3275 1606 3332 mortuorum,
1653 3268 1756 3321 hoc
1807 3284 1904 3337 pro
1961 3272 2118 3325 nobis

551 3355 762 3419 primus
789 3355 842 3408 in
875 3356 1073 3410 Sancta
1103 3365 1416 3410 sanctorum
1452 3358 1758 3426 ingressus,
1789 3368 1970 3428 utpote
1994 3377 2120 3428 pet:-

551 3459 674 3500 cato
699 3448 970 3517 jugulato,
1001 3460 1055 3502 et
1106 3449 1212 3504 Deo
1253 3450 1412 3502 nobis
1457 3451 1832 3514 reconciliato,
1859 3461 1912 3506 ct
1940 3453 2116 3507 medio

554 3540 757 3606 pariete
787 3541 1049 3594 dissoluto
1080 3558 1096 3595 :
1126 3551 1180 3594 et
1206 3543 1443 3610 seipsum
1477 3557 1576 3611 pro
1613 3543 1768 3598 nobis
1812 3544 2118 3597 sanetitiea-

553 3630 650 3694 vit,
681 3642 737 3684 ut
769 3643 818 3685 et
853 3649 952 3686 nos
977 3633 1150 3686 sancti
1181 3635 1354 3687 simus
1379 3633 1431 3686 in
1460 3636 1710 3700 veritate,
1735 3635 1924 3704 liquet,
1972 3636 2119 3691 solos

555 3734 608 3776 et
640 3725 835 3777 merito
865 3725 1102 3779 solutum
1137 3727 1200 3780 iri
1229 3737 1281 3780 rt
1306 3743 1332 3778 a
1362 3729 1710 3797 corruptione
1737 3739 1791 3781 et
1813 3744 1840 3780 a
1875 3741 2116 3797 peccato,

557 3814 647 3880 qui
680 3825 734 3868 et
765 3815 1040 3870 voluntate
1092 3828 1146 3870 et
1191 3829 1388 3872 natura
1433 3819 1500 3871 ad
1531 3835 1652 3872 cum
1701 3819 1900 3872 fuerint
1933 3834 2121 3887 aggre-

557 3905 701 3973 gati:
743 3908 862 3970 hoc,
899 3919 1174 3977 quatenus
1211 3909 1486 3971 homines,
1540 3910 1695 3972 illud,
1725 3918 1993 3978 quatenus
2023 3911 2122 3961 ad-

560 4008 774 4051 ventum
801 3998 922 4067 ejus
969 4001 1393 4070 passioncmque
1423 4002 1753 4064 dilexerunt,
1777 4011 1828 4055 et
1855 4001 2123 4055 mandatis

559 4090 678 4157 ejus
709 4101 1028 4158 paruerunt,
1065 4093 1368 4162 eademque
1407 4110 1528 4147 cum
1567 4095 1658 4147 illo
1692 4096 2006 4145 voluerunt.
2040 4092 2121 4146 llli

559 4181 650 4232 alii
687 4196 852 4233 uttttm
901 4181 1134 4234 habent:
1169 4183 1400 4236 alterum
1446 4200 1551 4237 non
1597 4192 1949 4252 receperunt;
1983 4193 2038 4237 et
2069 4193 2125 4236 ut

563 4273 613 4324 in
645 4273 954 4326 hominibus
985 4282 1191 4337 essent,
1219 4274 1322 4327 hoc
1352 4275 1574 4342 quidem
1613 4275 1750 4343 ipsis
1776 4275 2034 4344 contigit;
2069 4285 2127 4328 ut

561 4373 741 4416 autem
783 4363 1016 4416 salutem
1072 4379 1225 4416 suam
1279 4363 2025 4430 Salvatoricommitterent,
2074 4378 2126 4420 et

562 4469 683 4506 cum
729 4469 792 4506 eo
826 4453 916 4521 qui
967 4453 1149 4506 animo
1194 4454 1584 4526 voluntateque
1621 4457 1794 4511 bonus
1833 4469 1940 4522 est,
1973 4475 2127 4512 cont-

564 4544 927 4608 municarent,
961 4561 1066 4598 non
1110 4548 1357 4616 contigit.
1409 4547 1518 4601 llos
1551 4561 1894 4616 peccatorum
1925 4554 2128 4606 condo-

564 4633 783 4688 natione
817 4646 870 4689 et
903 4651 1106 4690 corona
1151 4637 1403 4706 justitiar,
1457 4649 1708 4707 tanquam
1759 4641 2034 4697 voluntate
2075 4651 2128 4696 et

2214 2174 2300 2242 ἐφ’
2327 2175 2459 2244 ἡμῖν
2485 2176 2629 2227 ἐστιν
2662 2173 2786 2227 οὔτε
2826 2176 2886 2228 τὸ
2916 2176 3248 2246 γεννηθῆναι
3293 2177 3414 2228 οὔτε
3471 2177 3530 2229 τὸ
3569 2180 3752 2231 ἀποθα-

2212 2265 2404 2327 νόντας
2431 2265 2866 2319 ἀναϐιώσκεσθαι
2889 2267 3048 2319 πάλιν
3071 2268 3102 2337 ἢ
3127 2268 3460 2322 τούναντίον.
3511 2270 3572 2321 'A
3595 2269 3644 2320 δὲ
3667 2269 3750 2338 τῆς

2215 2356 2484 2427 θελήσεως
2515 2358 2615 2427 τῆς
2649 2359 2991 2430 ἀνθρωπείας
3043 2361 3372 2430 ἐξήρτηται,
3433 2362 3570 2430 λέγω
3618 2361 3675 2429 δὴ
3701 2363 3751 2414 τὸ

2214 2449 2428 2504 ἑλέσθαι
2449 2451 2508 2502 τὸ
2531 2449 2755 2516 ἀγαθὸν,
2789 2450 3074 2519 ἁμαρτιῶν
3091 2451 3313 2518 ἄφεσις,
3343 2453 3503 2522 ἤθους
3528 2453 3747 2522 ὀρθότης,

2212 2542 2389 2610 ψυχῆς
2425 2541 2754 2610 καθαρότης,
2789 2541 2920 2594 Θεοῦ
2961 2542 3200 2611 φίλτρον,
3259 2547 3318 2595 τὸ
3369 2543 3567 2596 τούτων
3613 2541 3748 2596 ἆθλον

2213 2634 2245 2700 ἠ
2279 2632 2478 2700 ἐσχάτη
2515 2631 2878 2700 μακαριότης.
2915 2632 3099 2685 Ταῦτα
3120 2632 3173 2683 δὲ
3199 2633 3292 2700 ἐφ’
3311 2634 3438 2704 ἡμῖν
3459 2636 3567 2685 ἐστι
3593 2633 3748 2686 λαϐεῖν

2215 2724 2247 2792 ἦ
2303 2725 2512 2789 φυγεῖν,
2545 2723 2667 2774 ὅθεν
2701 2722 3041 2790 βουλομένοις
3087 2725 3186 2790 μὲν
3232 2724 3433 2788 ἔξεστι,
3495 2726 3563 2792 μὴ
3597 2723 3750 2792 βουλο-

2219 2813 2402 2880 μένοις
2431 2811 2488 2864 δὲ
2521 2813 2637 2873 πῶς
2661 2812 2725 2864 ἂν
2765 2812 2977 2879 γένοιτο
3001 2812 3181 2865 αὐτῶν
3207 2814 3505 2867 ἀπολαύειν
3526 2830 3539 2878 ;
3564 2816 3630 2866 Οὐ
3655 2813 3745 2881 γὰρ

2217 2903 2361 2955 ἐστιν
2395 2905 2622 2966 ἄκοντας
2657 2903 2883 2966 ἐθέλειν,
2915 2905 3034 2956 οὐδὲ
3067 2904 3218 2972 βιάζε
3233 2907 3359 2958 σθαι
3413 2905 3747 2975 βουλομένους.

2220 2993 2339 3045 Ἔτι
2370 2993 2424 3046 δὲ
2459 2993 2527 3046 δι’
2561 2996 2765 3046 ἐκεῖνον
2811 2995 2902 3046 τὸν
2937 2993 3125 3062 λόγον’
3159 2995 3292 3047 ἐπεὶ
3338 2996 3443 3066 γὰρ
3482 2996 3626 3065 μόνος
3649 2994 3779 3046 ἐλυσ-

2219 3099 2311 3134 σεν
2341 3086 2368 3134 ό
2409 3083 2616 3152 Κύριος
2662 3084 2762 3154 τὴν
2813 3084 2910 3152 μὲν
2972 3084 3296 3156 φύσιν-τῆς
3327 3086 3545 3156 φθορᾶς,
3581 3087 3669 3155 τὴν
3703 3085 3748 3137 δὲ

2218 3175 2446 3242 γνώμην
2479 3175 2578 3243 τῆς
2613 3174 2908 3244 ἁμαρτίας,
2938 3174 2998 3225 τὸ
3041 3176 3140 3243 μὲν
3186 3179 3528 3246 πρωτότοκος
3560 3178 3750 3244 γενόμε-

2219 3284 2306 3328 νος
2338 3265 2445 3316 τῶν
2479 3265 2708 3332 νεκρῶν,
2739 3263 2799 3316 τὸ
2827 3265 2881 3316 δὲ
2903 3265 3210 3334 πρόδρομος
3274 3267 3412 3338 ὑπὲρ
3439 3269 3582 3336 ἡμῶν
3607 3267 3750 3317 εἰσελ-

2225 3357 2334 3408 θὼν
2370 3357 2447 3418 είς
2471 3357 2536 3408 τὰ
2569 3357 2633 3408 Ἀ
2645 3373 2734 3423 για
2759 3357 2866 3408 τῶν
2891 3357 3080 3423 ἁγίων,
3117 3357 3212 3410 ἅτε
3246 3359 3344 3427 τὴν
3364 3359 3619 3429 ἁμαρτίαν
3643 3359 3754 3408 ἀπο-

2220 3448 2432 3507 κτείνας
2460 3452 2554 3500 καὶ⁸
2597 3448 2688 3500 τὸν
2720 3448 2854 3501 Θεὸν
2883 3451 3016 3518 ἡμῖν
3055 3449 3356 3514 διαλλάξας
3412 3451 3501 3501 καὶ
3535 3449 3587 3501 τὸ
3617 3447 3754 3516 μεσό-

2218 3558 2397 3608 τειχον
2456 3540 2770 3604 καταλύσας
2822 3543 2919 3594 καὶ
2979 3542 3118 3610 ὑπὲρ
3176 3543 3344 3611 ἡμῶν
3394 3542 3576 3595 ἑαυτὸν
3621 3538 3755 3599 αύτὶς

2220 3632 2473 3697 ἁγιάσας,
2527 3632 2612 3683 ἴνα
2685 3633 2776 3685 καὶ
2859 3633 3022 3702 ἡμεῖς
3095 3626 3262 3700 ὦμεν
3325 3633 3631 3703 ἡγιασμένοι
3703 3632 3752 3682 ὲν

2221 3720 2465 3790 ἀληθεία·
2514 3721 2751 3790 φανερὸν
2802 3722 2885 3774 ὅτι
2977 3721 3126 3790 μόνοι
3183 3722 3408 3776 λύοιντο
3456 3723 3520 3775 ἂν
3567 3721 3757 3779 είκότως

2221 3817 2316 3865 καὶ
2345 3812 2441 3880 τῆς
2465 3814 2666 3882 φθορᾶς
2690 3814 2781 3864 καὶ
2810 3813 2906 3880 τῆς
2936 3812 3208 3881 ἁμαρτίας
3271 3816 3322 3866 oi
3382 3817 3472 3867 καὶ
3518 3813 3754 3880 θεὶήσεως

2222 3904 2372 3973 αὐτῷ
2403 3906 2493 3957 καὶ
2524 3905 2739 3972 φύσεως
2761 3905 3145 3974 μετασχόντες,
3182 3906 3247 3958 τδ
3281 3906 3380 3976 μὲν
3401 3908 3472 3966 ώς
3488 3903 3746 3971 ἄνθρωποι,

2223 3999 2283 4048 τὸ
2323 3996 2378 4048 δὲ
2408 3996 2482 4058 ώς
2541 3997 2892 4064 ἠγαπηκότες
2953 3997 3050 4066 τὴν
3101 3998 3427 4065 ἐπιφάνειαν
3468 3994 3618 4049 αὑτοῦ
3679 3991 3754 4043 καὶ

2225 4089 2284 4140 τὸ
2361 4087 2530 4150 πάθος
2602 4089 2696 4139 καὶ
2783 4091 2896 4149 τοῖς
3001 4089 3392 4159 προστάγμασι
3479 4086 3753 4143 πεισθέντες

2225 4182 2318 4234 καὶ
2389 4181 2711 4247 θελήσαντες
2779 4179 2924 4249 ειπερ
3011 4181 3244 4244 ἐκεῖνος.
3339 4180 3400 4232 Οἳ
3468 4178 3626 4230 δὲτὸ
3670 4174 3754 4244 μὲν

2225 4269 2392 4339 εἶχον,
2423 4270 2483 4322 το
2516 4269 2570 4322 δὲ
2603 4270 2699 4322 ούκ
2737 4270 2985 4336 ἐδέξαντο
3015 4283 3028 4296 ⁸
3075 4270 3170 4323 καὶ
3225 4272 3285 4322 τὸ
3341 4269 3439 4337 μὲν
3482 4266 3755 4335 ἀνθρώποις

2227 4359 2366 4414 εἷναί
2396 4377 2546 4428 σφισι
2581 4363 2799 4426 συνέϐη.
2823 4361 3098 4413 πιστεύειν
3132 4350 3188 4413 δὲ
3215 4361 3292 4430 τῷ
3324 4361 3528 4429 Σωτῆρι
3554 4358 3644 4427 τὴν
3668 4371 3758 4406 cto-

2227 4456 2418 4524 τηρίαν
2461 4459 2550 4508 καὶ
2589 4457 2868 4507 κοινωνεῖν
2896 4454 2974 4522 τῷ
3029 4453 3224 4522 ἁγάθῳ
3282 4455 3380 4520 τῆς
3437 4451 3646 4518 γνώμης
3682 4445 3756 4496 οὐ·

2229 4547 2346 4599 κέτι
2383 4562 2398 4577 ο
2439 4547 2658 4610 τούτους
2689 4545 2787 4613 τῆς
2824 4546 2920 4612 μὲν
2953 4547 3198 4611 ἀφέσεως
3242 4545 3350 4598 τῶν
3383 4541 3648 4613 αμαρτιῶν
3679 4534 3757 4589 καὶ

2229 4637 2336 4690 τῶν
2363 4639 2456 4689 ἐπὶ
2495 4636 2813 4705 δικαιοσύνῃ
2849 4637 3128 4701 στεφάνων
3177 4638 3465 4688 ἐκπίπτειν
3497 4625 3758 4685 ἀκόλουθόν

564 4728 832 4782 sententia
861 4728 1208 4794 dissidentes,
1255 4745 1443 4784 carere
1479 4741 1904 4786 consentaneum
1939 4743 2044 4796 est,
2075 4744 2118 4787 el

2233 4731 2344 4781 ἐστι
2377 4731 2442 4797 τῇ
2477 4726 2668 4796 γνώμῃ
2700 4727 3102 4796 διισταμένους,
3127 4727 3357 4796 λυθῆναι
3394 4727 3449 4779 δὲ
3478 4724 3570 4792 τὴν
3593 4723 3758 4816 ἑτέραν

565 4819 740 4886 petire
770 4820 994 4874 alterum
1035 4821 1372 4875 libertatem:
1409 4837 1508 4876 nec
1533 4837 1655 4877 esse
1690 4823 1998 4892 quidquam.
2028 4825 2129 4877 im-

567 4911 879 4978 pedimenti,
908 4913 1224 4980 quominus,
1281 4929 1406 4968 cum
1473 4916 1717 4968 eamdem
1759 4931 1880 4970 cum
1914 4917 2129 4972 Christo

565 5009 814 5052 naturam
886 5002 1197 5066 obtineant,
1265 5003 1428 5056 etiam
1488 5005 1712 5056 redivivi
1776 5020 1806 5058 e
1861 5007 2129 5073 Sepulcris

564 5093 848 5145 exsistant.
880 5093 1093 5147 Etenim
1144 5093 1412 5162 baptisma
1460 5094 1637 5148 solum
1687 5095 1856 5150 beata:
1908 5097 2029 5150 vitte
2073 5099 2127 5151 in

566 5184 806 5249 Christo,
839 5200 945 5238 non
981 5185 1142 5239 etiam
1175 5186 1294 5238 vita:
1319 5201 1485 5240 causa
1527 5196 1646 5252 est,
1684 5189 2124 5257 quandoquidem

567 5276 766 5330 Christi
804 5292 951 5330 mors
981 5285 1034 5330 et
1070 5278 1392 5331 resurrectio
1453 5279 1706 5334 omnibus
1749 5281 2044 5348 aequaliter
2075 5289 2129 5333 el.

570 5369 896 5436 simpliciter
949 5369 1114 5422 vitam
1172 5368 1530 5423 immortalem
1559 5371 1888 5426 conciliavit.
1931 5371 2135 5440 Eapro-

571 5468 687 5525 pter
718 5457 1045 5512 resurrectio
1079 5457 1350 5513 universis
1371 5459 1692 5514 mortalibus
1716 5474 2007 5514 commune
2029 5460 2130 5512 do-

576 5565 705 5601 num
739 5561 860 5603 est:
899 5549 1151 5604 remissio
1185 5560 1363 5604 autem
1395 5540 1858 5620 peccatorum,et
1888 5551 2138 5606 cmlesws

573 5653 810 5700 coronae,
847 5648 898 5692 et
943 5655 1168 5709 regnum
1215 5641 1476 5696 caelorum
1528 5642 1594 5698 iis
1630 5643 1999 5695 tantummodo
2043 5643 2140 5695 tri-

578 5734 838 5798 buuntur,
874 5735 1075 5804 quibus
1121 5736 1354 5790 dehitatn
1391 5737 1912 5792 consummationem
1936 5735 2133 5800 addere

579 5823 649 5881 lic
677 5836 786 5880 tum
833 5829 939 5883 fuit
983 5829 1122 5900 τιδιιί
1167 5831 1290 5887 hinc
1333 5845 1390 5887 se
1433 5831 1743 5896 instituunt,
1802 5841 1859 5886 ut
1896 5830 2017 5885 vita:
2055 5830 2131 5886 illi

2231 4819 2543 4888 ἐλευθερίαν
2576 4819 2669 4869 καὶ
2707 4817 3007 4886 ἀναστῆναι
3036 4819 3131 4882 τῆς
3167 4817 3380 4884 φύσεως
3405 4816 3496 4880 τῆς
3525 4810 3680 4878 αὐτῆς
3695 4806 3758 4874 τῷ

2241 4909 2460 4980 Χριστῷ
2483 4908 2808 4978 γενομένους
2833 4909 2982 4962 οὐδὲν
3015 4908 3232 4961 κωλύει.
3273 4909 3346 4960 Τὸ
3375 4908 3479 4974 γὰρ
3509 4903 3759 4974 βάπτισμα

2228 5002 2327 5070 τῆς
2361 5003 2417 5053 ὲν
2448 4998 2672 5069 Χριστῷ
2713 5000 2989 5067 μακαρίας
3049 4999 3194 5066 ζωῆς
3224 4998 3402 5050 αἴτιόν
3451 4998 3562 5047 ἐστι
3603 4993 3757 5057 μόνον.

2229 5093 2288 5144 οὗ
2328 5092 2425 5160 τῆς
2454 5090 2621 5160 ξωῆιῗ
2665 5091 2850 5152 ἁπλῶς
2876 5093 2986 5159 γὰρ
3015 5091 3112 5156 τὴν
3141 5090 3404 5142 ἀθάνατον
3435 5087 3574 5156 ζωὴν
3603 5083 3656 5134 τὸ
3683 5079 3758 5130 τὸν

2232 5186 2466 5254 Χριστὸν
2497 5185 2749 5238 τεθνάναι
2812 5186 2905 5236 καὶ
2946 5183 3242 5236 ἀναϐεῶναι
3271 5182 3538 5251 παρέσχεν
3564 5173 3755 5244 63min);-

2233 5279 2329 5330 Διὰ
2355 5277 2512 5329 τοῦτο
2557 5279 2590 5345 ή
2620 5277 2716 5344 μὲν
2748 5277 3043 5337 ἀνάστασις
3094 5274 3274 5326 κοινόν
3307 5275 3424 5324 ἐστι
3463 5269 3624 5337 δῶρον
3669 5263 3756 5314 πᾶν

2234 5385 2317 5420 σιν
2349 5365 2680 5435 ἀνθρώποις,
2719 5367 2913 5434 ἄφεσις
2940 5367 2994 5418 δὲ
3015 5364 3306 5435 ἁμαρτιῶν
3337 5362 3426 5414 καῖ
3454 5362 3504 5412 oi
3539 5361 3592 5410 ὲν
3625 5356 3760 5421 οὐρα·

2233 5460 2343 5519 νοῖς
2391 5457 2646 5527 στέφανοι
2692 5461 2784 5512 καὶ
2820 5463 2852 5530 ἡ
2887 5461 3134 5530 βασιλεία
3189 5458 3409 5514 ἐκείνων
3447 5457 3641 5523 γίνεται
3680 5446 3759 5517 μ⁶¹

2237 5567 2347 5615 νον,
2421 5544 2503 5608 οἷς
2565 5550 2776 5618 ὑπῆρξε
2825 5555 3245 5620 προεισενέγκαι
3287 5553 3383 5621 τῆν
3440 5541 3758 5617 ὀφειλομένην

2239 5640 2571 5705 συντέλειαν,
2600 5643 2653 5695 οἳ
2673 5643 2958 5696 τάττουσιν
3017 5647 3246 5707 ἑαυτοὺς
3296 5640 3516 5703 ἐνθένδε,
3545 5637 3614 5697 ὡς
3633 5634 3759 5683 ἔστιν

2240 5733 2450 5795 οἰκείως
2479 5735 2622 5802 ἔχειν
2649 5735 2781 5804 πρὸς
2817 5738 2906 5788 τὸν
2939 5736 3048 5806 βίον
3072 5739 3278 5791 ἐκεῖνον
3304 5734 3392 5786 καὶ
3419 5732 3504 5783 τὸν
3533 5721 3755 5792 νυμφίον’

2251 5827 2579 5898 γεννώμενοι
2609 5828 2706 5899 μὲν
2753 5831 2972 5895 καινῶς,
3030 5833 3109 5886 ὅτι
3145 5827 3329 5889 καινξς
3361 5826 3550 5883 ἐκεῖνος
3589 5813 3753 5871 Ἀδάαο
