3992 6202
219 260 318 325 515
1264 274 1357 334 DE
1399 275 1577 335 VlTA
1620 275 1701 335 ΙΝ
1743 293 1747 323 <

1849 276 2082 339 RISTO
2121 281 2271 341 LIB.
2317 282 2395 347 II.
3346 294 3450 357 516

220 376 401 432 κάλλει
429 377 487 432 δὲ
539 377 845 448 λάμποντες
891 381 984 435 καὶ
1047 383 1143 455 τὴν
1176 384 1325 456 ὥραν
1373 387 1660 452 σώζοντες,
1716 390 1747 460 ἢ

1849 429 1857 451 ι
1887 405 2200 461 sponsoque
2222 394 2333 449 sint
2358 394 2561 462 idonei,
2595 398 2760 467 geniti
2802 401 3019 469 quidem
3053 417 3191 457 nova
3221 419 3450 472 genera-

218 468 395 531 αὑτοῖς
424 471 709 542 ἐνεποίησε
754 473 813 526 τὸ
861 474 1107 546 λουτρὸν,
1148 478 1232 531 δτι
1289 498 1307 530 ι
1347 480 1546 550 ὡραῖος
1595 480 1779 535 κάλλει

215 560 363 630 παρὰ
388 565 514 624 τοὺς
541 564 688 626 υίοὺς
721 566 1049 636 ἀνθρώπων,
1081 588 1100 619 ι
1135 571 1228 622 καὶ
1277 575 1377 638 τὴν
1409 572 1509 640 μὲν
1538 572 1780 643 κεφαλὴν

215 647 453 702 ἑστῶσαν
483 649 718 720 ἔχοντες,
774 649 882 706 οἶαι
913 655 1022 709 τῶν
1048 657 1469 729 όλυμπιονίκων,
1514 664 1598 716 ὅτι
1655 664 1778 717 στέ-

216 740 371 805 φανός
396 741 565 806 ἐστιν,
593 736 708 796 ὦτα
754 744 812 796 δὲ
840 746 921 799 ὅτι
977 747 1154 816 λόγος,
1215 750 1527 822 ὀφθαλμοὺς
1590 755 1648 808 δὲ
1695 756 1777 809 ὅτι

213 829 376 897 ἥλιος,
409 830 681 901 ὄσφρησιν
719 834 775 888 δὲ
825 835 908 888 ὅτι
954 838 1048 890 καὶ
1094 838 1263 911 μύρον
1298 844 1446 897 ἐστὶν
1492 847 1520 899 ό
1547 847 1776 915 νυμφίος

213 921 298 973 καὶ
320 921 493 990 μῦρον
522 924 846 993 ὲκκενωθὲν,
873 932 1060 999 σεμνοὶ
1086 931 1144 985 δὲ
1176 935 1272 985 καὶ
1298 936 1519 990 ἐπὶτῶν
1544 939 1776 1009 ἱματίων

209 1011 290 1064 διὰ
318 1014 413 1066 τὸν
433 1015 639 1084 γάμον.

1886 480 2052 546 tione,
2081 484 2336 552 quoniam
2374 485 2546 540 Adam
2594 488 2683 542 ille
2723 506 2896 545 novus
2936 502 3052 548 est:
3101 495 3300 550 decore
3344 497 3448 551 ful-

1881 582 2102 641 gentes,
2178 584 2233 629 et
2288 577 2747 645 pulchritudinem
2808 597 2838 636 a
2900 583 3113 638 lavacro
3168 600 3445 655 acceptam

1880 677 2270 721 conservantes
2297 687 2310 721 :
2352 687 2372 720 ι
2401 670 2536 736 Quia
2568 676 2849 741 speciosus
2876 676 3049 731 forma
3078 687 3159 733 est
3188 697 3295 749 pra:
3320 685 3445 736 filiis

1879 754 2164 810 hominum
2194 758 2271 823 7°;
2323 777 2341 810 ι
2411 770 2465 814 ιιι
2516 773 2678 831 caput
2732 774 2975 821 erectum
3035 769 3333 836 habentes,
3387 785 3444 826 ut

1878 846 2279 916 Olympionicas,
2326 853 2453 919 quia
2499 868 2700 907 corona
2734 868 2853 922 est;
2895 873 3055 914 aures
3079 871 3282 925 autem,
3314 866 3441 933 quia

1878 934 2100 987 Verbum
2125 947 2242 1001 est;
2300 938 2506 1004 oculos,
2535 941 2661 1009 quia
2693 944 2775 996 sol
2800 959 2814 1007 ;
2839 961 3019 1012 nares,
3046 949 3173 1016 quia
3199 966 3443 1020 unguen-

1880 1033 1988 1076 tum
2047 1034 2133 1078 est
2178 1041 2413 1094 sponsus
2459 1029 2569 1094 ille,
2622 1040 2676 1085 et
2720 1046 3050 1103 unguentum
3093 1036 3325 1095 effusum
3352 1042 3437 1095 '“z

1875 1112 2063 1168 habitu
2099 1128 2280 1169 autem
2312 1118 2549 1183 honesti,
2580 1130 2797 1190 propter
2822 1127 3062 1193 nuptias.

272 1185 418 1245 Εἶεν.
452 1192 637 1249 Ταῦτα
658 1196 713 1249 δὲ
733 1198 828 1250 καὶ
854 1199 990 1269 πρὸς
1027 1202 1215 1274 ἕτερον
1254 1207 1411 1278 φέρει
1445 1208 1664 1279 ζήτημα
1694 1211 1743 1264 δί

1941 1202 2007 1257 Et
2024 1206 2138 1259 ltzec
2169 1206 2387 1275 quidem
2404 1210 2717 1277 hujusmodi
2741 1226 2923 1268 sunto.
2945 1214 3165 1272 Exsistit
3194 1218 3297 1275 hoc
3317 1221 3437 1275 luto

204 1297 351 1334 καιον
383 1282 443 1335 ὃν
479 1286 552 1356 μὴ
590 1288 922 1358 περιῶφθαι.
970 1293 1032 1345 Ei
1067 1295 1175 1365 γὰρ
1207 1297 1267 1350 τὸ
1312 1299 1412 1366 μὲν
1440 1300 1646 1354 ἐθέλειν
1676 1319 1745 1355 κα

1871 1294 1972 1347 alia
2014 1299 2266 1365 quaestio,
2298 1314 2461 1367 quam
2495 1302 2651 1355 decet
2682 1320 2791 1357 non
2833 1307 3126 1376 negligere.
3165 1310 3219 1364 Si
3285 1316 3429 1367 enim

203 1375 489 1429 πιστεῦσαι
515 1379 609 1430 καὶ
640 1383 963 1449 προσελθεῖν
987 1386 1099 1439 τῶν
1125 1388 1220 1440 τοῦ
1255 1389 1631 1461 βαπτίσματος
1663 1392 1747 1446 δώ-

1870 1385 2027 1450 velle,
2055 1397 2109 1439 et
2173 1388 2517 1442 committere
2576 1406 2656 1455 se,
2726 1403 2781 1445 et
2820 1397 3099 1461 accedere,
3162 1399 3427 1454 donorum

201 1481 304 1531 ρων
319 1468 597 1539 ἐπιτυχεῖς
615 1475 945 1544 γεγενῆσθαι
993 1482 1423 1549 παρασκευάσει,
1442 1484 1502 1537 τὸ
1518 1484 1574 1537 δὲ
1595 1486 1747 1541 ταῢτι

1868 1475 2121 1545 baptismi
2146 1487 2428 1547 compotes
2451 1481 2647 1545 eﬂicit;
2677 1491 2729 1535 et
2762 1484 2875 1537 haac
2900 1484 3106 1555 fugere,
3130 1497 3213 1543 est
3246 1488 3432 1559 fugere

198 1556 421 1624 φεύγειν
450 1562 545 1613 καὶ
566 1562 667 1631 τὴν
698 1569 1079 1638 μακαριότητα
1110 1574 1288 1626 πᾶσαν
1309 1575 1523 1645 ἐκείνην
1543 1577 1747 1645 φεύγειπ

1867 1580 2084 1621 onmem
2137 1567 2563 1639 beatitudinem;
2602 1574 2691 1641 qui
2746 1575 2957 1644 abjecta
3020 1581 3427 1644 contmuniOm-,

194 1648 359 1715 ἐστὶν,
396 1654 522 1716 τοὺς
554 1656 693 1722 μετά
724 1658 785 1709 τὸ
827 1658 1011 1714 λαϐεῖν
1040 1662 1305 1732 ῥίψαντας
1341 1671 1434 1721 καὶ
1477 1669 1575 1739 τῆς
1627 1670 1747 1737 γνώ

1867 1668 1920 1712 et
1950 1658 2129 1727 priore
2150 1661 2418 1715 sententia
2452 1665 2591 1730 apud
2628 1670 3052 1733 sereprehensa,
3108 1679 3163 1725 et
3211 1672 3430 1726 Christo

196 1757 303 1808 μης
351 1742 451 1811 τῆς
496 1747 772 1815 προτέρας
816 1750 1041 1814 ἑαυτοὺς
1095 1755 1483 1826 μεμψαμένους
1535 1759 1630 1811 κα)Ι
1674 1761 1764 1814 τὸν

192 1832 424 1902 Κριστδν
444 1836 803 1907 ὴρνημένους,
830 1842 1045 1896 ὲπειδάν
1066 1847 1146 1909 είς
1177 1848 1277 1915 τὴν
1309 1847 1650 1919 Ἐκκλησίαν,
1679 1852 1765 1921 ἐφ’

190 1921 269 1985 οἷς
314 1925 627 1995 ὴνόμησαν,
679 1934 1036 2000 μεταγνόντες
1082 1938 1484 2005 αὐτομολῶσιν,
1538 1944 1566 1994 ό
1620 1944 1763 2012 ἱερὸς

196 2014 409 2083 θεσμὸς,
436 2020 725 2074 ἀκόλουθον
749 2023 808 2077 ὃν
834 2027 925 2078 ἐπὶ
945 2026 1006 2079 τὸ
1035 2027 1259 2099 λουτρὸν
1278 2031 1474 2095 αὐτοὺς
1495 2033 1646 2101 ἄγειν
1668 2036 1762 2088 καὶ

196 2108 257 2159 τὰ
294 2111 529 2176 μυστικά
563 2113 737 2166 τελεῖν
772 2115 832 2179 ἐξ
864 2118 1038 2187 ἀρχῆς
1069 2120 1216 2173 ώσάν
1249 2122 1309 2173 τὸ
1347 2124 1452 2175 πᾶν
1487 2124 1761 2179 ἀπολωλο-

201 2198 370 2264 κότας,
402 2202 430 2252 ό
459 2201 517 2254 δὲ
550 2203 627 2273 τῷ
655 2204 783 2276 θείῳ
810 2207 967 2278 μύρῳ
992 2208 1061 2262 τά
1090 2208 1315 2281 σώματα
1344 2214 1525 2273 αὐτοῖς
1552 2219 1760 2285 ἀποση-

207 2289 496 2358 μηνάμενος
548 2298 641 2347 καὶ
696 2297 863 2367 μηδὲν
907 2299 1068 2353 πλέον
1111 2306 1368 2373 προσθεὶς
1415 2305 1509 2359 τοῦ
1556 2307 1756 2361 κύκλου

207 2381 455 2449 γράφεται
489 2385 598 2437 τῶν
636 2389 844 2442 πιστῶν
869 2406 883 2421 ⁸
920 2392 971 2445 τί
1001 2388 1094 2447 οὖν
1124 2398 1261 2463 πρὸς
1291 2396 1463 2450 ταῦτα
1498 2399 1638 2451 εἴποι
1673 2417 1756 2463 τις

206 2474 295 2536 όνς
343 2476 410 2527 Ἢ
450 2477 595 2530 δυοῖν
622 2481 827 2535 τούτων
853 2483 981 2551 ἡμῖν
1013 2484 1109 2555 τὴν
1143 2487 1280 2554 πρὸς
1319 2487 1449 2541 Θεὸν
1478 2490 1757 2543 εὐσέϐειαν

204 2564 516 2635 δυναμένων,
542 2569 636 2623 τοῦ
667 2588 725 2624 τε
749 2573 934 2626 λαϐεῖν
962 2576 1242 2646 ὀφθαλμὸν
1268 2578 1377 2631 ἀπὸ
1408 2580 1515 2632 τῶν
1548 2599 1754 2654 μυστη-

206 2655 335 2719 ρίων,
360 2658 453 2711 τοῦ
489 2678 548 2713 τε
583 2662 820 2732 χρῆσθαι
868 2665 964 2718 καὶ
998 2668 1132 2737 πρὸς
1171 2668 1272 2738 τὴν
1300 2670 1491 2722 ἀκτῖνα
1538 2674 1754 2745 ἐκείνην

204 2746 339 2813 όρᾷν,
376 2752 489 2812 τοῖς
537 2753 897 2821 προδεδωκόσι
941 2758 1031 2810 τὸν
1082 2761 1509 2832 Χριστιανισμὸν
1551 2766 1611 2819 τὸ
1652 2766 1752 2834 μὲν

148 2824 155 2831 ’
198 2838 475 2894 ἀπόλλυται
503 2849 565 2894 τὸ
593 2843 866 2918 δεύτερον,
894 2849 1069 2903 ἐκεῖνο
1082 2824 1149 2904 δέ
1182 2856 1366 2921 μένει;
1394 2824 1536 2921 λέγω
1561 2855 1623 2921 δὴ
1652 2824 1750 2926 τὴν

196 2931 317 2995 πρὸς
366 2933 426 2984 τὸ
483 2933 701 3004 βλέπειν
754 2939 1169 3012 ἐπιτηδειότητα
1216 2950 1310 2997 καὶ
1362 2948 1744 3016 παρασκευήν.

1866 1750 2151 1820 abuegato,
2187 1751 2336 1807 ducti
2365 1755 2701 1821 paenitudine
2732 1758 2956 1813 sceleris
3003 1762 3089 1815 sui
3116 1763 3182 1816 ad
3246 1764 3428 1819 Eccle-

1864 1842 1999 1896 siam
2035 1843 2321 1911 redierint,
2378 1862 2500 1901 cum
2541 1862 2883 1917 consequens
2918 1851 2988 1905 sit
3043 1869 3135 1909 eos
3163 1855 3232 1908 ad
3286 1858 3428 1909 lava-

1863 1948 2014 1988 crum
2039 1935 2221 1989 statim
2251 1936 2469 2002 adduci,
2503 1949 2558 1994 et
2605 1941 2670 1995 de
2700 1943 2911 2012 integro
2963 1947 3224 2015 mysticas
3266 1964 3429 2002 caere-

1864 2025 2077 2080 monias
2100 2027 2372 2093 adhiberi,
2396 2040 2454 2083 tit
2475 2030 2566 2099 qui
2591 2040 2763 2086 totum
2790 2033 3033 2090 funditus
3057 2039 3423 2105 perdiderint;

1860 2119 2117 2172 Sacerdos
2143 2128 2322 2172 tamen
2345 2124 2673 2177 auctoritate
2704 2125 2835 2191 legis
2856 2127 3239 2183 ecclesiastica:
3264 2146 3425 2185 sacro

1864 2215 2071 2263 tantum
2101 2210 2223 2265 oleo
2254 2226 2481 2281 corpora
2524 2215 2797 2281 inunctos,
2855 2218 2996 2272 citra
3028 2223 3191 2273 ritum
3228 2223 3419 2281 alium,

1859 2298 2034 2351 ordini
2069 2300 2305 2353 fidelium
2338 2303 2595 2357 restituit.
2650 2304 2787 2369 Quid
2820 2309 2885 2359 ad
2932 2307 3036 2363 hoc
3089 2312 3425 2379 respondet;-

1859 2390 2297 2445 dum?Aneum
2350 2395 2462 2448 ΙηΒο
2514 2396 2622 2449 dno
2674 2399 2930 2465 pietatem
2997 2413 3233 2454 nostram
3291 2419 3417 2473 erga

1856 2481 2025 2535 Deum
2056 2486 2394 2551 contineant,
2424 2497 2533 2540 tum
2566 2493 2846 2558 accepisse
2873 2492 3090 2544 oculum
3129 2507 3159 2545 a
3216 2504 3420 2562 myste-

1856 2575 1975 2638 riis,
2007 2584 2119 2629 tutn
2145 2576 2266 2644 ejus
2303 2594 2460 2630 ttsum
2493 2579 2714 2643 habere,
2737 2590 2790 2635 et
2818 2582 3028 2635 radium
3050 2583 3203 2636 illum
3244 2585 3421 2639 intue-

1854 2667 1921 2730 ri,
1954 2667 2361 2725 Cliristianismi
2402 2672 2774 2740 proditoribus
2827 2691 2997 2729 ttnum
3042 2677 3227 2745 periit,
3278 2681 3424 2743 alte-1

1853 2773 1973 2811 rum
2008 2760 2136 2812 illud
2165 2770 2371 2825 manet,
2427 2762 2646 2819 habitus
2677 2764 2920 2834 inquam,
2948 2777 3001 2819 et
3060 2766 3295 2823 facilitas
3348 2774 3416 2823 ad

1854 2852 2139 2905 videndum
2169 2852 2391 2907 ?Causa
2417 2854 2531 2908 haec
2576 2865 2681 2921 est,
2710 2856 2838 2925 quia
2871 2857 2973 2911 hoc
2995 2859 3214 2927 quidem
3235 2859 3421 2914 volen-

1854 2941 1999 2996 tibus
2031 2946 2261 3009 perdere
2292 2943 2420 2999 licet
2443 2985 2457 3009 ,
2496 2946 2714 3012 quando
2745 2947 2797 3000 in
2835 2958 3023 3003 nostro
3053 2950 3283 3004 arbitrio
3308 2961 3415 3018 est,

192 3021 356 3076 Αἴτιον
391 3024 446 3077 δὲ
480 3026 563 3079 ὅτι
595 3028 654 3079 τὸ
689 3029 787 3098 μὲν
816 3032 1110 3086 ἀποϐαλεῖν
1158 3034 1335 3101 ἔξεστι
1383 3037 1744 3106 βουλομένοις,

1852 3035 2104 3107 autsolis
2132 3036 2253 3088 luce
2305 3034 2623 3104 aspicienda
2672 3038 2954 3105 delectari,
3008 3051 3103 3093 aut
3151 3042 3415 3097 adversus

192 3114 435 3186 ἡμέτερον
464 3118 576 3187 γὰρ
604 3119 636 3191 ἢ
664 3121 886 3191 στέρξαι
908 3123 999 3175 τὸν
1028 3125 1179 3195 ἥλιον
1214 3126 1245 3195 ἢ
1281 3127 1415 3197 πρὸς
1439 3128 1536 3198 τὴν
1558 3130 1748 3184 ἀκτῖνα

192 3205 350 3273 μῦσαι
388 3208 479 3261 τὸν
516 3208 827 3278 ὀφθαλμόνθ
865 3214 923 3266 τό
952 3231 1015 3281 γε
1049 3216 1155 3285 μὴν
1183 3217 1345 3270 αὐτὸν
1394 3220 1621 3287 ἐκκόψαι
1654 3220 1746 3273 τὸν

186 3293 447 3365 όφθαλμδν
471 3301 565 3352 καὶ
584 3300 681 3369 τὴν
708 3301 904 3356 πλάσιν
927 3305 1141 3378 ἐκείνην
1169 3309 1481 3362 παντάπασι
1508 3310 1745 3380 διαφθεῖ-

189 3401 268 3451 ραι
312 3388 414 3441 τῶν
457 3392 756 3461 ἀμηχάνων
796 3396 947 3464 ἡμῖν.
993 3398 1054 3450 El
1098 3398 1206 3470 γὰρ
1249 3402 1358 3455 τῶν
1397 3404 1453 3455 ὲν
1490 3406 1556 3475 τῇ
1596 3405 1741 3477 ψυχῇ

184 3475 466 3549 δυνάμεων,
511 3487 631 3551 μεθ’
700 3477 773 3539 ὧν
818 3488 967 3557 ἡμᾶς
994 3490 1028 3560 η
1068 3492 1229 3557 φύσις
1276 3495 1584 3565 ἐγέννησεν,
1632 3475 1742 3551 οὐδδ

184 3567 415 3635 ἡντινοῦν
444 3573 726 3645 δυνάμεθα
753 3577 921 3642 λύειν,
953 3580 1155 3651 ἥκιστα
1182 3582 1247 3653 δὴ
1274 3585 1491 3640 πάντων
1518 3588 1584 3658 ἢν
1610 3590 1741 3658 ἡμῖν

180 3659 479 3727 ἀναγεννῶν
525 3666 684 3729 αὐτὸς
717 3669 935 3736 ἀμέσως
966 3672 1223 3743 ἐνέθηκεν
1247 3677 1274 3727 ό
1304 3676 1470 3741 Θεόςο
1499 3681 1622 3733 ἐπεὶ
1646 3682 1739 3734 καὶ

176 3750 300 3803 αὐτὸ
340 3754 396 3806 τὸ
420 3757 479 3807 ὲν
511 3759 644 3825 ἡμῖν
672 3759 995 3830 ἡγούμενον,
1032 3764 1059 3816 ὅ
1098 3767 1152 3817 τί
1184 3768 1315 3820 ποτέ
1338 3772 1475 3834 ἐστι,
1516 3771 1737 3827 πλάττει

175 3843 264 3895 καὶ
298 3845 567 3918 διατίθησι
617 3850 679 3902 τὸ
722 3851 967 3921 λουτρὸν,
1017 3856 1129 3909 εἴτε
1171 3857 1331 3925 λόγου
1377 3862 1473 3914 καὶ
1513 3861 1739 3931 γνώμης

174 3933 489 4006 αὐτονομίαν
514 3978 530 4001 ,
553 3938 654 3992 εἷθ’
677 3940 862 4011 ἕτερον
900 3944 1082 3997 ὁτιοῦν
1112 3947 1217 4017 χρὴ
1247 3948 1405 4002 τοῦτο
1424 3950 1662 4019 νομίσαι,
1693 3948 1737 4020 ᾧ

174 4024 314 4076 πᾶσα
352 4026 449 4095 μὲν
491 4029 629 4080 είκει
676 4029 905 4100 δύναμις
947 4034 1044 4102 τῆς
1094 4034 1275 4105 ψυχῆς
1319 4038 1414 4090 καὶ
1462 4040 1600 4109 πρὸς
1636 4044 1737 4110 τὴν

171 4113 368 4168 ἐκείνου
394 4118 621 4187 φέρεται
650 4128 884 4190 κίνησιν,
905 4124 1214 4179 ὲπιττάττει
1242 4128 1296 4181 δὲ
1323 4129 1478 4183 οὐδὲν
1502 4131 1622 4185 οὐδὲ
1644 4133 1735 4185 δύο

171 4222 321 4261 ναται
365 4211 748 4278 μεταϐάλλειν,
793 4214 906 4267 ἀλλ’
935 4216 1056 4269 οὐδὲ
1093 4217 1225 4271 αὐτὸ
1257 4221 1419 4275 ἑαυτό
1440 4239 1454 4254 ο
1488 4226 1734 4292 κρεῖττον

172 4299 271 4367 γὰρ
294 4300 444 4353 οὐδὲν
476 4302 674 4366 γένοιτ’
701 4304 767 4357 ἂν
812 4305 1031 4370 ἑαυτοῦ,
1072 4309 1167 4361 καὶ
1203 4309 1312 4379 μὴν
1340 4311 1460 4365 οὐδὲ
1486 4313 1576 4366 τὸν
1600 4314 1732 4369 Θεὸν

1850 3124 2061 3176 radium
2125 3124 2243 3187 ejus
2300 3125 2556 3181 claudere
2623 3128 2844 3182 oculum
2900 3147 2914 3183 :
2971 3146 3162 3186 eruere
3204 3144 3411 3198 ,antetn

1847 3213 2027 3282 ipsum
2070 3215 2315 3279 oculum,
2357 3223 2799 3287 structuramque
2847 3219 2992 3273 illam
3065 3222 3279 3289 penitus
3337 3225 3407 3274 vi-

1847 3305 2003 3369 tiare,
2062 3305 2220 3360 nobis
2279 3318 2361 3360 est
2439 3309 2668 3363 nitnium
2716 3320 2978 3379 quantum
3042 3314 3274 3367 dillicilc.
3353 3313 3411 3368 Si

1843 3398 1988 3452 enim
2038 3397 2356 3453 facultatum
2411 3400 2626 3464 animae,
2663 3419 2791 3457 cum
2851 3404 3052 3473 quibus
3105 3422 3203 3460 nos
3250 3416 3410 3460 natu-

1843 3504 1902 3542 ra
1936 3490 2142 3559 genuit,
2170 3490 2491 3561 disperdere
2543 3493 2754 3547 nullam
2810 3509 3119 3563 possumus,
3183 3498 3409 3553 minime

1841 3585 2082 3636 omnium
2113 3583 2256 3637 illam
2289 3586 2614 3654 poterimus,
2641 3601 2806 3656 quam
2861 3588 3021 3642 nobis
3084 3605 3409 3657 regenerans

1842 3674 1958 3744 ipse
2000 3675 2143 3730 Deus
2170 3692 2269 3745 per
2299 3693 2357 3732 se
2386 3677 2586 3732 indidit
2619 3696 2632 3731 :
2663 3677 2937 3748 siquidem
2979 3692 3032 3734 et
3056 3682 3230 3750 ipsum
3259 3683 3407 3751 quod

1841 3765 1894 3818 in
1921 3767 2076 3820 nobis
2098 3767 2308 3821 obtinet
2342 3769 2731 3839 principatum,
2763 3770 3129 3840 quodcunque
3176 3775 3395 3827 tandem

1839 3866 1942 3920 est,
1977 3856 2176 3911 format
2219 3867 2271 3910 et
2296 3861 2575 3926 componit
2623 3862 2899 3919 lavacrum
2927 3879 2941 3914 :
2969 3863 3085 3916 sive
3103 3865 3151 3916 id
3175 3864 3407 3918 rationis

1837 3957 1891 4000 et
1913 3946 2112 4000 mentis
2137 3951 2476 4014 autonomia,
2501 3951 2617 4005 sive
2641 3951 2788 4005 aliud
2812 3956 3185 4023 quodcunque
3214 3958 3406 4011 existi-

1840 4037 2096 4091 mandum
2115 4047 2218 4101 est,
2251 4040 2338 4093 cui
2380 4040 2560 4095 omnis
2583 4042 2777 4095 animae
2812 4042 2984 4097 virtus
3011 4046 3173 4110 cedit,
3235 4056 3288 4101 et
3333 4050 3407 4107 ad

1838 4138 2040 4182 motum
2075 4129 2359 4184 illiussese
2392 4132 2786 4197 accommodat,
2826 4135 2913 4189 cui
2960 4136 3096 4189 nihil
3150 4138 3400 4207 imperat,

1836 4222 2089 4290 quodque
2123 4221 2321 4297 mutari
2349 4235 2379 4275 a
2411 4221 2559 4275 nulla
2591 4239 2649 4277 re
2678 4233 2877 4292 potest.
2909 4224 3015 4282 Sed
3070 4245 3169 4285 nec
3222 4233 3403 4302 ipsum

1835 4310 2187 4380 semetipsum
2219 4321 2395 4366 mutat
2422 4330 2439 4379 ;
2468 4312 2605 4367 nihil
2631 4316 2774 4369 enim
2834 4318 3015 4387 scipso
3033 4323 3228 4379 melius
3285 4324 3401 4378 fieri

173 4390 324 4454 εἰκός.
351 4394 421 4445 Οὐ
462 4395 571 4464 γὰρ
602 4396 843 4463 ἀφέλοιτ’
872 4398 938 4450 ἂν
966 4392 1040 4452 ὧν
1076 4374 1215 4469 ἡμῖν*
1248 4374 1509 4457 κατέθετο
1545 4404 1732 4477 δώρων

1849 4374 2149 4468 luem-Sed
2180 4417 2354 4471 neque
2379 4374 2551 4457 a'Deo
2581 4406 2781 4459 mutari
2826 4374 3046 4478 aequum

173 4481 311 4537 οὐδέν
335 4500 351 4517 ο
396 4506 413 4539 ι
485 4487 903 4561 Ἀμεταμέλητα
942 4492 1051 4562 γὰρ
1090 4493 1158 4546 τὰ
1195 4494 1533 4565 χαρίσματα,
1574 4501 1734 4570 φησι,
1776 4548 1787 4565 ,

171 4574 253 4627 τοῦ
282 4577 436 4645 Θεοῦ,
480 4598 504 4631 ι
532 4580 627 4633 καὶ
657 4581 790 4647 ὅλως
820 4582 1045 4653 ἄπειρος
1074 4587 1405 4656 ἀγαθότητος
1434 4588 1510 4641 ὢν
1545 4590 1735 4659 βούλε-

168 4678 246 4715 ται
276 4668 381 4720 πᾶν
408 4670 542 4737 ημῖν
567 4669 795 4739 ἀγαθὸν,
838 4671 932 4743 καὶ
968 4672 1149 4726 δίδωσί
1177 4691 1239 4743 γε
1272 4675 1475 4730 ἀλύτου
1508 4679 1606 4748 τῆς
1638 4680 1733 4733 τοῦ

168 4754 497 4823 αὑτεξουσίου
526 4760 814 4831 προεδρίας
845 4761 1234 4834 ὑποκειμένης.
1280 4766 1532 4822 Τοιοῦτιν
1574 4769 1632 4821 δὲ
1670 4769 1732 4823 τὸ

166 4849 245 4899 τοῦ
283 4848 662 4922 βαπτίσματος
690 4853 915 4920 ἀγαθόν.
949 4854 1024 4907 Οὐ
1054 4858 1160 4924 γὰρ
1189 4857 1346 4927 ἀγχει
1372 4861 1473 4931 τὴν
1502 4861 1729 4931 γνώμην

164 4939 270 4994 οὑδὶ
292 4943 535 5014 κατέχει,
561 4944 697 4997 ἀλλά
719 4945 949 5017 δύναμις
964 4942 1113 5001 μοῦσα
1140 4950 1267 5011 τοὺς
1291 4952 1388 5019 μὲν
1408 4954 1728 5023 χρωμένους

162 5033 297 5086 οὐδὲν
317 5036 559 5088 ἐκώλυσε
587 5038 767 5104 μεῖναι
799 5040 1091 5111 πονηροὺς⁹
1123 5041 1373 5111 καθάπερ
1402 5045 1497 5096 καὶ
1526 5045 1586 5098 τὸ
1618 5048 1725 5100 σῶν

162 5116 290 5187 ἔχειν
325 5123 416 5175 τὸν
448 5122 728 5193 ὀφθαλμὸν
758 5126 859 5178 οὑκ
894 5126 960 5178 ἂν
1002 5130 1270 5200 προσταίη
1310 5134 1423 5194 τοῖς
1454 5134 1512 5185 ἐν
1546 5136 1725 5188 σκότει

163 5206 249 5277 ζῇν
276 5211 615 5282 βουλομένοις
636 5232 649 5245 ·
680 5218 774 5268 καὶ
799 5216 958 5285 δῆλον
987 5219 1233 5285 αὐτόθεν,
1258 5222 1412 5276 αὐτοὶ
1441 5224 1549 5294 γὰρ
1576 5221 1720 5280 οὗτοι

162 5298 422 5372 μάρτυρες
453 5307 643 5373 σαφεῖς
673 5308 723 5359 οἱ
755 5308 895 5376 μετὰ
928 5308 989 5361 τὸ
1020 5310 1317 5365 λούσασθαι
1346 5314 1531 5369 καὶτὰ
1573 5317 1718 5368 ἐκεῖ-

161 5386 241 5442 θεν
286 5394 470 5448 πάντα
516 5394 703 5450 λαϐεῖν
755 5400 986 5477 είςθτὴν
1033 5403 1272 5474 ἐσχάτην
1325 5406 1580 5461 ἀσέϐειαν
1628 5409 1721 5462 καὶ

163 5483 446 5558 μοχθηρίαν
467 5488 857 5562 ὲξενεχθέντες.
883 5492 984 5547 Διά
1014 5495 1186 5549 ταῦτα
1209 5496 1389 5553 τοίνυν
1412 5500 1490 5571 τῷ
1515 5503 1590 5572 μὴ
1618 5502 1718 5565 τὰς

226 5663 426 5722 "Psal.
461 5684 587 5737 ειν,
616 5671 669 5726 5.
748 5671 790 5703 ⁷⁸
832 5670 992 5727 Cant.
1029 5689 1066 5741 t,
1100 5674 1154 5727 2.
1234 5678 1277 5707 τ’
1319 5674 1473 5729 nam.
1516 5692 1589 5742 xi,
1632 5677 1724 5733 εις).

1831 4492 1976 4545 enim
2014 4491 2081 4544 de
2106 4492 2267 4547 donis
2297 4494 2413 4549 suis
2442 4497 2552 4549 ullo
2576 4511 2674 4551 nos
2722 4500 2982 4565 spoliabit
3016 4516 3033 4555 :
3070 4520 3088 4552 ι
3126 4502 3218 4557 Dei
3250 4505 3398 4559 enim

1830 4584 1972 4638 dona
2005 4586 2125 4639 sine
2172 4587 2493 4655 pcenitentia
2521 4597 2671 4655 sunt,
2708 4608 2727 4640 ι
2768 4592 2944 4660 inquit
2974 4593 3266 4661 Apostolus
3326 4598 3397 4651 ι’.

1828 4674 1884 4729 1η
1936 4691 2169 4740 summa,
2200 4677 2423 4731 inﬁnitae
2451 4679 2715 4735 bonitatis
2751 4696 2874 4735 cum
2926 4682 3019 4745 sit,
3049 4685 3197 4750 cupit
3221 4695 3274 4739 et
3304 4686 3401 4740 dat

1828 4768 1987 4822 nobis
2014 4783 2177 4822 omne
2228 4770 2456 4835 bonum,
2519 4770 2591 4824 ita
2635 4780 2815 4825 tamen
2879 4781 2939 4825 ut
2982 4776 3397 4845 praerogativam

1828 4873 1982 4914 suam
2018 4860 2189 4915 libera
2221 4860 2475 4916 voluntas
2504 4871 2691 4916 nostra
2724 4877 2939 4933 semper
2964 4865 3218 4920 retineat.
3264 4866 3399 4922 Tale

1827 4960 1911 5007 est
1938 4951 2277 5021 baptismatis
2305 4953 2529 5008 bonum.
2552 4950 2670 5008 Non
2687 4954 2836 5008 enim
2893 4965 3127 5012 mentem
3155 4967 3399 5014 coarctat

1828 5056 2003 5108 neque
2031 5042 2317 5111 opprimit,
2350 5043 2444 5097 sed
2475 5058 2597 5098 cum
2622 5044 2695 5098 sit
2719 5044 2799 5099 vis
2838 5054 2890 5100 et
2944 5045 3198 5112 facultas,
3236 5062 3398 5102 uten-

1825 5134 1970 5188 tibus
1994 5132 2254 5202 prOdest;
2296 5151 2404 5189 non
2441 5143 2657 5193 utentes
2684 5145 2863 5191 autem
2907 5154 3131 5194 manere
3188 5141 3397 5209 impro-

1826 5226 1925 5280 bos
1958 5241 2066 5280 non
2087 5236 2234 5282 vetat
2265 5245 2279 5284 :
2313 5229 2455 5283 sicut
2487 5240 2542 5284 et
2570 5244 2762 5285 sanum
2805 5232 3007 5286 habere
3065 5230 3285 5287 oculum
3341 5232 3394 5284 in

1829 5320 2068 5375 tenebris
2091 5320 2372 5376 ambulare
2392 5322 2700 5377 volentibus
2725 5322 3113 5389 impedimento
3133 5337 3241 5376 non
3268 5323 3392 5376 erit.

1830 5412 2006 5482 llujus
2062 5414 2139 5468 rei
2193 5422 2356 5469 testes
2417 5424 2546 5469 sunt
2604 5416 2869 5471 luculenti
2930 5418 3048 5485 qui,
3105 5424 3393 5481 postquam

1831 5504 1999 5561 abluti
2048 5516 2101 5560 et
2133 5508 2317 5563 omnia
2349 5508 2497 5565 illius
2534 5510 2778 5580 mysterii
2809 5509 2993 5577 adepti
3024 5508 3276 5571 fuissent,
3334 5506 3392 5559 in
