3838 6192
509 276 608 340 ειι

1762 260 2067 320 NlCO..Al
2116 253 2507 316 CABASH..E

3573 252 3652 316 Sit

511 403 815 448 extremam
849 387 1181 458 impietatem
1229 379 1749 456 pervcrsitatemque
1790 390 1852 430 se
1892 374 2080 444 praeci-

2208 370 2494 428 ,ντεθείσας
2519 363 2816 418 ἀποθέσθαι
2845 363 3098 431 δυνάμεις
3128 363 3352 424 πλάσεως
3372 363 3588 433 δευτέροις
3607 368 3655 420 οὐ

516 486 777 553 pitarunt.
802 479 1187 543 Quamobrem.
1222 472 1345 540 quia
1391 468 1671 523 facultates
1723 465 1924 519 inditas
1966 479 2070 515 non

516 579 915 642 deposuerunt,
975 577 1031 618 ut
1086 565 1254 616 altera
1305 559 1625 614 formatione
1670 573 1775 610 non
1829 563 2071 623 egentes,

518 663 775 718 sacerdos
805 669 1142 724 nequaquam
1169 652 1332 711 lavat,
1351 651 1442 704 sed
1465 651 1721 702 unctione
1739 645 2075 714 spiritualem

520 751 626 801 illis
649 745 874 816 gratiam
908 740 1180 804 immittit,
1217 740 1457 808 pietatis,
1487 737 1727 804 inquam,
1759 743 1814 787 et
1860 732 2076 787 timoris

521 837 634 900 Dei,
662 846 713 888 et
736 832 1040 894 charitatis,
1082 841 1135 884 et
1164 831 1424 885 virtutum
1459 827 1794 896 huiusmodi,
1831 840 1954 893 quze
2009 824 2076 876 ad

519 928 848 978 voluntatem
875 936 1207 991 sensumque
1234 921 1523 989 pristinum
1574 919 1942 972 revocandum
1978 931 2076 968 va-

523 1013 651 1064 lent.
689 1010 800 1063 lloc
819 1010 964 1062 enim
1012 1011 1068 1061 in
1104 1009 1186 1061 his
1232 1011 1326 1076 qui
1385 1007 1670 1061 initiantur
1741 1013 2081 1073 unguentum

523 1109 720 1171 potest.
755 1099 821 1152 Et
854 1103 965 1154 haec
999 1099 1222 1169 quidem
1262 1099 1565 1163 hactenus;
1589 1097 1657 1151 ad
1689 1097 1900 1160 reliqua
1961 1110 2086 1157 per-

525 1208 731 1261 gamus.

603 1282 826 1336 Constat
857 1283 1021 1351 igitur
1049 1297 1111 1334 ex
1147 1281 1232 1335 bis
1255 1295 1376 1348 qua:
1397 1279 1776 1343 disseruimus,
1802 1294 1894 1333 eos
1925 1278 2084 1331 vitam
2130 1270 2138 1276 “

530 1374 730 1426 Christi
763 1376 961 1437 vivere,
986 1373 1078 1440 qui
1113 1388 1204 1438 per
1232 1371 1559 1439 baptismum
1592 1371 1770 1423 denuo
1801 1370 1912 1422 nati
1937 1383 2086 1422 sunt.

531 1469 660 1529 Quae
685 1467 753 1518 sit
776 1478 952 1518 autem
980 1466 1087 1518 vita
1112 1463 1337 1526 Christi,
1376 1462 1428 1516 id
1463 1470 1564 1525 est,
1593 1477 1711 1529 qua:
1736 1462 1808 1514 sit
1838 1461 1926 1514 illa
1953 1477 2086 1514 con-

533 1557 685 1619 ditio,
722 1573 827 1622 qua
860 1556 1129 1623 baptismo
1164 1554 1334 1618 fruiti,
1368 1564 1420 1607 et
1455 1554 1599 1607 unda
1631 1552 1910 1606 salutifera
1942 1553 2093 1605 ablu-

541 1650 600 1709 ti,
633 1649 754 1700 vitae
792 1647 991 1700 Christi
1025 1646 1453 1707 communicant,
1486 1643 1724 1697 nuntium
1759 1643 1980 1711 planum
2012 1650 2093 1696 est

537 1738 758 1792 factum.
784 1736 935 1802 Quod
963 1753 1096 1804 pene
1131 1745 1303 1790 totum
1367 1735 1726 1790 excellentius
1765 1743 1868 1799 est,
1929 1750 2090 1803 quam

541 1846 597 1884 ut
641 1832 920 1883 butuimtm
954 1830 1134 1883 verbis
1162 1829 1428 1882 declarari
1462 1829 1652 1898 possit.
1689 1829 1781 1882 Est
1810 1829 1954 1881 euint
1985 1831 2094 1880 vir-

539 1936 623 1977 tus
660 1924 871 1976 venturi
902 1922 1110 1988 saeculi,
1140 1922 1432 1976 ut'Pattlus
1474 1923 1650 1984 docet,
1707 1930 1764 1974 et
1809 1922 1874 1974 ad
1929 1923 2093 1972 vitam

539 2017 695 2069 aliam
724 2015 1066 2082 praeparatio.
1095 2014 1394 2083 Sicutcrgo
1437 2014 1609 2068 virtus
1640 2014 1949 2076 oculorum,
2004 2023 2098 2064 aut

537 2105 739 2158 coloris
773 2105 941 2172 lepos,
971 2104 1073 2159 nisi
1112 2105 1295 2157 lumen
1342 2105 1652 2165 accesserit,
1699 2117 1804 2156 ιιοιι
1841 2105 2098 2173 perspici-

541 2206 650 2259 tur,
687 2210 785 2247 nce
813 2206 1038 2264 possunt
1068 2195 1410 2264 vigilantium
1479 2210 1566 2248 res
1622 2209 1950 2262 ceguoscere
2009 2195 2099 2263 qui

536 2288 836 2352 dormiunt,
868 2289 1106 2354 quanditt
1155 2288 1450 2347 dormiunt.
1505 2287 1758 2342 similiter
1809 2301 1908 2339 nec
1964 2300 2101 2339 nova

543 2379 782 2430 membra
834 2389 885 2430 ct
923 2377 1230 2440 facultates,
1277 2392 1398 2446 quae
1451 2382 1566 2430 sola
1616 2378 1681 2430 ad
1730 2375 1968 2430 futuram
2028 2377 2101 2428 ri-

544 2480 651 2520 tam
684 2469 1058 2534 requiruntur,
1099 2468 1153 2519 in
1201 2468 1301 2519 hac
1331 2467 1457 2528 vita,
1493 2466 1750 2534 quidnam
1786 2467 1942 2534 plane
1972 2465 2098 2529 sint,

541 2572 593 2614 et
625 2560 766 2628 qttod
792 2560 900 2611 illis
926 2559 1090 2612 decus
1124 2558 1274 2618 insit,
1319 2561 1577 2627 cognosci
1610 2568 1865 2627 possunt;
1901 2573 2103 2627 cogna-

546 2653 763 2702 tnenim
798 2650 1005 2701 munio'
1071 2647 1352 2702 e'tlumine
1393 2649 1747 2702 conveniente
1801 2662 1936 2715 Opus
1997 2657 2101 2700 est.

544 2743 704 2806 Atqui
738 2741 940 2793 Christi
971 2739 1214 2792 membra
1251 2754 1462 2800 sumus,
1507 2750 1560 2791 et
1595 2739 1696 2792 hoc
1730 2737 1941 2791 ellicere
1973 2738 2106 2805 bap-

543 2833 692 2885 tismi
740 2841 820 2901 est
851 2831 1148 2900 negotium.
1186 2831 1454 2898 Splendor
1513 2840 1692 2882 autem
1735 2830 2101 2882 membrorum

540 2932 597 2974 et
628 2920 889 2989 elegantia
924 2920 976 2971 in
1012 2919 1186 2986 capite
1211 2916 1483 2970 cousiSIit.
1519 2914 1672 2968 llaud
1696 2915 1841 2968 enim
1876 2915 2104 2982 pulchra

2173 461 2459 529 δεομένους
2498 457 2526 507 ὁ
2572 457 2750 526 ἱερεὺς
2794 453 2944 507 λούει
2993 453 3090 521 μὲν
3129 453 3398 519 οὐδαμῶς,
3443 457 3581 523 χρίων
3615 459 3658 513 δὲ

2176 550 2548 621 πνευματικὴν
2568 549 2742 616 ἐνίησι
2762 543 3235 616 χάρινιεὺσεϐείας,
3252 537 3413 612 οἶμαι,
3440 545 3518 595 καὶ
3533 547 3661 613 φόϐου

2175 643 2310 696 Θεοῦ
2341 646 2435 696 καὶ
2460 641 2680 708 ἀγάπης
2706 639 2799 691 καὶ
2831 637 2937 689 τῶν
2963 635 3232 695 τοιούτων,
3267 633 3302 686 ὃ.
3338 634 3426 703 τὴν
3449 637 3664 704 προτέραν

2179 735 2359 794 αὐτοῖς
2389 728 2779 784 ἀνακαλεῖσθαι
2813 727 3035 781 δύναται
3072 723 3290 794 γνώμην
3312 737 3327 754 ⁵
3364 724 3557 777 τοιαῦτα
3583 729 3664 794 γὰρ

2178 827 2288 886 τοῖς
2327 822 2670 889 τελουμένοις
2709 819 2825 889 ἔχει
2856 819 2918 870 τὸ
2966 817 3154 887 μύρον.
3190 817 3293 869 Καὶ
3319 815 3472 868 ταῦτα
3507 816 3588 883 μὲν
3608 819 3667 878 εἰς

2181 914 2432 968 τοσοῦτον
2455 928 2467 942 ·
2497 912 2592 964 ἐπὶ
2623 911 2678 964 δὲ
2706 910 2776 962 τὰ
2806 909 2931 977 έξῆς
2963 909 3054 962 τοῦ
3080 908 3235 976 λόγου
3275 907 3533 977 χωρῶμεν.

2256 1257 2493 1324 traveva
2535 1257 2630 1323 μὲν
2669 1253 2760 1308 οῦν
2813 1256 2876 1306 ὲκ
2908 1251 3014 1305 τῶν
3045 1251 3344 1322 εἰρημένων
3387 1251 3454 1313 ὡς
3487 1252 3575 1320 ἄρα
3602 1252 3677 1319 τὴν

2191 1345 2332 1416 ζωὴν
2375 1345 2467 1398 τοῦ
2519 1345 2756 1415 Χριστοῦ
2808 1344 2974 1409 ζῶσιν
3013 1347 3060 1398 οἱ
3107 1344 3192 1397 διὰ
3233 1342 3320 1396 τοῦ
3372 1341 3678 1411 βαπτίσματος

2191 1437 2557 1507 γεννηθέντες.
2593 1437 2656 1490 Τί
2684 1437 2737 1488 δὲ
2758 1439 2791 1506 ἡ
2821 1437 2912 1489 τοῦ
2944 1436 3176 1504 Χριστοῦ
3211 1436 3350 1500 (toﬁ;
3389 1431 3528 1498 Λέγω
3552 1431 3622 1500 δὴ,
3641 1432 3680 1482 τί

2194 1532 2340 1582 ἐστιν
2367 1531 2542 1581 ἐκεῖνο
2570 1530 2631 1580 τὸ
2671 1529 2860 1592 πάθος,
2893 1528 2921 1579 ὃ
2947 1527 3039 1580 τοῦ
3067 1527 3424 1596 βαπτίσματος
3448 1523 3682 1576 ἀπολελαυ-

2196 1622 2351 1682 κότες
2383 1621 2432 1671 οῖ
2461 1619 2769 1690 λελουμένοι
2797 1619 2889 1672 τοῦ
2929 1619 3045 1688 βίου
3074 1617 3150 1687 τῷ
3180 1615 3388 1685 Χριστῷ
3409 1614 3681 1676 κοινωνοῦσι,

2125 1709 2164 1760 Β
2194 1713 2348 1782 δῆλον
2375 1711 2527 1765 οὔπω
2555 1712 2775 1780 γέγονεν
2807 1711 2890 1763 ἔτι
2914 1725 2926 1736 ⁸
2960 1711 3152 1764 τούτου
3186 1709 3240 1761 δὲ
3267 1707 3323 1760 et
3360 1707 3449 1774 μὲν
3482 1706 3682 1758 πλεῖστον

2197 1804 2335 1873 ὑπὲρ
2364 1803 2453 1856 τὸν
2480 1803 2816 1874 ἀνθρώπινον
2851 1801 3028 1868 λόγον.
3066 1801 3300 1869 Δύναμις
3355 1799 3452 1867 γάρ
3489 1799 3584 1848 ἔστι
3615 1794 3684 1846 τοῦ

2200 1895 2483 1962 μέλλοντος
2502 1893 2716 1954 αἰῶνος,
2788 1909 2921 1962 φησι
2941 1890 3168 1954 Παῦλος,
3189 1890 3280 1942 καὶ
3309 1890 3430 1958 πρὸς
3447 1887 3542 1957 βίον
3569 1886 3687 1938 ἄλλον

2200 1985 2520 2056 παρασκευή
2553 2000 2566 2013 ·
2627 1983 2875 2053 καθάπερ
2919 1982 3097 2034 τοίνυν
3127 1982 3222 2032 οὐκ
3272 1980 3381 2032 ἔστι
3418 1975 3688 2045 καταμαθεῖν

2198 2078 2492 2146 ὀρθαλμῶν
2531 2075 2730 2146 ἀρετὴν
2763 2076 2797 2145 ἦ
2839 2075 3127 2144 χρώματος
3169 2072 3322 2142 χάριν
3363 2069 3430 2140 μὴ
3470 2068 3534 2136 τῷ
3585 2068 3689 2134 φωτὶ

2202 2170 2573 2238 προσάγοντας
2608 2169 2700 2221 καί
2729 2167 2798 2219 τὰ
2829 2166 2938 2218 τῶν
2972 2165 3344 2234 ἐγρηγορότων
3396 2161 3569 2212 είῐέναι
3596 2161 3688 2216 τοὺς

2203 2260 2555 2322 καθεύδοντας
2580 2261 2682 2321 ἓως
2705 2256 3042 2319 καθεύδουσι,
3080 2256 3170 2307 τὸν
3196 2256 3305 2307 ἴσον
3323 2252 3499 2322 τρόπον
3522 2249 3618 2303 οὐδὲ
3643 2249 3689 2300 τὰ

2201 2351 2362 2404 καινὰ
2399 2350 2535 2417 μέλη
2563 2350 2658 2402 καὶ
2683 2349 2782 2411 τὰς
2809 2347 3091 2414 δυνάμεις,
3124 2340 3203 2406 οἷς
3233 2342 3470 2412 καθαρῶς
3492 2339 3602 2409 πρὸς
3625 2338 3690 2389 τὸν

2205 2443 2466 2512 μέλλοντα
2507 2443 2620 2511 βίον
2651 2442 2825 2507 ἔξεστι
2858 2440 3118 2510 χρῆσθαι,
3153 2436 3369 2491 δυνατὸν
3403 2434 3599 2487 συνιδεῖν
3624 2429 3690 2481 ἐπὶ

2201 2534 2294 2588 τοῦ
2331 2535 2616 2603 παρόντος,
2647 2533 2768 2585 τίνα
2791 2533 2847 2584 τέ
2879 2534 3026 2582 ἐστιν
3056 2529 3297 2598 ἀκριϐῶς
3323 2526 3411 2581 καὶ
3435 2520 3530 2577 οἷον
3556 2523 3689 2578 αὐτοῖς

2208 2627 2420 2682 σύνεστι
2447 2624 2661 2686 κάλλος.
2693 2624 2784 2674 Δεῖ
2813 2622 2916 2692 γὰρ
2945 2621 3244 2688 συγγενοῦς
3279 2619 3491 2679 κάλλους
3512 2616 3587 2668 καὶ
3606 2630 3689 2681 φω-

2205 2720 2294 2782 τὸς
2329 2718 2684 2786 καταλλὴλου.
2727 2715 2834 2766 Καὶ
2875 2713 2980 2784 μὴν
3014 2714 3155 2782 μέλη
3190 2711 3416 2779 Χριστοῦ
3445 2713 3600 2776 ἐσμεν,
3624 2705 3691 2756 καὶ

2205 2811 2360 2863 τοῦτό
2392 2812 2506 2861 ἐστι
2540 2809 2599 2861 τὸ
2628 2807 2718 2859 τοῦ
2757 2808 3132 2875 βαπτίσματος
3167 2804 3343 2873 ἔργον.
3380 2799 3631 2866 Συνέστηκε
3653 2796 3692 2845 δὲ

2209 2905 2242 2972 ἡ
2264 2903 2584 2971 λαμπρότης
2610 2899 2714 2951 τῶν
2741 2915 2825 2967 με.
2843 2898 2915 2949 ῶν
2944 2899 3040 2950 καὶ
3060 2897 3120 2948 τὸ
3140 2896 3327 2955 καλλος
3349 2895 3400 2944 ἐν
3426 2895 3482 2960 τῇ
3507 2887 3691 2956 κεφαλῇ·

549 3012 874 3064 videbuntur
899 3010 1161 3074 membra,
1217 3008 1380 3076 capiti
1439 3022 1544 3060 non
1605 3006 1938 3061 consociata.
2003 3002 2105 3058 Sed

2217 2995 2454 3061 φαίνοιτο
2494 2993 2601 3062 γὰρ
2637 2992 2702 3044 ἂν
2747 2991 2806 3042 οὐ
2843 2989 2981 3042 καλὰ
3025 2989 3094 3040 τὰ
3145 2987 3278 3057 μέλη
3331 2984 3402 3056 μὴ
3438 2986 3509 3052 τῇι
3540 2977 3693 3044 κεφαλῇ

550 3107 740 3156 Itut‘ttttt
784 3103 1150 3156 membrorum
1185 3109 1349 3165 caput
1398 3111 1543 3152 nunc
1601 3098 1752 3162 latet,
1819 3098 1870 3150 in
1927 3097 2109 3149 futura

552 3194 1009 3261 ritaapparebit:
1052 3200 1183 3244 tunc
1219 3190 1381 3243 etiam
1442 3188 1688 3242 membra
1745 3187 2110 3256 splendebunt

547 3298 602 3339 et
636 3285 914 3353 patebunt,
947 3297 1070 3335 cum
1107 3283 1282 3349 capite
1316 3279 1630 3333 exsistentia
1662 3279 1933 3334 videlicet.
1998 3279 2111 3333 Hoc

551 3375 865 3445 signiﬁcans
903 3374 1213 3442 Apostolus,
1279 3391 1296 3421 ι
1357 3370 1550 3424 Mortui
1608 3373 1758 3434 estis,
1816 3371 2007 3438 inquit,
2061 3380 2114 3426 ct

555 3470 660 3520 \‘ita
689 3479 862 3520 vestra
890 3466 1212 3518 abscondita
1245 3473 1329 3518 est
1355 3480 1477 3518 cum
1505 3463 1724 3516 Christo
1744 3463 1795 3515 in
1824 3461 1952 3516 Deo.
1980 3462 2112 3516 Cum

552 3571 732 3614 autem
765 3559 1016 3612 Christus
1049 3559 1364 3625 apparuerit
1396 3559 1503 3610 vita
1539 3567 1737 3621 vestra,
1781 3567 1908 3610 tunc
1942 3563 1995 3609 et
2018 3570 2116 3609 vos

553 3653 883 3720 apparebitis
925 3665 1046 3704 cum
1100 3651 1215 3717 ipso
1250 3648 1302 3701 itt
1348 3649 1525 3717 ‘gloria
1584 3649 1649 3700 ⁷³.
1713 3667 1732 3700 ι
1808 3649 1870 3700 Et
1927 3647 2117 3702 beatus

549 3746 790 3800 Joannes
817 3761 830 3796 :
861 3762 878 3793 ι
901 3743 1153 3796 Nondum
1177 3743 1428 3810 apparuit
1450 3741 1578 3809 quid
1603 3743 1840 3804 erimus;
1872 3754 1992 3794 cum
2017 3754 2116 3791 au-

557 3847 663 3889 tem
699 3833 1030 3904 apparuerit,
1063 3832 1269 3898 similes
1295 3832 1370 3885 illi
1394 3832 1681 3886 erimus“.
1714 3849 1730 3880 ι
1763 3829 1857 3883 llis
1886 3830 1951 3883 de
1981 3844 2117 3882 cau-

553 3930 630 3980 sis
671 3928 919 3980 rirtutem
951 3923 1266 3989 vitaehujus
1324 3938 1470 3976 nunc
1525 3921 1764 3990 perfecte
1821 3936 1888 3975 ne
1943 3923 2118 3975 sancti

555 4017 771 4085 quidem
806 4014 905 4081 ipsi
936 4021 1296 4081 cognoscunt,
1355 4013 1448 4066 sed
1485 4011 1772 4065 maximam
1807 4019 2010 4078 partem
2059 4023 2122 4063 se

558 4112 806 4178 ignorare
840 4107 1192 4169 conﬁtentur,
1229 4105 1281 4156 in
1333 4103 1620 4171 aenigmate
1675 4113 1879 4161 autem,
1937 4112 1993 4154 et
2058 4100 2114 4153 in

557 4200 800 4268 speculo,
833 4207 886 4250 et
913 4212 978 4249 ex
1015 4205 1164 4264 parte
1189 4209 1247 4249 se
1288 4193 1442 4246 aiunt
1468 4207 1826 4260 cognoscere.
1881 4191 1942 4244 Et
2002 4205 2123 4258 quae

557 4299 891 4356 cognoscere
916 4294 1165 4352 possunt,
1194 4298 1292 4336 nec
1317 4283 1404 4335 illa
1431 4283 1624 4335 saltem
1650 4280 1908 4348 consequi
1942 4281 2120 4334 verbis

2217 3085 2554 3156 συνημμένα.
2589 3083 2802 3136 Τούτων
2823 3081 2878 3134 δὲ
2906 3080 3013 3133 τῶν
3045 3081 3222 3148 μελῶν
3247 3082 3278 3146 ἡ
3306 3077 3494 3143 κεφαλὴ
3522 3069 3699 3138 κρύπτει

2214 3195 2303 3230 ται
2359 3177 2456 3245 μὲν
2499 3175 2591 3226 ἐπὶ
2641 3172 2735 3224 τοῦ
2784 3171 3072 3240 παρόντος,
3115 3173 3356 3237 φανεῖται
3401 3167 3450 3218 δὲ
3486 3163 3600 3217 κατά
3634 3159 3696 3209 τὸ,

2219 3269 2480 3338 μέλλοντα
2511 3267 2624 3336 βίον
2645 3283 2657 3296 ·
2688 3266 2806 3318 τότε
2838 3264 2902 3334 δὴ
2932 3266 3028 3317 καὶ
3054 3266 3124 3316 τὰ
3156 3263 3292 3332 μέλη
3310 3260 3495 3328 λάμψει
3515 3256 3592 3306 καὶ
3616 3253 3699 3306 διι-

2215 3363 2576 3432 δειχθήσεται,
2624 3359 2843 3412 ἐπειδὰν
2883 3357 3020 3427 μετᾶ
3046 3357 3140 3425 τῆς
3181 3357 3412 3424 κεφαλῆς
3440 3345 3698 3415 ἀναὶάμψῃο

2218 3457 2310 3508 καὶ
2343 3455 2500 3506 τοῦτο
2532 3454 2738 3514 ιιαῦλο,
2776 3452 2989 3512 δεικνὺς
3015 3491 3029 3515 ,
3070 3469 3088 3500 ι
3138 3448 3462 3509 ’Δπεθάνετε,
3489 3441 3612 3512 equi.
3639 3439 3703 3490 xl

2218 3548 2250 3613 ἡ
2275 3545 2386 3615 ζωὴ
2419 3545 2570 3614 ὑμῶν
2596 3529 2902 3611 κέκρυπται
2924 3542 3020 3593 σὺν
3047 3542 3123 3606 τῷ
3153 3538 3366 3608 Χριστῷ
3387 3540 3438 3588 ἐν
3458 3533 3559 3600 Θεῷ
3577 3547 3589 3561 ο
3611 3530 3703 3580 ὁταν

2217 3639 2273 3692 δὲ
2300 3640 2327 3690 ὀ
2356 3636 2586 3707 Χριστὸς
2617 3635 2904 3704 φανερωθῇ
2944 3636 2976 3704 ή
3013 3633 3126 3701 ζωὴ
3157 3631 3329 3702 ὑμῶν,
3353 3631 3460 3680 τότε
3487 3627 3564 3677 καὶ
3589 3621 3705 3688 ὑμεῖς

2219 3729 2277 3780 ὲν
2304 3728 2451 3795 αὐτῷ
2486 3725 2937 3797 φανερωθήσεσθε
2973 3727 3030 3775 ὲν
3066 3724 3213 3794 δόξῃ.
3262 3741 3278 3771 ι
3315 3721 3462 3774 Καὶὸ
3500 3714 3705 3780 μακάριος

2231 3818 2520 3886 ’ῐωάννηςο
2571 3837 2589 3870 ί
2644 3817 2811 3869 Οὔπω
2861 3816 3180 3884 ἐφανερώθη
3214 3817 3264 3867 τί
3307 3816 3490 3877 ἔσμεν·
3533 3810 3634 3859 ὅταν
3667 3799 3706 3850 δὲ

2222 3912 2535 3982 φανερωθῇ,
2573 3913 2748 3981 ὅμοιοι
2789 3911 2936 3979 αὐτῷ
2970 3912 3228 3980 ἐσόμεθα.
3279 3926 3298 3958 ι
3335 3905 3425 3957 Διὰ
3465 3899 3608 3954 ταῦτα
3637 3893 3706 3944 νῦν

2222 4004 2442 4068 τελείως
2473 4005 2570 4073 μὲν
2593 4003 2693 4072 τὴν
2723 4003 2950 4070 δύναμιν
2972 4003 3072 4070 τῆς
3099 4000 3242 4068 ζωῆς
3272 3997 3459 4064 ταύτης
3477 3994 3560 4044 οὐκ
3580 3989 3708 4039 ἔνεστι

2222 4093 2427 4160 γνῶναι
2455 4095 2576 4146 οὐδὲ
2607 4094 2804 4156 αὐτοὺς
2844 4093 3016 4161 δήπου
3051 4094 3176 4154 τοὺς
3213 4086 3514 4161 μακαρίους,
3541 4077 3645 4132 ἀλλά
3666 4077 3710 4122 τὺ

2223 4186 2470 4240 πλεῖστον
2506 4184 2858 4254 ὁμολογοῦσιν
2895 4186 3107 4251 ἀγνοεῖν
3153 4185 3246 4236 καὶ
3278 4185 3334 4233 ὲν
3371 4175 3617 4242 αἰνίγματι
3643 4164 3711 4217 tul

2224 4282 2282 4333 έν
2313 4279 2562 4347 ἐσόπτρῳ
2595 4279 2687 4331 καὶ
2729 4279 2792 4331 ὲκ
2826 4279 3025 4346 μέρους
3052 4277 3336 4344 γινώσκειν
3356 4312 3370 4337 ,
3410 4272 3494 4322 καὶ
3519 4267 3550 4320 ἃ
3578 4263 3623 4315 δὲ
3643 4256 3710 4311 δύ·

554 4385 806 4448 possunt.
838 4375 1095 4428 Sentiuut
1121 4383 1174 4427 et
1200 4383 1468 4426 noverunt
1507 4389 1568 4424 ea
1600 4373 1719 4439 puri
1752 4372 1936 4425 corde.
1964 4370 2105 4436 Quod

2227 4388 2414 4426 νανται
2437 4371 2747 4438 γινώσκειν,
2775 4370 2896 4422 οὐδὲ
2912 4369 3086 4421 ταῦτα
3111 4369 3187 4422 ἔνι
3212 4367 3348 4434 λόγῳ
3366 4363 3585 4432 φανῆναι.
3610 4350 3710 4406 Ἀλλ’

554 4482 742 4522 autem
768 4466 1104 4535 impossibile
1137 4474 1220 4518 est
1247 4479 1407 4518 voces
1449 4474 1543 4516 aut
1599 4479 1904 4517 sermonem
1963 4465 2028 4518 ad
2059 4479 2122 4519 ea

559 4576 680 4628 quae
705 4560 919 4628 cognita
945 4566 1076 4611 sunt
1094 4556 1450 4624 exprimenda
1474 4563 1843 4623 opportunum
1867 4555 2126 4623 reperire,

564 4651 616 4706 id
656 4655 832 4720 ipsum
862 4649 1004 4704 beati
1033 4649 1379 4703 statusillius
1416 4647 1793 4713 ignorantibus
1851 4647 2124 4714 quoddam

564 4746 778 4814 signum
809 4751 910 4798 est.
937 4742 1079 4795 Sunt
1107 4740 1252 4794 enim
1286 4753 1407 4808 quin
1457 4739 1662 4792 audivit
1722 4736 2018 4803 Apostolus
2070 4736 2126 4789 iu

562 4836 872 4906 paradisum
902 4844 956 4888 et
982 4835 1032 4887 in
1070 4831 1287 4887 tertium
1341 4829 1538 4884 etelum
1597 4837 1810 4898 raptus,
1849 4846 1870 4878 ι
1910 4829 2122 4882 Arcana

566 4929 749 4990 verba,
782 4925 978 4994 inquit,
1014 4938 1137 4992 qute
1191 4935 1298 4976 non
1357 4921 1480 4975 licet
1536 4919 1740 4973 homini
1789 4919 1937 4988 loqui
1993 4917 2062 4970 ⁷⁸.
2100 4935 2120 4966 ι

564 5015 668 5070 Sed
691 5031 812 5083 quae
840 5016 908 5068 de
950 5013 1058 5064 vita
1085 5012 1177 5066 illa
1209 5019 1634 5078 cognoscuntur,
1665 5009 1840 5063 etdici
1875 5016 2124 5076 possunt.

563 5114 618 5157 et
649 5120 752 5157 non
802 5101 1118 5172 apparentia
1141 5100 1538 5165 demonstrant,
1589 5109 1714 5153 sunt
1739 5112 1801 5152 ea
1837 5099 2119 5159 nimirum,

561 5211 684 5266 quae
707 5196 774 5249 ab
809 5195 1034 5249 initiatis
1063 5207 1187 5248 cum
1214 5193 1412 5247 virtute
1448 5190 1808 5260 perﬁciuntur
1831 5205 1843 5240 :
1870 5205 2009 5244 nova
2041 5191 2125 5244 iu-

559 5289 716 5343 doles
744 5287 1078 5350 ablutorum,
1117 5284 1211 5354 qui
1237 5284 1528 5339 stationem
1557 5297 1716 5340 suam
1757 5291 1974 5335 servant
2003 5283 2126 5348 ;in-

557 5379 760 5434 usitata
789 5381 985 5440 virtus,
1009 5387 1064 5432 et
1108 5375 1364 5430 humanis
1395 5374 1609 5444 legibus
1654 5373 1922 5442 superior,
1969 5373 2126 5441 cujus

559 5486 664 5526 nec
697 5470 1054 5540 sapientiam,
1075 5483 1179 5524 nec
1199 5467 1667 5531 exercitationem,
1700 5479 1796 5519 nec
1823 5463 2125 5534 ingenium,

635 5651 682 5680 ⁷⁸
709 5651 919 5704 Coloss.
954 5664 1033 5713 ιιι,
1060 5649 1113 5702 3.
1191 5646 1238 5679 7"
1266 5646 1280 5700 1
1305 5645 1462 5700 Joan.
1500 5664 1581 5713 tu,
1608 5648 1662 5701 ‘2.

2183 4527 2194 4538 η
2226 4465 2342 4518 ἐστι
2371 4465 2473 4535 μὲν
2496 4462 2746 4533 αἴσθησις
2763 4461 2942 4514 αὐτῶν
2974 4463 3070 4514 καὶ
3095 4460 3293 4528 γνῶσις
3315 4461 3418 4520 τοῖς
3437 4471 3491 4522 γε
3515 4445 3711 4538 καθαροῖς

2227 4556 2324 4625 τὴν
2370 4555 2619 4624 καρδίαν,
2657 4555 2808 4624 ῥῆμα
2845 4553 2902 4605 δὲ
2944 4552 2976 4622 ἢ
3015 4552 3194 4618 λόγον,
3229 4552 3286 4613 ὃς
3331 4545 3598 4616 ἐφαρμόσει
3631 4537 3711 4591 τοῖς

2229 4649 2594 4717 ἐγνωσμένοις
2633 4647 2731 4698 καὶ
2771 4643 2865 4696 τοῦ
2921 4645 3196 4713 μακαρίου
3248 4640 3438 4700 πάθους
3474 4630 3635 4703 γένοιτ’
3666 4625 3713 4676 ἂν

2231 4743 2460 4809 σημεῖον
2497 4740 2607 4799 τοῖς
2641 4737 2947 4804 ἀγνοοῦσιν,
2996 4735 3274 4803 ἀμήχανον
3310 4733 3494 4799 εὑρεῖν.
3526 4726 3616 4777 Καὶ
3637 4719 3714 4809 τάξ)

2232 4805 2379 4884 ἔστιν
2400 4824 2474 4883 ὧν
2498 4829 2732 4898 ἦκουσεν
2749 4828 2777 4879 ὁ
2797 4825 3119 4890 ’ᾼπόστολος
3137 4827 3216 4886 εἰς
3237 4823 3324 4876 τὸν
3348 4817 3632 4889 παράδεισον
3646 4805 3714 4898 καλ

2227 4919 2410 4988 τρίτον
2440 4892 2666 4987 οὐρανὸν
2694 4915 2985 4984 ἁρπαγεὶς,
3012 4931 3030 4965 ι
3057 4914 3495 4985 ἄρῤηταρήματα,
3520 4892 3713 4967 φησὶννᾶ

2225 5011 2324 5063 οὐκ
2356 5009 2474 5073 ὲξδν
2509 5005 2780 5077 ἀνθρώπῳ
2801 5006 3052 5074 λαλῆσαι.
3092 5023 3112 5056 ι
3154 5007 3220 5058 "A
3263 5003 3320 5054 δὲ
3349 5002 3436 5054 καὶ
3453 4993 3713 5077 γινώσκεται

2228 5099 2323 5152 καὶ
2354 5099 2584 5168 ῥηθῆναι
2607 5076 2832 5151 δύναται
2860 5099 2960 5166 τῆς
2991 5095 3134 5164 ζωῆς
3162 5096 3257 5147 καὶ
3279 5092 3380 5146 τῶν
3399 5084 3592 5155 ἄφανῶν
3613 5076 3712 5168 ἀπό-

2230 5165 2568 5260 δειξιννέχει,
2606 5189 2674 5242 τὰ
2716 5191 2828 5250 τοῖς
2872 5165 3242 5258 μέμυημένοις
3273 5176 3642 5250 κατωρθωμένα,

2227 5280 2416 5335 καινὸν
2449 5276 2580 5349 ἦθος
2608 5278 2717 5331 τῶν
2747 5277 3104 5346 λουσαμένων
3127 5275 3178 5327 οἳ
3201 5275 3296 5342 τὴν
3321 5270 3461 5334 τάξιν
3483 5266 3712 5318 {meum

2232 5373 2516 5441 ὑπερφυὴς
2556 5367 2724 5440 ἀρετὴ
2765 5368 2859 5422 καὶ
2893 5368 3018 5430 τοὺς
3065 5364 3421 5434 ἀνθρωπίνους
3449 5355 3620 5409 νικῶσι
3645 5349 3711 5441 vi-

2237 5435 2399 5534 μουξ.
2516 5435 2639 5515 οὔτε
2669 5435 2883 5528 σοφίαν,
2906 5459 3026 5512 οὔτε
3049 5455 3364 5528 γυμνασίαν,
3381 5453 3437 5506 οὐ
3451 5451 3504 5502 τὸ
3526 5435 3712 5509 metut"

1743 5645 1789 5676 ”
1816 5644 1852 5698 ll
1879 5645 2002 5700 Cor.
2043 5661 2138 5712 xit,
2183 5644 2238 5697 4.
