3992 6202
549 233 658 300 551
1780 233 2088 294 NICOLM
2135 232 2522 293 CABASlL/E
3143 191 3146 195 ’
3645 247 3732 308 552

547 363 712 419 quam
759 346 870 403 cito
924 356 980 402 et
1036 345 1138 401 levi
1185 344 1402 412 negotio
1453 335 1778 413 pcrsonam'
1809 345 2111 399 mutabant.

2221 347 2372 396 πεῖον
2401 343 2738 414 ἀμείϐοντες.
2759 345 2962 415 Συνέϐη
2983 347 3039 399 δὲ
3065 345 3270 412 πολλοῖς
3297 350 3387 404 καὶ
3413 355 3482 424 μὴ
3507 353 3733 427 λουσαμέ-

546 437 939 503 Complnribus
994 437 1156 492 etiam
1183 451 1289 489 non
1343 435 1546 488 ablutis
1595 434 1649 488 in
1697 434 1924 488 chorum
1973 436 2111 492 hunc

2221 450 2334 496 νοις
2381 435 2459 496 εἰς
2503 433 2690 488 τοῦτον
2731 436 2950 491 τελέσαι
2999 437 3092 492 τὸν
3132 441 3308 508 χόρον,
3357 443 3446 506 οὓς
3492 444 3631 500 ὕδατι
3673 452 3736 521 μὴ

549 532 744 588 referri
777 530 1022 598 contigit,
1056 544 1194 598 quos
1229 527 1298 580 ab
1321 525 1562 582 Ecclesia
1589 543 1729 597 aqua
1790 543 1898 580 non
1941 528 2111 596 bapti-

2222 518 2614 588 βαπτισθέντας
2647 522 2750 574 ὑπὸ
2777 523 2873 592 τῆς
2912 525 3264 595 Ἐκκλησίας,
3294 532 3449 594 αὐτὸς
3481 518 3734 593 ἐϐάπτισεν

543 635 699 680 natos
719 624 835 692 ipse
853 635 1088 690 sponsus
1117 617 1374 673 Ecclesia:
1398 619 1705 688 baptizavit.
1726 618 1909 674 Multis
1932 620 2111 688 itaque

2218 610 2246 661 ὁ
2269 608 2497 679 νυμφίος
2536 611 2636 680 τῆς
2673 611 3020 683 Ἐκκλησίας.
3064 617 3280 682 Πολλοῖς
3311 621 3405 689 μὲν
3437 621 3521 676 οὖν
3547 627 3634 678 καὶ
3667 645 3740 680 νε-

546 722 600 768 et
626 711 822 766 nubem
853 709 1130 762 humidam
1159 708 1226 763 de
1256 708 1417 770 caalo,
1452 719 1506 763 et
1546 723 1745 778 aquam
1781 709 1924 762 ultro
1951 725 1982 762 e
2015 717 2115 763 ter-

547 820 605 858 ra
633 810 1007 870 erumpentem
1040 800 1208 865 dedit,
1241 811 1293 854 et
1323 801 1402 855 sic
1447 800 1668 854 demum
1695 815 1792 854 eos
1843 800 2113 854 lustravit.

548 894 742 948 Multos
771 893 984 947 occulte
1019 891 1356 946 reformavit.
1400 892 1721 948 Sicuteuixn
1749 908 1870 962 qua:
1903 892 2106 947 desunt

544 985 786 1048 Christo,
818 983 1054 1037 membra
1088 983 1342 1038 Ecclesia.-
1374 983 1595 1045 Paulus,
1623 992 1675 1038 et
1709 984 1754 1038 si
1780 984 1902 1052 quis
1942 983 1992 1036 ei
2041 982 2111 1037 si-

549 1076 712 1138 milis,
758 1074 1125 1144 supplet:sic
1179 1074 1312 1127 nihil
1367 1075 1689 1139 absurdum,
1739 1090 1859 1142 qme
1916 1075 2115 1128 desunt

551 1165 827 1227 Ei-clcsim,
863 1165 1038 1233 ipsum
1068 1173 1232 1233 caput
1259 1163 1512 1219 Ecclesia:
1542 1165 1815 1234 supplere.
1877 1165 1935 1220 Si
1967 1165 2110 1218 cnim

545 1266 694 1319 sunt,
721 1256 919 1325 quibus
953 1256 1193 1309 membra
1224 1264 1393 1325 caput
1417 1255 1671 1311 videntur
1696 1255 1910 1325 juvare,
1937 1271 2114 1324 quan-

545 1358 600 1401 to
624 1348 831 1417 juslius
855 1355 960 1411 est,
991 1361 1113 1415 qua:
1145 1347 1403 1401 membris
1452 1347 1673 1410 desunt,
1717 1347 1897 1416 ipsum
1949 1357 2114 1414 caput

545 1440 825 1508 adjicere?
857 1438 920 1492 Et
946 1440 1063 1493 haec
1098 1439 1319 1509 quidem
1345 1439 1410 1492 ad
1446 1439 1609 1492 istum
1631 1437 1852 1492 modum
1904 1452 1964 1492 se
2019 1439 2115 1490 ha-

545 1535 727 1590 beant.
781 1533 859 1586 Ad
900 1533 1084 1603 priora
1155 1532 1488 1587 redeundum
1559 1541 1666 1588 est.
1721 1531 2106 1600 Hujuscemoli

545 1627 709 1697 igitur
736 1626 1016 1689 virtutem,
1037 1641 1144 1695 qua
1167 1625 1315 1679 istazc
1350 1625 1464 1679 ausi
1507 1633 1655 1688 sunt,
1683 1634 1740 1678 et
1773 1623 2110 1678 alacritatem

2223 701 2393 770 φέλην
2421 702 2715 773 οὐρανόθεν
2747 705 2919 760 ἔδωκε
2951 711 3046 763 καὶ
3075 707 3216 778 ὕδωρ
3249 711 3314 763 ὲκ
3347 715 3445 781 γῆς
3478 715 3742 786 αὐτόματον

2221 792 2316 844 καὶ
2346 791 2519 852 οὕτως
2543 792 2826 857 ὲϐἁπτισε,
2852 796 2978 860 τοὺς
3006 797 3218 861 πλείους
3243 800 3298 851 δὲ
3315 801 3524 868 ἀφανῶς
3542 805 3742 860 ἀνέπλα-

2223 899 2335 937 σεν.
2375 883 2584 955 Ὥσπερ
2618 887 2725 956 γὰρ
2761 889 2821 942 rb
2853 888 3140 959 ὑστέρημα
3168 889 3262 942 τοῦ
3287 892 3514 962 Χριστοῦ
3538 893 3600 948 τά
3625 899 3740 968 μέλη

2222 975 2322 1043 τῆς
2341 975 2689 1047 Ἐκκλησίας,
2723 980 2933 1045 Παῦλος
2962 983 3059 1034 καὶ
3083 983 3136 1035 εἴ
3165 1001 3247 1044 τις
3280 984 3398 1036 κατ’
3429 986 3617 1038 ἐκεῖνον
3637 989 3747 1041 ἀνα-

2222 1060 2438 1132 πληροῖ,
2493 1063 2664 1128 οὖτως
2709 1067 2858 1120 οὐδὲν
2897 1070 3122 1140 ἀπᾷδον,
3166 1073 3215 1125 εί
3257 1071 3315 1124 rb
3359 1073 3622 1144 ὑστέρημα
3663 1077 3745 1144 τῆς

2231 1149 2556 1223 Ἐκκλησίας
2587 1157 2616 1225 ἡ
2648 1158 2860 1228 κεφαλὴ
2894 1160 2991 1229 τῆς
3029 1161 3356 1232 Ἐκκλησίας
3381 1165 3743 1235 ἀναπληρώσει.

2222 1243 2284 1294 Εί
2329 1243 2436 1314 γάρ
2476 1248 2623 1299 ἐστιν
2650 1247 2787 1302 ἄττα
2838 1251 2973 1322 μέλη
3024 1255 3090 1322 τῇ
3131 1253 3342 1325 κεφαλῇ
3373 1255 3514 1308 δοκεῖ
3543 1256 3746 1326 βοηθεῖν,

2221 1336 2370 1407 πόσῳ
2401 1339 2756 1410 δικαιότερον,
2805 1336 2880 1397 ὦν
2919 1344 3155 1398 ἐλλείπει
3195 1348 3307 1409 τοῖς
3342 1347 3568 1416 μέλεσιν,
3603 1348 3747 1417 αὐτὴν

2221 1429 2534 1496 προσθεῖναι
2565 1431 2664 1501 τὴν
2704 1433 2981 1504 κεφαλήν;
3011 1436 3119 1488 Kal
3157 1437 3332 1490 ταῦτα
3368 1437 3463 1507 μὲν
3499 1436 3668 1489 τοῦτον
3695 1437 3749 1490 ἂν

2215 1517 2328 1586 ἔχοι
2362 1520 2453 1571 τὸν
2488 1520 2711 1590 τρόπον.
2759 1523 3122 1594 Ἀναληπτὲον
3150 1525 3195 1577 δ’
3242 1525 3308 1578 ἂν
3358 1529 3438 1596 εἴη
3483 1528 3564 1579 τὸν
3596 1527 3747 1594 λόγον.

2219 1609 2436 1680 Ταύτην
2467 1611 2566 1681 μὲν
2594 1612 2688 1666 οὖν
2717 1614 2814 1682 τὴν
2840 1615 3088 1685 δύναμιν,
3189 1617 3288 1688 τὴν
3317 1618 3517 1687 τόλμαν
3548 1618 3740 1688 ἐτόλμη·

546 1729 754 1772 tantam
785 1718 1088 1772 attulerunt
1112 1757 1126 1782 ,
1150 1726 1204 1770 ct
1233 1715 1612 1786 magnanimos
1645 1731 1814 1770 ausus
1858 1715 1925 1769 ad
1958 1715 2111 1768 linem

2225 1717 2324 1754 σαν
2357 1703 2450 1755 καὶ
2481 1704 2579 1774 τὴν
2610 1705 2922 1776 προθυμίαν
2953 1709 3436 1780 προύθυμήθησαν,
3463 1710 3554 1763 καὶ
3581 1713 3652 1772 είς
3675 1712 3752 1762 τέο

546 1812 845 1878 perducere
885 1817 1199 1877 potuerunt,
1261 1809 1315 1862 in
1370 1818 1566 1862 natura
1629 1807 1911 1862 hominum
1968 1806 2114 1860 haud

544 1899 803 1965 inveniri,
836 1903 1015 1954 verbis
1041 1900 1425 1954 demonstrare
1455 1899 1589 1954 nihil
1612 1900 1826 1954 attinet.
1861 1898 2002 1964 Quia
2025 1912 2116 1952 ve-

546 2007 610 2046 ro
691 2005 855 2046 causa
903 1991 1099 2045 horum
1148 1991 1340 2062 gratia:
1392 1991 1747 2062 baptismatis
1804 1989 2114 2044 necessario

553 2082 876 2138 ascribenda
893 2091 996 2147 est,
1027 2098 1336 2151 quaeramus
1355 2082 1468 2153 jam
1497 2084 1741 2147 modum,
1763 2081 2035 2153 quomodo
2060 2082 2112 2135 in

545 2171 683 2242 ipsis
706 2171 980 2226 lavacrum
1012 2172 1116 2227 ista
1143 2183 1422 2242 operatur.

617 2346 967 2403 Manifestum
1015 2355 1100 2403 est
1149 2345 1338 2416 igitur,
1397 2345 1610 2402 labores
1652 2345 1775 2401 illos
1813 2354 1866 2400 et
1911 2361 2114 2415 agones

545 2441 846 2504 amantium
891 2441 1080 2505 fuisse.
1125 2450 1179 2499 et
1228 2426 1433 2495 Christi
1477 2439 1660 2510 jacula
1711 2450 1873 2510 atque
1913 2421 2114 2508 philtra

546 2533 694 2602 ipsos
742 2534 808 2587 ad
863 2533 1006 2588 hanc
1058 2548 1242 2588 rerum
1296 2532 1594 2587 novitatem
1647 2531 1945 2602 impulisse.
1983 2530 2115 2597 Quae

545 2641 709 2695 porro
747 2641 915 2682 causa
949 2626 1178 2693 amoris,
1218 2635 1274 2681 et
1307 2624 1438 2696 quid
1479 2625 1586 2680 illis
1618 2623 1844 2688 factum,
1875 2635 1933 2678 ut
1977 2625 2114 2678 adeo

546 2719 857 2790 diligerent,
889 2731 944 2776 et
975 2721 1120 2776 unde
1160 2721 1336 2789 ignem
1372 2728 1583 2774 tantum
1621 2717 1981 2788 susceperint.
2017 2731 2116 2786 age

544 2811 980 2868 consideremus.
1019 2813 1234 2867 Etenim
1277 2811 1515 2878 cognitio
1552 2823 1794 2863 amorem
1832 2809 2003 2879 gignit
2060 2817 2115 2862 et

546 2913 832 2975 procreat:
869 2920 971 2959 nec
1012 2902 1196 2973 possis
1243 2902 1542 2972 quidquam
1583 2900 1869 2969 pulchrum
1903 2913 2111 2963 amare,

547 2999 654 3053 nisi
685 3007 812 3054 ante
841 2995 1098 3052 didiceris
1123 3010 1284 3065 quam
1318 2994 1603 3064 pulchrum
1636 2993 1726 3047 sit.
1753 2991 1819 3046 Et
1851 2991 2110 3060 quoniam

546 3093 652 3150 hoc
698 3095 842 3150 scire
881 3103 935 3150 ct
981 3092 1219 3164 perfecte
1260 3088 1664 3158 cumulateque,
1701 3096 1754 3141 et
1799 3085 2113 3155 imperfecte

547 3187 833 3256 contingit,
862 3201 960 3256 par
1003 3183 1167 3239 fuerit
1215 3194 1458 3236 amorem
1504 3194 1722 3249 quoque
1782 3178 2008 3248 perinde
2053 3193 2112 3233 se

549 3281 768 3335 habere.
814 3280 880 3331 Et
921 3276 1144 3346 pulchra
1191 3272 1407 3343 quidem
1458 3286 1521 3326 ac
1573 3271 1736 3335 bona,
1782 3285 1904 3339 quae
1957 3269 2114 3338 plene

545 3379 971 3440 cognoscuntur,
1011 3369 1173 3421 etiam
1204 3365 1362 3436 plene
1403 3363 1720 3433 diliguntur,
1750 3371 1805 3418 et
1844 3359 2113 3433 quemad-

549 3467 768 3516 modum
804 3471 966 3513 tantas
1010 3457 1401 3526 pulchritudini
1438 3457 1714 3512 convenit.
1756 3456 1888 3522 Quae
1927 3465 2110 3510 autem

546 3552 862 3608 amantibus
885 3551 1176 3606 admodum
1203 3562 1328 3606 nota
1355 3569 1464 3606 non
1497 3562 1645 3618 sunt,
1672 3565 1862 3606 eorum
1893 3565 2112 3620 quoque

547 3657 704 3698 amor
753 3642 1041 3697 imbecillis
1085 3651 1189 3697 est.
1240 3643 1410 3714 Igitur
1453 3643 1585 3698 illud
1635 3645 1693 3698 fit
1735 3643 2108 3713 perspicuum,

545 3735 915 3805 cognitionem
955 3735 1194 3806 aliquam
1238 3735 1352 3796 Dei.
1392 3745 1446 3791 et
1493 3751 1716 3792 sensum
1770 3736 1905 3806 ipsis
1941 3752 1971 3789 a
2021 3739 2114 3790 ba-

545 3827 797 3894 ptismate
841 3826 1182 3890 immissum,
1228 3836 1282 3882 et
1329 3843 1425 3882 eos
1475 3829 1677 3884 bonum
1745 3827 1954 3896 liquido
2015 3841 2113 3881 co-

547 3918 832 3988 gnovisse,
897 3917 1469 3989 pulcln'iludinemque
1529 3919 1894 3988 persensisse,
1947 3927 2002 3971 et
2047 3918 2113 3971 de

546 4010 788 4064 bonitate
839 4009 958 4079 ejus
1012 4012 1349 4080 gustavisse,
1410 4011 1780 4078 experientia,
1853 4009 2108 4080 inquam.

548 4102 897 4171 perl'ectiore,
929 4118 1092 4170 quam
1126 4102 1372 4156 doctrina
1403 4101 1578 4170 possit
1609 4101 1943 4157 discentibus
1986 4102 2115 4156 sub-

541 4193 734 4261 jicere.
767 4193 901 4247 Nam
949 4209 1072 4247 cum
1108 4209 1286 4248 rerum
1329 4193 1572 4260 cognitio
1605 4194 1855 4262 bipartita
1885 4195 1976 4261 sit,
2007 4209 2109 4248 una

545 4298 711 4351 quam
743 4286 868 4352 quis
901 4283 1181 4337 auditione
1207 4283 1428 4349 haurit,
1460 4284 1564 4337 alia
1595 4299 1757 4352 quam
1795 4299 1892 4354 per
1915 4299 1973 4338 se
2000 4284 2114 4353 ipse

2213 1791 2304 1855 λος
2345 1795 2574 1862 ἀγαγεῖν
2611 1794 2648 1849 ἃ
2679 1798 3148 1868 προῦθυμήθησαν
3187 1801 3552 1870 ἐδυνήθησαν,
3579 1801 3645 1864 ὼς
3669 1803 3752 1855 οὐκ

2214 1883 2360 1938 ἔστιν
2386 1885 2566 1952 εὑρεῖν
2595 1888 2651 1941 ὲν
2676 1891 2741 1960 τῇ
2771 1892 2932 1958 φύσει
2969 1892 3078 1944 τῶν
3099 1893 3424 1963 ἀνθρώπων,
3451 1894 3546 1946 οὐκ
3569 1895 3626 1946 ἂν
3653 1895 3753 1948 οὖδέ

2213 1975 2373 2044 λόγου
2420 1977 2529 2031 δέοι
2569 1979 2878 2034 δεικνύναι·
2918 1981 3104 2036 λοιποῦ
3147 1983 3201 2037 δὲ
3249 1984 3400 2047 δντος
3437 1984 3492 2049 ἐξ
3521 1985 3752 2053 ἀνάγκης.

2214 2068 2394 2121 αἰτίαν
2437 2069 2643 2123 τούτων
2673 2072 2877 2125 τιθέναι
2915 2073 3016 2143 τὴν
3065 2073 3159 2126 τοῦ
3191 2075 3561 2146 βαπτίσματος
3596 2075 3751 2145 χάριν,

2217 2162 2468 2231 ζητῶμεν
2497 2161 2576 2216 ἔτι
2604 2164 2696 2216 τὸν
2724 2167 2946 2234 τρόπον,
2981 2167 3128 2230 ὅπως
3161 2167 3341 2222 ταῦτα
3373 2168 3561 2229 αὐτοὺς
3588 2169 3754 2237 εἰργα-

2216 2271 2348 2309 σατο
2381 2255 2441 2306 τὸ
2469 2254 2713 2326 λουτρόν.
3683 2315 3688 2320 .

2285 2348 2520 2417 Φανερδν
2549 2347 2648 2417 μὲν
2689 2347 2804 2411 οὖν,
2834 2348 2910 2412 ώς
2947 2347 3056 2418 ἄρα
3089 2347 3344 2418 ἐρώντων
3377 2344 3510 2421 ἦσαν
3535 2350 3578 2402 οἱ
3607 2348 3752 2413 πόνοι,

2213 2443 2308 2494 xal
2334 2442 2384 2494 ol
2405 2441 2613 2508 ἀγῶνες
2636 2443 2831 2495 ἐκεῖνοι
2853 2443 2946 2495 καὶ
2972 2442 3040 2494 τά
3063 2442 3308 2512 Χριστοῦ
3331 2443 3457 2513 βέλη
3480 2444 3567 2496 καὶ
3587 2443 3754 2512 φίλτρα

2215 2530 2352 2602 πρὸς
2383 2532 2588 2601 ταύτην
2617 2533 2813 2596 αὐτοὺς
2846 2532 3080 2604 ἐξήγαγε
3109 2534 3209 2604 τὴν
3245 2536 3610 2590 καινοτομίαν·
3635 2535 3679 2588 τί
3705 2535 3751 2586 δι

2213 2624 2322 2678 τῶν
2349 2624 2600 2694 ἐρώντων
2620 2623 2682 2677 rb
2701 2625 2897 2692 αἴτιον,
2926 2627 3019 2678 καὶ
3041 2625 3093 2679 τί
3123 2626 3391 2691 παθόντες
3420 2626 3582 2688 οὕτως
3597 2626 3755 2695 ἐφίλη-

2215 2733 2333 2783 σαν,
2363 2717 2457 2770 καὶ
2477 2715 2640 2770 πόθεν
2660 2717 2722 2770 rb
2746 2719 2858 2789 πῦρ
2879 2718 3145 2783 ἐδέξαντο,
3167 2719 3331 2773 τοῦτο
3356 2720 3628 2790 σκοπῶμεν
3650 2718 3754 2790 ἤδη.

2215 2809 2324 2866 Kal
2355 2810 2461 2880 γάρ
2500 2811 2615 2863 ἐστι
2653 2811 2750 2879 μὲν
2781 2811 2842 2864 rb
2879 2811 3078 2866 εἰδέναι
3113 2813 3205 2864 τοῦ
3257 2813 3428 2880 φιλεῖν
3458 2813 3649 2873 αἴτιον,
3677 2811 3758 2863 καὶ

2215 2903 2372 2956 τοῦτο
2405 2907 2577 2955 ἐκεῖνο
2605 2903 2813 2969 τίκτει,
2846 2905 2938 2957 καὶ
2969 2905 3069 2957 οὐκ
3096 2905 3212 2958 ἔστι
3263 2906 3445 2958 λαϐεῖν
3481 2905 3644 2974 ἔρωτα
3669 2901 3756 2954 τῶν

2215 2996 2398 3049 καλῶν
2439 2995 2649 3054 οὐδενὸς
2693 2995 2769 3066 μὴ
2818 2997 3208 3066 καταμαθόντα
3256 2998 3330 3062 ὠς
3374 2999 3483 3069 ἔχει
3529 2997 3754 3052 κάλλους·

2219 3088 2343 3140 ἐπεὶ
2369 3087 2422 3139 δὲ
2456 3087 2515 3141 rb
2543 3086 2738 3139 εἰδέναι
2777 3087 2932 3141 τοῦτο
2971 3089 3268 3157 συμϐαίνει
3304 3089 3400 3158 μὲν
3433 3089 3648 3159 μάλιστα
3683 3090 3757 3138 καὶ

2219 3182 2462 3246 τελείως,
2494 3182 2780 3252 συμϐαίνει
2808 3181 2865 3235 δὲ
2895 3181 3097 3244 ἀτελῶς
3132 3183 3223 3252 ἑχε
3237 3203 3305 3248 ιν,
3329 3185 3473 3246 εἰκὸς
3499 3183 3560 3235 ἂν
3583 3183 3658 3250 εἴη
3683 3180 3758 3231 καὶ

2218 3275 2280 3328 rb
2309 3275 2531 3345 φίλτρον
2559 3274 2758 3344 ὁμοίως
2790 3273 2934 3350 ἔχειν
2953 3291 2966 3304 ·
2999 3275 3090 3328 καὶ
3109 3279 3217 3327 τῶν
3253 3277 3431 3329 καλῶν
3461 3277 3547 3328 καὶ
3567 3273 3758 3342 ἀγαθῶν

2219 3369 2254 3423 ἃ
2290 3369 2388 3438 μὲν
2420 3368 2748 3436 γινώσκεται
2781 3369 3006 3430 τελείως
3041 3369 3135 3422 καὶ
3174 3371 3419 3438 φιλεῖται
3447 3372 3651 3428 τελείως
3682 3367 3760 3420 καὶ

2218 3459 2407 3528 ῶσπερ
2438 3459 2639 3529 τοσῷδε
2680 3459 2865 3513 κάλλει
2905 3463 3167 3532 προσῆκε,
3211 3463 3330 3516 τῶν
3371 3463 3426 3514 δὲ
3474 3464 3545 3530 μὴ
3586 3459 3760 3527 σφόδρα

2220 3552 2470 3623 φανερῶν
2493 3554 2602 3615 τοῖς
2629 3553 2793 3622 ὲρῶσι
2813 3555 2908 3608 καὶ
2934 3556 2960 3607 ό
2987 3553 3125 3626 ἔρως
3152 3555 3400 3618 ἀσθενῶς
3429 3554 3556 3624 ἔχει.
3585 3548 3762 3604 Οὐκοῦν

2221 3647 2396 3698 ἐκεῖνο
2434 3645 2641 3713 γίνεται
2685 3645 2863 3715 δῇλον,
2907 3645 2981 3709 ὡς
3025 3645 3328 3713 ὲπίγνωσίν
3360 3663 3482 3699 τινα
3519 3643 3644 3698 Θεοῦ
3684 3639 3764 3693 καὶ

2220 3739 2473 3808 αἴσθησιν
2518 3739 2700 3802 αὐτοῖς
2737 3738 2958 3808 ἀνέθηκε
2988 3740 3048 3790 rb
3106 3740 3363 3809 λουτρϊν,
3395 3741 3486 3793 καὶ
3512 3739 3592 3791 τὸν
3624 3733 3764 3788 καλὸν

2223 3830 2408 3898 σαφῶς
2431 3829 2673 3895 ἔγνωσαν
2699 3830 2791 3883 καὶ
2817 3831 2913 3896 τῆς
2945 3828 3090 3899 ὠρας
3120 3830 3355 3901 ᾔσθοντο
3386 3834 3475 3885 καὶ
3506 3829 3713 3897 ἐγεύσαν
3741 3841 3765 3874 ο

2220 3921 2314 3973 τοῦ
2341 3919 2568 3983 κάλλους
2593 3919 2819 3975 ἐκείνου.
2847 3922 3002 3989 Λέγω
3031 3920 3093 3992 δὴ
3124 3922 3298 3995 πείρᾳ
3326 3923 3434 3976 rtvl
3470 3919 3765 3986 τελεώτερσν

2219 4011 2254 4078 ἢ
2283 4009 2599 4081 διδασκαλίᾳ
2636 4009 2888 4064 δύνανται
2914 4016 3179 4082 γνωρίσαι
3212 4013 3637 4080 καταμαθόντες.
3665 4008 3766 4059 Ait-

2219 4119 2318 4170 της
2344 4103 2452 4172 γὰρ
2495 4104 2626 4172 ἡμῖν
2663 4105 2761 4173 τῆς
2799 4103 2904 4156 τῶν
2939 4104 3286 4173 πραγμάτων
3315 4092 3563 4174 γνώσεως
3587 4099 3731 4169 οὔσης
3753 4139 3766 4160 ,

2219 4193 2318 4263 τῆς
2357 4194 2454 4263 μὲν
2492 4192 2559 4264 ἠν
2585 4193 2649 4247 ἀν
2683 4212 2768 4258 τις
2805 4197 2940 4265 ἀκοῇ
2975 4195 3124 4265 τύχοι
3153 4195 3372 4263 λαϐὼν,
3411 4197 3508 4265 τῆς
3539 4194 3592 4246 δὲ
3623 4193 3682 4263 ἢν
3710 4189 3768 4243 δι’

2221 4285 2416 4338 ἑαυτοῦ
2479 4285 2822 4354 καταμάθοι,
2881 4287 3103 4350 ἐκείνως
3159 4289 3263 4356 μὲν
3321 4287 3422 4341 οὐκ
3479 4283 3634 4340 αὐτοῦ
3687 4281 3768 4335 τοῦ

547 4372 926 4442 consequitur,
957 4373 1053 4426 illo
1085 4373 1249 4428 modo
1283 4389 1391 4428 non
1420 4374 1592 4443 ipsam
1622 4390 1737 4429 rem
1773 4377 2111 4446 attingimus.

2223 4379 2550 4446 πράγματος
2582 4378 2886 4447 ἁπτόμεθα,
2918 4378 3033 4430 ἀλλ’
3059 4379 3250 4447 ὥσπερ
3275 4381 3336 4432 ὲν
3361 4381 3531 4433 εικόνι
3553 4378 3653 4431 τινὶ
3673 4377 3769 4433 τοῖς

546 4463 642 4516 sed
679 4463 734 4515 in
783 4462 982 4524 verbis,
1018 4473 1077 4516 ut
1119 4465 1171 4517 in
1213 4465 1454 4534 imagine
1491 4467 1748 4535 quadam,
1780 4482 1888 4522 non
1931 4478 2112 4524 autem

546 4563 825 4615 accurate.
867 4554 923 4608 in
990 4555 1162 4622 ipsius
1200 4557 1402 4626 speciei
1453 4558 1767 4622 simulacro,
1813 4574 1908 4614 seu
1947 4559 2116 4629 emgie

549 4658 672 4697 eum
705 4646 1006 4700 cernimus.
1041 4646 1182 4702 Fieri
1211 4648 1356 4702 enim
1399 4651 1608 4719 nequit,
1635 4659 1694 4704 ut
1721 4650 1768 4704 ei
1802 4666 1897 4719 per
1919 4661 2114 4705 cuncta

544 4735 781 4790 similem
808 4736 861 4790 in
885 4749 1068 4792 rerum
1095 4750 1284 4793 natura
1313 4741 1670 4805 inveniamus,
1691 4741 1784 4811 qui
1810 4757 1909 4810 pro
1932 4758 2115 4796 exem-

547 4827 637 4897 plo
667 4829 732 4881 ad
782 4827 929 4884 illius
960 4831 1326 4898 cognitionem
1372 4830 1623 4888 sulliciat.
1658 4831 1950 4901 Expertum
1985 4848 2112 4886 vero

545 4934 684 4982 esse,
743 4929 830 4975 est
885 4923 938 4975 in
995 4938 1081 4977 res
1147 4923 1292 4991 ipsas
1341 4924 1616 4979 incidisse.
1673 4922 1829 4978 Unde
1864 4924 1954 4978 hic
1995 4925 2111 4993 ipsa

546 5012 756 5079 species
786 5010 841 5064 in
881 5012 1120 5064 animam
1155 5013 1408 5078 incurrit,
1441 5023 1494 5068 et
1525 5014 1852 5068 desiderium
1891 5014 2108 5078 excitat,

547 5098 714 5152 veluti
760 5101 1046 5170 vestigium
1094 5103 1235 5154 bono
1284 5103 1647 5170 respondens.
1703 5102 1816 5156 Illic
1863 5103 1931 5156 ab
1989 5102 2111 5156 idea

546 5189 718 5259 ipsius
749 5193 823 5245 rei
860 5193 1078 5260 prepria
1104 5192 1325 5256 deserti,
1357 5208 1451 5262 per
1480 5210 1601 5263 qua:
1627 5202 1808 5248 autem
1833 5209 1956 5247 cum
1986 5194 2110 5248 aliis

545 5282 936 5346 connnunicat,
973 5283 1264 5336 obscuram
1307 5286 1600 5352 quamdam
1639 5292 1693 5338 et
1754 5286 1950 5337 exilem
1991 5286 2110 5354 ejus

545 5369 839 5438 imaginem
893 5372 1060 5434 nacti,
1121 5387 1184 5426 ea
1235 5373 1566 5427 desiderium
1627 5382 1683 5427 et
1737 5388 1977 5428 amorem
2035 5377 2108 5429 rei

545 5475 823 5515 IllelllllUI'.
856 5459 1037 5527 Quare
1073 5479 1178 5517 non
1205 5479 1474 5531 amamus,
1506 5476 1771 5534 quantum
1809 5477 1894 5521 σει
1923 5483 2111 5520 aman-

546 5551 694 5617 dum,
748 5570 850 5608 nec
892 5555 1153 5624 patimur,
1199 5567 1461 5625 quantum
1520 5558 1650 5610 illud
1700 5571 1875 5627 potest
1909 5559 2104 5622 facere,

543 5655 670 5696 eum
722 5646 896 5714 ipsam
961 5648 1198 5720 speciem
1257 5665 1366 5703 non
1412 5650 1902 5718 dc-guslaverimus.
1953 5652 2105 5705 Sicut

2219 4467 2396 4534 λόγοις
2433 4467 2684 4537 ὁρῶμεν,
2721 4467 2815 4520 καὶ
2856 4467 2966 4520 οὐδ’
3011 4468 3261 4537 ἀκριεῶς
3299 4470 3466 4522 αὑτοῦ
3491 4469 3585 4522 τοῦ
3617 4466 3769 4524 εἴδους

2217 4556 2407 4610 εἰκόνι.
2452 4557 2560 4610 Καὶ
2588 4557 2693 4627 γὰρ
2723 4558 3001 4628 ἀμήχανον
3041 4559 3193 4628 αὐτῷ
3222 4562 3572 4613 παντάπασιν
3606 4559 3772 4626 ὅμοιον

2216 4650 2395 4718 εὑρεῖν
2433 4651 2491 4701 ὲν
2533 4651 2642 4711 τοῖς
2683 4645 2856 4714 οὖσιν,
2892 4645 2936 4718 ᾧ
2983 4651 3394 4721 παραδείγματι
3429 4649 3771 4723 χρησαμένοις

2218 4741 2296 4802 είς
2317 4739 2417 4810 τὴν
2449 4741 2655 4793 ἐκείνου
2685 4742 2882 4808 γνῶσιν
2912 4742 3165 4811 ἀρκέσει·
3198 4743 3262 4795 τὸ
3289 4744 3346 4797 δὲ
3385 4749 3579 4814 πεῖρεν
3609 4741 3774 4794 λαϐεῖν

2217 4835 2398 4894 αὐτοῖς
2441 4835 2558 4884 ἐστι
2593 4837 2703 4894 τοῖς
2747 4835 3068 4904 πράγμασιν
3094 4837 3375 4906 ἐντυχεῖν,
3405 4837 3528 4890 ὅθεν
3560 4832 3773 4888 ἐνταῦθα

2219 4924 2317 4991 μὲν
2350 4924 2481 4975 αὖτδ
2509 4924 2570 4975 τδ
2607 4917 2746 4985 εἶδος
2775 4929 2840 4995 τῇ
2871 4926 3012 4994 ψυχῇ
3048 4928 3378 4994 προσϐάλλει
3418 4931 3512 4980 καὶ
3539 4929 3636 4996 τὴν
3665 4929 3771 4976 ἐπι-

2218 5013 2416 5081 θυμίαν
2438 5014 2687 5082 ἀνίστησι
2706 5015 2955 5085 καθάπερ
2983 5016 3125 5085 ἴχνος
3141 5018 3217 5086 τῷ
3233 5020 3424 5071 κάλλει
3453 5018 3770 5086 σύμμετρον.

2230 5105 2379 5158 Ἐκεῖ
2404 5106 2461 5158 δὲ
2486 5109 2582 5176 τῆς
2617 5109 2716 5175 μὲν
2751 5108 2890 5170 ίδέας
2921 5111 3089 5180 αὐτῆς
3113 5113 3211 5181 τῆς
3239 5112 3380 5174 ίδίας
3406 5111 3502 5164 τοῦ
3537 5112 3776 5180 πράγμα-

2214 5213 2305 5260 τος
2351 5199 2788 5267 ἀπολειφθέντες,
2832 5201 2891 5265 ἐξ
2935 5197 3008 5255 ὧν
3039 5203 3092 5255 δὲ
3131 5208 3384 5256 κοινωνεῖ
3419 5208 3530 5266 τοῖς
3577 5202 3770 5260 ἄλλοις,

2215 5287 2404 5356 ἀσαφῆ
2441 5306 2562 5342 τινα
2609 5289 2702 5342 καὶ
2757 5293 3003 5361 ἀμυδρὰν
3047 5295 3228 5347 είκόνα
3278 5295 3537 5360 λαϐόντες
3581 5293 3770 5349 αὐτοῦ.

2213 5380 2385 5449 ταύτῃ
2418 5381 2720 5452 μετροῦμεν
2747 5384 2835 5436 τὸν
2861 5387 2986 5454 περὶ
3005 5386 3067 5438 τὸ
3093 5391 3324 5457 πρᾶγμα
3359 5389 3555 5440 πόθον·
3579 5387 3694 5445 ὅθεν
3714 5383 3766 5434 οὗ

2213 5468 2475 5537 φιλοῦμεν
2508 5471 2630 5522 ὅσον
2672 5475 2848 5526 ἐκεῖνο
2888 5477 3129 5544 φιλητὸν,
3174 5477 3293 5529 οὐδὲ
3339 5480 3624 5548 πάσχομεν
3653 5477 3771 5528 ὅσον

2213 5561 2388 5610 ἐκεῖνο
2414 5559 2636 5613 δύναται
2673 5563 3012 5633 δρᾷνι(αὒτοῦ
3038 5566 3131 5618 τοῦ
3163 5567 3339 5628 εἴδους
3376 5568 3452 5637 μὴ
3478 5565 3764 5634 γεγευςμέ-

2171 5646 2178 5654 ’
2213 5653 2334 5719 vat).
2364 5651 2625 5722 Καθάπερ
2642 5654 2747 5723 γὰρ
2767 5656 3020 5726 διάφορον
3049 5651 3179 5719 εἴδω
3210 5657 3310 5726 τῆς
3337 5659 3527 5722 οὐσίας
3551 5658 3768 5712 ἕκαςτον
