3992 6202
252 291 345 357 553

1277 282 1374 345 DE
1416 286 1586 345 VITA
1635 278 1707 342 IN
1745 278 2076 342 CHRISTO
2141 283 2287 343 LIB.
2330 280 2408 342 II.

3363 284 3469 348 554

252 408 333 461 καὶ
357 403 600 474 διάφορον
627 401 867 471 ἐντίθησι
902 404 968 472 τῇ
994 401 1139 473 ψυχῇ
1170 403 1350 469 λόγον,
1382 402 1522 455 οὔτω
1550 403 1647 454 καὶ
1675 400 1796 469 φίλ-

1915 399 2048 453 enim
2078 401 2291 456 diversa
2316 401 2525 472 species
2554 410 2763 455 natura:
2788 396 3083 469 cujuslibet
3105 398 3268 455 etiam
3294 402 3475 459 diver-

250 510 391 565 τρονο
420 492 614 546 οὐκοῦν
666 493 700 562 ἡ
751 494 843 545 τοῦ
874 488 1120 562 Σωτῆρος
1156 495 1213 544 έν
1246 494 1375 561 ἡμῖν
1437 494 1627 559 ἀγάπη
1670 492 1798 544 ὅταν

255 589 340 657 μὲν
369 585 510 639 οὐδὲν
543 583 880 653 ἐπιδείξηται
934 584 1117 637 καινὸν
1156 584 1263 637 οὐδ’
1290 584 1599 653 ὑπερφυὲς,
1648 582 1798 652 δῆλοι

253 678 568 746 καθέσταμεν
594 675 670 739 ὡς
692 676 799 744 ἄρα
830 677 1019 745 μόναις
1049 675 1371 746 ἐνετύχομεν
1402 678 1522 739 ταῖς
1552 676 1680 744 περὶ
1708 674 1800 726 αὑ-

252 771 329 825 τοῦ
356 772 570 836 φωναῖς,
596 768 657 833 ἐξ
675 765 751 822 ὧν
774 767 891 831 πῶς
920 768 1018 837 μὲν
1049 768 1113 821 ἂν
1134 772 1341 837 γένοιτο
1368 769 1568 837 γνῶναι
1594 766 1797 831 καλῶς,

249 858 285 930 ᾧ
307 862 459 932 μηδὲν
486 862 674 931 ὅμοιον
713 862 859 915 ἔστιν
886 862 1088 931 εὑρεῖν,
1119 862 1226 915 οὐδ’
1258 862 1286 913 ὃ
1317 862 1493 915 κοινὸν
1524 861 1670 932 αὐτῷ
1707 862 1799 913 καὶ

249 958 341 1016 τοῖς
365 956 538 1017 ἄλλοις
565 953 687 1007 οὐδὲ
718 955 848 1022 πρὸς
876 953 904 1005 ὃ
932 953 1283 1023 παράδειγμα
1309 953 1662 1024 ἀναφέρεται,
1694 954 1800 1005 οὐδ’

248 1042 317 1109 οἷς
346 1048 547 1108 ἐκεῖνος
578 1045 927 1115 παράδειγμα
953 1062 967 1110 ;
995 1045 1110 1107 πῶς
1140 1046 1196 1097 δὲ
1228 1045 1566 1116 καταμαθεῖν
1607 1046 1704 1114 μὲν
1739 1045 1800 1097 τὶ

248 1138 443 1199 καλλος,
478 1137 703 1207 φιλῆσαι
732 1137 787 1189 δὲ
813 1138 909 1189 τοῦ
937 1137 1167 1199 κάλλους
1192 1135 1389 1201 ἁξίως;
1420 1131 1515 1197 Οἷς
1539 1137 1594 1189 δὲ
1628 1136 1803 1189 τοιοῦ-

246 1249 321 1293 τος
349 1230 559 1297 ἐγένετο
604 1230 788 1292 πόθος,
814 1228 955 1281 ὥστε
996 1230 1093 1297 τῆς
1121 1230 1335 1298 φύσεως
1372 1230 1469 1299 μὲν
1505 1232 1763 1299 ἐκστῆναι
1785 1272 1799 1295 ,

246 1321 397 1389 μείζω
426 1321 480 1373 δὲ
516 1320 611 1372 καὶ
659 1321 1083 1390 προθυμηθῆναι
1130 1323 1224 1374 καὶ
1251 1322 1545 1393 δυνηθῆναι
1570 1322 1602 1392 ἣ
1632 1340 1803 1393 προσ-

240 1412 360 1480 ῆκεν
388 1412 693 1480 ἀνθρώποις
718 1412 1110 1482 ἐνθυμηθῆναι,
1134 1412 1357 1474 τούτους
1380 1414 1539 1476 αὐτὸς
1565 1413 1801 1484 ἔτρωσεν

239 1504 542 1572 ὁνυμφίοςο
593 1504 755 1566 αὐτὸς
800 1504 994 1573 ἐνῆκεν
1045 1505 1239 1559 ἀκτίνά
1284 1521 1401 1557 τινα
1436 1504 1529 1556 τοῦ
1574 1505 1804 1568 κάλλους

238 1600 338 1659 τοῖς
385 1596 706 1664 ὀςρθαλμοῖς.
763 1596 837 1649 Τὸ
888 1597 996 1667 γάρ
1058 1597 1284 1666 μέγεθος
1342 1599 1431 1650 τοῦ
1488 1598 1801 1670 τραύματος

240 1688 418 1757 μηνύει
439 1688 501 1740 τὸ
519 1687 691 1755 βέλος,
716 1689 812 1741 καὶ⁸
836 1691 863 1741 ό
891 1689 1050 1751 πόθος
1072 1692 1159 1742 τὸν
1189 1691 1477 1759 τρώσαντα
1499 1692 1768 1744 δείκνυσιν
1785 1706 1798 1721 ⁸

240 1782 322 1831 καὶ
356 1780 534 1849 τούτῳ
576 1780 829 1847 διήνεγκε
870 1783 966 1850 τῆς
1016 1782 1257 1845 Παλαιᾶς
1288 1785 1319 1853 ἡ
1348 1782 1525 1853 Καινὴ
1557 1786 1799 1854 Διαθήκη

238 1876 320 1926 καλ⁵
360 1874 536 1943 τούτῳ
576 1874 801 1942 ἄμεινον
842 1870 1020 1943 εἶχεν,
1054 1875 1135 1929 ὅτι
1176 1877 1297 1929 τότε
1342 1879 1439 1945 μὲν
1484 1878 1639 1944 λόγος
1679 1875 1747 1949 ἦν
1779 1882 1806 1932 ὀ

236 1966 521 2031 παιδεύων,
569 1965 665 2021 νῦν
704 1966 762 2018 δὲ
793 1967 955 2029 αὐτὸς
990 1967 1177 2037 παρὼν
1214 1971 1241 2021 ὁ
1290 1970 1522 2038 Χριστὸς
1567 1970 1807 2041 ἄρῤητόν

233 2074 344 2111 τινα
372 2059 579 2128 τρόπον
612 2058 886 2129 διατίθησι
925 2061 1020 2113 καὶ
1056 2060 1279 2115 πὶάττει
1313 2062 1410 2125 τὰς
1443 2063 1551 2116 τῶν
1591 2062 1806 2130 ἀνθρώ-

233 2166 338 2201 πων
366 2149 574 2219 ψυχάς.
604 2150 763 2218 Λόγῳ
786 2151 895 2221 γάρ
922 2154 1018 2203 καὶ
1045 2152 1360 2224 διδασκαλίᾳ
1383 2154 1476 2206 καὶ
1502 2156 1683 2223 νόμοις
1709 2156 1809 2208 οὐκ

235 2242 349 2308 ἐνῆν
378 2240 682 2307 ἀφικέσθαι
714 2244 841 2305 τοὺς
885 2243 1207 2313 ἀνθρώπους
1249 2246 1328 2306 είς
1376 2248 1434 2299 τὸ
1479 2246 1809 2317 ζητούμενον

234 2334 391 2397 τέλος.
415 2335 480 2387 Ei
511 2333 619 2404 γὰρ
646 2335 773 2405 ὲνῆν
798 2335 1000 2403 λόγοις,
1022 2337 1122 2390 οὐκ
1157 2336 1221 2390 ἂν
1262 2338 1481 2408 ἐδέησεν
1507 2339 1682 2410 ἔργων
1713 2343 1809 2394 καὶ

234 2428 422 2481 τούτων
461 2428 794 2496 ὑπερφυῶν,
827 2429 962 2481 Θεοῦ
997 2431 1370 2503 σαρκούμενον
1414 2434 1508 2484 καὶ
1544 2449 1810 2501 σταυρου-

238 2520 387 2587 μένου
435 2519 542 2573 καὶ
601 2519 1056 2590 ἀποθνήσκοντος.
1109 2519 1278 2574 Τοῦτο
1306 2522 1364 2575 δὲ
1400 2522 1556 2592 δῆλον
1594 2524 1811 2594 ἐγένετο

234 2610 287 2674 ἐξ
330 2613 509 2680 ἀρχῆς
555 2608 617 2675 ὲξ
663 2612 842 2663 αὐτῶν
887 2611 997 2663 τῶν
1053 2611 1277 2681 πατρῶν
1330 2612 1463 2682 ἡμῖν
1507 2615 1607 2684 τῆς
1650 2618 1806 2669 εὐσε-

235 2703 375 2766 σείας
422 2707 528 2758 καὶ
570 2704 680 2757 τῶν
726 2706 1063 2759 ἀποστόλων.
1114 2706 1299 2776 Πάσης
1346 2707 1454 2778 γὰρ
1513 2709 1814 2764 ἀπολελαυ-

236 2797 377 2858 κότες
429 2796 811 2860 διδιασκαλίας
867 2798 961 2849 καὶ
1021 2797 1194 2850 ταῦτα
1253 2797 1420 2852 αὑτοῦ
1470 2799 1564 2852 τοῦ
1624 2801 1808 2872 Σωτῆ-

239 2904 319 2955 ρος
380 2890 477 2942 καὶ
539 2888 730 2941 θεαταὶ
776 2889 1061 2959 γενόμενοι
1110 2889 1355 2955 πάντων,
1404 2894 1499 2943 καὶ
1560 2885 1634 2947 ὧν
1686 2911 1816 2947 κατ-

234 2980 375 3033 έθετο
428 2985 505 3051 τῇ
568 2982 730 3049 φύσει
784 2982 1021 3052 χαρίτων
1085 2984 1177 3037 καὶ
1229 2980 1305 3037 ὦν
1358 2986 1620 3055 ἠνέσχετο
1674 2988 1814 3059 ὑπὲρ

1903 506 2021 545 sam
2051 492 2319 546 rationem
2357 494 2411 546 in
2445 493 2629 547 anima
2669 493 2941 562 producit,
2978 493 3059 547 sic
3108 503 3163 548 et
3206 508 3473 550 amorem.

1904 582 2072 653 Igitur
2101 585 2147 638 si
2182 584 2487 640 Salvatoris
2528 574 2770 641 charitas
2803 586 2855 640 in
2893 584 3051 643 nobis
3078 586 3215 641 nihil
3246 601 3476 650 novum,

1904 688 2005 727 nec
2032 673 2185 729 valde
2213 674 2594 730 admirandum
2620 689 2730 745 pra:
2752 691 2809 731 se
2837 675 3044 739 tulerit,
3072 677 3202 730 satis
3224 688 3477 746 apparet,

1902 780 2003 820 nos
2048 766 2182 821 solis
2218 766 2286 821 de
2314 782 2381 822 eo
2412 768 2637 823 vocibus
2674 768 2877 839 potitos
2903 786 2918 823 :
2949 784 2979 824 e
3002 768 3203 839 quibus
3232 784 3472 839 quonam

1905 866 2063 925 pacto
2111 857 2247 911 bene
2293 858 2453 913 liceat
2483 874 2832 928 cognoscere,
2880 859 2968 915 cui
3005 860 3137 914 nihil
3170 870 3254 916 est
3296 861 3477 934 simile

1904 949 2161 1017 reperire,
2199 966 2372 1019 neque
2403 952 2548 1020 quod
2583 952 2657 1004 illi
2690 962 2745 1006 et
2781 952 2903 1006 aliis
2931 966 3223 1008 commune
3252 954 3346 1018 sit,
3374 970 3477 1010 nec

1903 1041 2214 1108 exemplum
2253 1044 2319 1094 ad
2350 1044 2494 1111 quod
2533 1054 2902 1112 comparetur,
2936 1046 3113 1114 neque
3146 1046 3347 1115 quibus
3387 1046 3477 1101 ille

1904 1136 2154 1202 exemplo
2189 1136 2296 1189 sit?
2329 1134 2618 1200 Quomodo
2663 1137 2788 1190 hinc
2835 1136 3133 1192 bonitatem
3181 1139 3480 1208 perspicie-

1905 1241 2048 1285 mus.
2083 1240 2134 1280 et
2178 1237 2234 1279 ut
2278 1227 2398 1293 eius
2450 1228 2690 1282 bonitate
2723 1228 2943 1299 dignum
2976 1240 3082 1294 est,
3113 1246 3237 1284 eum
3266 1232 3479 1286 amabi-

1907 1316 2066 1368 mus?
2117 1315 2221 1382 Qui
2274 1333 2437 1386 porro
2488 1319 2624 1374 adeo
2655 1330 2863 1384 amant,
2917 1331 2975 1375 ut
3030 1331 3241 1378 natura:
3278 1323 3478 1381 ﬁnibus

1904 1408 2111 1475 egressi
2138 1409 2341 1478 majora
2362 1420 2417 1463 et
2443 1411 2699 1465 studeant
2720 1412 2953 1478 eﬂicerc,
2974 1424 3028 1469 et
3058 1416 3290 1483 possint,
3312 1434 3477 1486 quam

1908 1499 2157 1554 homines
2202 1501 2288 1555 fas
2321 1514 2403 1557 est
2447 1503 2710 1572 cogitare,
2744 1504 2843 1559 hos
2878 1506 2992 1574 ipse
3028 1522 3262 1574 sponsus
3292 1512 3484 1565 vulne-

1908 1592 2069 1653 ravit,
2104 1594 2221 1661 ipse
2262 1594 2475 1647 radium
2517 1596 2941 1663 pulchritudinis
2963 1615 3079 1652 suae
3110 1600 3286 1655 oculis
3332 1602 3482 1668 ipso-

1910 1696 2029 1734 rum
2063 1683 2309 1738 immisit.
2348 1684 2779 1754 Magnitudinem
2814 1688 2958 1741 enim
2997 1690 3247 1745 vulneris
3293 1690 3479 1755 telum,

1910 1784 1965 1828 et
1994 1775 2394 1830 vulneratorem
2421 1793 2577 1831 amor
2608 1779 2870 1834 declarat.
2903 1779 2967 1834 Et
3000 1783 3101 1836 hoc
3121 1797 3152 1836 a
3174 1780 3349 1837 Veteri
3376 1784 3476 1838 Te-

1910 1874 2184 1919 stamento
2210 1882 2410 1921 novum
2446 1868 2649 1931 dilIert,
2681 1880 2735 1925 et
2766 1872 2867 1926 hoc
2901 1874 3096 1927 melius
3132 1875 3479 1946 habet,quod

1912 1972 2042 2015 tunc
2075 1961 2297 2032 quidem
2330 1963 2493 2018 verba
2529 1973 2708 2029 erant,
2741 1981 2861 2034 quae
2895 1968 3215 2022 eruilirent:
3254 1979 3308 2022 at
3336 1986 3480 2027 nunc

1912 2065 2156 2118 praesens
2186 2052 2307 2121 ipse
2338 2052 2591 2107 Christus
2618 2054 2873 2109 ineffabili
2904 2057 3139 2125 quodam
3175 2059 3338 2112 modo
3367 2060 3481 2112 ani-

1914 2157 2031 2196 mas
2083 2151 2299 2197 tractat.
2350 2143 2612 2199 Sermone
2660 2146 2828 2212 enim,
2878 2146 3129 2201 doctrina
3178 2159 3233 2203 et
3274 2150 3485 2218 legibus

1914 2231 2167 2288 homines
2214 2234 2375 2288 linem
2404 2245 2722 2304 exoptatum
2761 2238 3027 2306 attingere
3068 2253 3175 2293 non
3210 2252 3484 2308 poterant.

1915 2323 1972 2377 Si
2004 2326 2149 2377 enim
2192 2325 2373 2379 verbis
2405 2327 2733 2395 potuissent,
2762 2328 3024 2397 operibus
3050 2345 3153 2382 non
3181 2330 3482 2400 eguissent.

1913 2423 1967 2469 et
2023 2416 2131 2471 illis
2184 2416 2405 2486 quidem
2465 2417 2965 2483 excellentissimis,
3020 2422 3127 2476 Deo
3177 2422 3484 2491 incarnato,

1914 2509 2194 2575 cruciﬁxo,
2245 2519 2299 2565 et
2338 2518 2580 2565 mortuo.
2626 2513 2801 2581 Atque
2843 2512 2985 2568 istuc
3035 2516 3322 2584 apostolis,
3356 2517 3485 2572 reli-

1915 2600 2093 2671 gionis
2138 2609 2338 2655 nostra:
2377 2601 2702 2670 parentibus
2750 2604 2817 2658 ab
2869 2604 3027 2659 initio
3075 2606 3290 2662 claruit.
3348 2610 3487 2664 Nam

1916 2708 2041 2748 eum
2086 2693 2233 2747 omni
2273 2694 2547 2760 doctrina,
2600 2703 2656 2749 et
2701 2694 2920 2765 quidem
2970 2698 3143 2766 ipsius
3191 2697 3489 2759 Salvatoris

1918 2790 2113 2845 imbuti
2160 2804 2226 2844 ac
2260 2791 2425 2859 pasti,
2451 2792 2573 2861 ejus
2612 2793 2887 2847 actionum
2964 2794 3486 2868 miraculorumque,

1916 2893 1970 2937 et
2043 2882 2454 2947 beneﬁciorum,
2502 2900 2624 2952 qua:
2690 2893 2899 2938 natura:
2955 2895 3157 2940 nostra:
3214 2891 3487 2956 praestitit,

1919 2984 2256 3046 spectatores
2293 2976 2420 3029 laeti
2456 2985 2664 3041 essent,
2703 2992 2935 3046 quaeque
2985 2977 3268 3034 hominum
3320 2995 3489 3037 causa

232 3074 327 3125 τῶν
365 3072 696 3143 ἀνθρώπων,
750 3074 843 3128 καὶ
896 3073 971 3138 ὼς
1017 3075 1305 3129 ἀποθανὼν
1352 3077 1592 3147 ἀνεσίου,
1621 3083 1713 3134 καὶ
1738 3084 1810 3147 ὡς

1920 3069 2210 3133 sustinuit,
2258 3078 2312 3123 et
2356 3067 2505 3123 illius
2560 3068 2615 3122 in
2660 3069 2824 3123 vitam
2888 3069 3155 3136 reditum,
3210 3072 3263 3127 in
3318 3077 3490 3132 caelos

237 3166 553 3235 κατειλήφει
594 3164 684 3217 τὸν
711 3164 974 3235 οὐρανόνσ
1005 3166 1099 3219 καὶ
1127 3167 1300 3220 ταῦτα
1352 3168 1529 3222 πάντα
1561 3188 1814 3244 καταμαο

236 3257 406 3321 θὸντες
433 3259 592 3328 ὅμως
614 3256 765 3311 οὐδὲν
792 3257 976 3310 καινὸν
997 3258 1118 3311 οὐδὲ
1150 3262 1399 3327 γενναῖον
1424 3261 1544 3315 οὐδὲ
1568 3280 1814 3335 πνευμα-

235 3351 373 3403 τικὸν
420 3350 551 3403 οὐδὲ
602 3350 697 3402 τοῦ
756 3348 986 3402 παλαιοῦ
1040 3349 1251 3418 βέλτιον
1297 3352 1664 3419 ἐπεδείξαντο,
1707 3357 1813 3419 ἕως

238 3442 625 3496 ἐϐαπτίσαντο.
661 3441 960 3512 Γενομένου
989 3442 1046 3495 δὲ
1085 3442 1272 3506 αὐτοῖς
1303 3444 1397 3497 τοῦ
1439 3445 1815 3517 βαπτίσματος

238 3536 318 3586 καὶ
348 3534 438 3587 τοῦ
471 3534 840 3606 Παρακλήτου
877 3536 995 3597 ταῖς
1024 3534 1227 3603 ψυχαῖς
1265 3535 1447 3587 αὐτῶν
1477 3538 1815 3606 ἐμπεσόντος

235 3626 375 3678 αὐτοί
400 3645 457 3679 τε
492 3627 748 3694 ἐγένοντο
774 3626 954 3679 καινοὶ
979 3628 1071 3679 καὶ
1099 3626 1245 3696 ζωῆς
1271 3628 1597 3682 ἐπελάϐοντο
1620 3632 1815 3700 καινῆς

236 3719 322 3769 καὶ
367 3720 476 3779 τοῖς
537 3716 720 3779 ἄλλοις
778 3717 1076 3787 ἡγήσαντο,
1126 3720 1221 3771 καὶ
1267 3718 1357 3771 τὸν
1397 3721 1525 3789 περὶ
1579 3721 1816 3789 Χριστὸν

237 3807 389 3860 πόθον
422 3810 529 3861 καὶ
571 3807 784 3869 ἑαυτοῖς
824 3808 918 3860 καὶ
952 3810 1065 3871 τοῖς
1106 3809 1288 3872 ἄλλοις
1328 3810 1562 3879 ἀνῆψαν.
1600 3812 1662 3863 Ei
1707 3814 1816 3884 γὰρ

238 3902 323 3952 καὶ
364 3900 441 3970 τῷ
483 3898 629 3970 ¹ἡλίῳ
670 3899 925 3968 παρῆσαν
966 3900 1061 3951 καὶ
1098 3899 1311 3970 διαίτης
1357 3901 1678 3955 ἐκοινώνουν
1722 3906 1816 3957 καὶ

236 3991 424 4059 λόγων,
470 3990 594 4045 ἀλλ’
637 3986 707 4061 ἦν
738 3988 994 4057 αἴσθησις
1022 3990 1205 4053 αὐτοῖς
1247 3990 1349 4059 τῆς
1383 3993 1599 4054 ἀκτῖνος
1636 3992 1810 4059 οῦπω,

241 4084 309 4154 μὴ
342 4084 668 4153 δεξαμένοις
707 4082 765 4135 τὸ
799 4082 1172 4150 πνευματικὸν
1216 4084 1391 4135 ἐκεῖνο
1434 4083 1683 4154 λουτρὸν,
1722 4088 1814 4139 τὸν

243 4177 347 4227 ἴσον
377 4177 442 4247 δὴ
468 4176 679 4247 τρόπον
728 4175 819 4227 καὶ
854 4174 976 4236 τοὺς
1016 4172 1205 4242 ἁγίους
1237 4172 1365 4241 ἑξῆς
1404 4174 1650 4240 ἅπαντας
1695 4178 1812 4230 ιτε-

243 4271 459 4323 λείωσεν
491 4273 522 4324 ὁ
542 4270 710 4331 Θεόςο
745 4268 838 4320 καὶ
868 4267 1186 4335 ἐπέγνωσαν
1212 4267 1377 4320 αὑτὸν
1408 4268 1501 4321 καὶ
1530 4270 1814 4339 ἐφίλησαν,

240 4363 292 4415 ού
334 4364 513 4431 λόγοις
552 4358 1003 4431 παρακληθέντες
1053 4357 1253 4426 ψιλοῖς,
1287 4358 1425 4413 ἀλλὰ
1457 4363 1523 4431 τῇ
1562 4362 1654 4414 τοῦ
1697 4364 1819 4416 λου-ο

240 4453 359 4521 τροῦ
381 4454 617 4522 δυνάμει
641 4450 1002 4513 διατεθέντες,
1030 4448 1195 4503 αὐτοῦ
1225 4450 1552 4516 πλάττοντος
1581 4455 1675 4507 καὶ
1697 4454 1815 4507 δια·
1850 4436 1894 4490 D

241 4545 471 4609 τιθέντος
509 4544 607 4597 τοῦ
626 4543 970 4612 φιλουμένου,
1011 4541 1069 4605 δς
1093 4542 1266 4607 κτίζει
1300 4543 1525 4611 καρδίαν
1559 4545 1813 4615 σαρκίαν,

242 4634 331 4701 τὴν
368 4633 740 4700 ἀναισθησίαν
768 4632 1070 4697 ὲκόάλλων,
1108 4634 1207 4685 καὶ
1235 4633 1434 4701 γράφει
1471 4636 1589 4701 μὲν,
1628 4634 1743 4687 ἀλλ’

245 4742 365 4793 φησι
398 4724 617 4787 Παῦλος
644 4740 657 4757 ο
696 4744 712 4774 ι
748 4727 846 4776 οὐκ
874 4725 933 4776 ὲν
953 4722 1116 4787 πλαξὶ
1141 4723 1392 4787 λιθίναις,
1428 4724 1543 4776 ἀλλ’
1568 4727 1624 4777 ἐν
1651 4726 1815 4789 πλαξὶ⁵

244 4817 462 4884 καρδίας
502 4818 817 4884 σαρκίναις,
846 4835 863 4865 ι
906 4813 1001 4867 καὶ
1026 4816 1088 4868 ού
1128 4814 1289 4883 νόμον
1320 4814 1529 4878 ἁπλῶς,
1560 4816 1693 4868 ἀλλά
1724 4817 1814 4868 τὸν

242 4907 534 4978 νομοθέτην
560 4907 741 4970 αὐτὸν,
760 4908 920 4971 αὐτὸς
948 4905 1157 4958 ἑαυτόν.
1178 4905 1346 4958 Τοῦτο
1382 4905 1435 4959 δὲ
1467 4907 1678 4969 πολλοῖς
1708 4907 1814 4959 τῶν

244 5000 409 5065 ἁγίων
445 5001 543 5053 καὶ
584 4997 941 5069 φανερώτατα
982 4996 1271 5067 διεδείχθη,
1311 4996 1405 5060 οὓς
1454 4999 1590 5067 μήτε
1636 4997 1813 5066 λόγοις

243 5090 467 5161 τάληθὲς
504 5091 697 5158 μαθεῖν
741 5089 1093 5159 δυνηθέντας.
1136 5091 1271 5159 μήτε
1302 5090 1544 5159 θαύμασι
1588 5089 1686 5158 τὴν
1718 5089 1813 5143 τοῦ

244 5184 648 5252 κηρυττομένου
670 5182 896 5248 δύναμιν
925 5182 1244 5249 ὲπιγνόντας
1273 5181 1630 5251 Χριστιανοὺς
1660 5182 1815 5253 ἀκρι·

246 5267 355 5334 δεῖς
389 5273 588 5342 ἀθρόον
621 5271 871 5337 ἀπέδειξε
904 5271 1198 5340 δεξάμενον
1227 5274 1287 5323 τὸ
1319 5272 1564 5340 λουτρόν.

311 5363 623 5433 Πορφύριος
657 5363 787 5432 γοῦν
813 5369 839 5416 ὀ
867 5366 1138 5433 μακάριος
1169 5366 1263 5416 ἐπὶ
1292 5364 1400 5416 τῶν
1431 5364 1645 5433 καιρῶν
1668 5368 1818 5429 γενό-

246 5468 399 5519 μενος
450 5456 702 5519 ἐκείνων,
729 5460 786 5509 ἐν
835 5451 917 5519 οἷς
948 5458 976 5508 ὁ
1023 5456 1115 5509 τοῦ
1149 5456 1386 5525 Χριστοῦ
1420 5457 1582 5526 νόμος
1626 5456 1807 5525 πάσης

244 5544 463 5613 ἐκράτει
488 5549 584 5618 τῆς
608 5549 959 5619 οἰκουμένης,
991 5550 1083 5601 καὶ
1107 5548 1203 5616 τῆς
1240 5547 1335 5617 μὲν
1364 5547 1546 5615 φωνῆς
1577 5546 1686 5601 τῶν
1714 5564 1813 5614 κη-

313 5725 382 5757 "'
429 5725 621 5780 Ezech.
655 5743 731 5791 ιι,
775 5728 875 5790 l9;
905 5726 1042 5782 l’sal.
1083 5746 1134 5793 ι,
1176 5729 1261 5781 l‘l.

569 5820 837 5881 PA'I‘BUL.
879 5824 994 5883 (in.
1036 5826 1126 5885 CL
1146 5868 1161 5884 .

1338 5730 1384 5760 ⁷⁸
1427 5728 1465 5783 ll
1496 5727 1620 5781 Cor.
1664 5740 1744 5791 ιιι,
1786 5725 1839 5779 5.

1917 3177 2205 3217 ascensum
2237 3160 2521 3223 vidissent,
2561 3176 2708 3226 eum,
2744 3160 2995 3231 inquam,
3039 3163 3156 3219 haec
3185 3166 3371 3221 omnia
3402 3168 3490 3222 di-

1914 3253 2199 3315 dieiSSent,
2243 3251 2379 3305 nith
2438 3262 2622 3307 tamen
2668 3268 2893 3318 novum,
2948 3255 3083 3310 nihil
3141 3272 3489 3327 generosum,

1914 3345 2052 3400 nihil
2088 3345 2393 3415 spirituale.
2432 3360 2531 3401 nec
2558 3354 2835 3401 vetustate
2874 3348 3069 3404 melius
3102 3359 3487 3408 ostentarunt:

1914 3436 2088 3492 donec
2130 3437 2404 3508 baptismo
2447 3439 2604 3493 tincti
2648 3449 2800 3505 sunt,
2848 3455 2957 3509 quo
2986 3441 3205 3512 adepto,
3237 3455 3291 3498 et
3320 3441 3493 3500 Para-

1915 3531 2059 3585 eleto
2104 3545 2297 3584 eorum
2326 3530 2526 3585 animis
2549 3531 2766 3600 illapso,
2794 3541 2848 3586 et
2887 3533 2990 3602 ipsi
3020 3544 3314 3589 evaserunt
3339 3538 3489 3602 novi,

1915 3633 1970 3680 et
2017 3626 2180 3677 vitam
2228 3638 2423 3678 novam
2472 3625 2973 3693 apprehenderunt,
3029 3636 3083 3681 et
3125 3630 3338 3684 caeteris
3367 3644 3490 3685 sese

1916 3713 2083 3767 duces
2122 3713 2174 3765 in
2229 3727 2292 3767 ea
2343 3713 2715 3780 praebuerunt,
2747 3714 3066 3785 Christique
3110 3731 3351 3772 amorem
3385 3719 3493 3773 sibi

1892 3802 1970 3860 et
2018 3805 2141 3859 aliis
2184 3804 2594 3874 implicuerunt.
2645 3804 2971 3875 Quanquam
3024 3808 3168 3861 enim
3203 3824 3329 3863 cum
3379 3812 3493 3864 sole

1916 3898 2299 3959 versabantur,
2335 3910 2442 3949 non
2487 3896 3013 3965 tamen,spiritualis
3060 3897 3266 3953 lavacri
3314 3900 3495 3956 adhuc

1917 3995 2187 4055 expertes,
2227 3986 2437 4040 radium
2488 3987 2821 4041 sentiebant.
2860 3987 2942 4041 Ad
2983 3990 3235 4042 eumdem
3271 3992 3491 4043 modum

1916 4090 1970 4134 et
1999 4090 2220 4133 sanctos
2244 4079 2506 4149 deinceps
2537 4094 2730 4135 omnes
2757 4078 2986 4149 perfecit
3015 4080 3178 4143 Deus,
3205 4093 3257 4136 et
3282 4096 3488 4152 cogno-

1918 4179 2116 4226 verunt
2144 4186 2293 4234 eum,
2327 4181 2380 4226 et
2418 4172 2762 4225 dilexerunt:
2798 4187 2904 4226 non
2934 4174 3282 4228 sermonibus
3332 4177 3492 4230 nudis

1918 4266 2122 4327 allecti,
2146 4268 2239 4320 sed
2271 4266 2472 4320 lavacri
2500 4268 2700 4320 virtute
2731 4268 3047 4337 praeparati,
3079 4270 3198 4338 ipso
3222 4267 3497 4326 formante

1919 4373 1973 4414 et
2017 4368 2262 4425 aptante,
2309 4360 2401 4428 qui
2442 4360 2707 4427 diligitur,
2746 4361 2839 4431 qui
2893 4376 2989 4417 cor
3018 4363 3283 4417 mundum
3320 4374 3495 4429 creat,

1919 4461 1972 4505 et
1997 4450 2176 4504 aufert
2210 4449 2507 4519 lapideum,
2545 4460 2617 4504 et.
2643 4454 2861 4520 reponit
2898 4468 3179 4519 carneum,
3214 4464 3497 4524 stuporem

1917 4542 2254 4610 ejiciens'”.
2300 4541 2363 4593 Et
2392 4541 2583 4596 scribit
2629 4544 2873 4611 quidem,
2931 4560 3149 4611 verum,
3193 4555 3252 4601 ut
3298 4547 3499 4603 Paulus

1921 4636 2018 4698 ait,
2079 4653 2097 4685 ι
2137 4650 2241 4686 non
2276 4634 2328 4686 in
2357 4632 2555 4688 tabulis
2583 4633 2835 4703 lapideis,
2873 4636 2967 4690 sed
2999 4637 3050 4690 in
3084 4637 3281 4693 tabulis
3312 4638 3500 4697 cordis

1921 4721 2325 4788 carnalibus",
2355 4742 2374 4774 ι
2411 4734 2465 4778 ct
2519 4741 2629 4778 non
2684 4725 2857 4795 legem
2914 4728 3256 4797 simpliciter,
3294 4732 3389 4784 sed
3424 4730 3500 4784 le-

1922 4817 2237 4885 gislatorem
2277 4817 2476 4884 ipsum,
2516 4816 2633 4885 ipse
2665 4818 3042 4888 semetipsum.
3082 4817 3195 4875 Hoc
3222 4821 3277 4875 in
3310 4822 3497 4876 multis

1925 4918 2263 4969 sanctorum,
2286 4908 2841 4978 manifestissimeque
2868 4922 3208 4979 perspectum
3235 4922 3339 4976 est,
3363 4928 3502 4983 quos

1926 5015 2049 5052 eum
2107 5014 2282 5067 neque
2332 5000 2512 5054 verbis
2564 4999 2847 5054 veritatem
2896 5002 3105 5055 discere
3172 5006 3499 5072 potuissent,

1928 5106 2024 5143 nee
2090 5089 2370 5143 miraculis
2432 5090 2743 5144 absconditi
2803 5093 3058 5147 virtutem
3117 5107 3497 5163 agnoscerent,

1926 5192 2236 5250 susceptum
2305 5181 2579 5235 lavacrum
2634 5180 2982 5239 Christianos
3050 5184 3502 5253 praeclarissimos

1928 5274 2110 5329 subito
2131 5274 2544 5329 demonstravit.

1996 5364 2199 5420 Beatus
2242 5368 2421 5434 itaque
2470 5366 2799 5437 porpliyrius
2829 5384 2952 5421 cum
3004 5366 3114 5422 illis
3164 5365 3502 5436 temporibus

1927 5460 2150 5519 viveret,
2180 5457 2380 5527 quibus
2409 5458 2614 5513 Christi
2652 5460 2736 5512 lex
2769 5467 2939 5512 totum
2972 5459 3159 5513 orbem
3194 5455 3496 5524 subigebat,

1923 5561 2347 5616 praemiumque
2399 5562 2682 5601 sacrorum
2721 5562 2905 5600 vocem
2946 5546 3206 5602 mortales
3255 5543 3500 5601 universi

3094 5816 3171 5879 18
