3992 6202
427 336 538 398 550

1667 343 1973 402 NICOLAI
2009 343 2396 402 CABASZLL

3562 348 3671 410 560

428 464 590 508 tenus
641 453 988 522 procedebat.
1045 451 1308 516 Quocirca
1367 461 1419 505 et
1463 451 1655 505 umbra
1721 463 1772 506 et
1823 453 1998 521 imago

2109 455 2321 520 πνεῦμα
2350 456 2408 507 τὸ
2439 458 2541 506 πᾶν
2571 455 2879 524 ἐργάζεται,
2919 457 3164 526 γραπτδς
3187 458 3241 512 δὲ
3292 460 3518 524 ἐκεῖνος,
3583 460 3668 510 ὅτε

428 545 567 610 fuit;
606 559 693 598 res
725 552 904 598 autem
945 553 996 594 et
1023 543 1245 604 veritas,
1285 558 1404 611 qum
1435 559 1581 597 nunc
1615 545 1770 597 liunt.
1817 544 1991 597 Verba

422 635 570 691 enim
605 635 670 688 ad
699 635 877 702 ipsum
912 649 1030 686 esse
1065 649 1242 686 rerum
1293 633 1544 701 imaginis
1588 635 1992 702 proportionem

427 729 666 791 habent;
719 741 879 795 quas.
921 726 1236 795 priusquam
1265 737 1614 797 apparerent,
1651 727 1836 780 multis
1869 737 1995 781 ante

425 818 640 875 srecnlis
695 817 879 887 lingua
948 819 1333 887 prophetarum
1394 819 1535 874 Deus
1599 819 1928 889 signiﬁcavit
1981 835 1992 870 :

429 929 448 962 ι
491 909 740 974 Feriam,
790 910 990 978 inquit,
1035 909 1213 965 l‘mdus
1260 927 1480 972 novum,
1539 926 1645 964 non
1688 911 1992 965 secundum

423 1010 670 1071 pactum,
718 1002 860 1067 quod
924 1000 1100 1070 popigi
1146 1017 1269 1054 cum
1326 1001 1575 1070 patribus
1623 1015 1814 1055 eorum
1841 1001 1908 1054 ⁸ο.
1971 1021 1990 1051 ›

425 1093 530 1146 Sed
559 1092 748 1162 quod?
789 1110 808 1143 ι
844 1090 959 1158 Hoc
984 1093 1086 1147 erit
1113 1103 1353 1161 pactum,
1390 1093 1586 1162 inquit,
1620 1093 1763 1161 quod
1803 1091 1991 1150 feriam

424 1202 546 1239 cum
571 1184 733 1238 domo
758 1183 944 1248 Israel,
977 1185 1028 1238 in
1053 1187 1215 1240 domo
1246 1184 1409 1240 Juda.
1449 1185 1596 1240 Dabo
1625 1187 1794 1254 legem
1818 1200 1992 1238 meam

427 1279 478 1330 in
513 1277 814 1332 visceribus
848 1293 1061 1343 eorum,
1115 1287 1167 1331 et
1224 1277 1276 1331 in
1330 1278 1591 1332 cordibus
1633 1293 1820 1333 eorum
1853 1276 1991 1331 scri-

427 1373 548 1425 bam
607 1385 725 1423 eam
755 1369 823 1422 δι.
856 1389 874 1421 ι
910 1368 1028 1422 Non
1064 1384 1157 1438 per
1198 1384 1353 1423 voces
1387 1370 1840 1438 compositammt
1869 1383 1997 1422 con-

425 1463 723 1524 cinnatam,
772 1462 865 1516 sed
897 1461 1008 1529 ipse
1044 1476 1143 1531 ego
1170 1461 1448 1531 legislator
1494 1476 1590 1530 per
1631 1476 1738 1524 me,
1788 1460 1996 1528 absque

427 1554 607 1606 medio
647 1568 660 1604 :
710 1570 729 1603 ι
763 1549 880 1606 Non
915 1554 1058 1605 enim
1091 1552 1324 1620 amplius
1354 1553 1572 1606 docebit
1618 1552 1996 1621 unusquisque

426 1646 649 1699 fratrem
702 1659 883 1710 suum,
923 1654 976 1698 et
1020 1645 1401 1716 unusquisque
1455 1645 1760 1714 proximum
1808 1660 1992 1710 suum,

423 1738 632 1801 dicens,
669 1735 954 1806 Cugnosee
987 1739 1310 1802 Dominum;
1349 1739 1607 1806 quoniam
1643 1753 1836 1791 omnes
1896 1751 1993 1789 co-

422 1835 686 1898 gnoscent
730 1845 838 1892 me,
877 1843 908 1882 a
944 1830 1171 1883 minimo
1207 1846 1379 1898 usiiue
1423 1830 1486 1883 ad
1538 1829 1835 1884 maximum
1860 1830 1926 1882 θ’.
1971 1849 1988 1880 ι

427 1921 578 1975 llanc
605 1932 659 1977 et
696 1922 860 1976 David
894 1925 1061 1994 legem
1087 1925 1339 1993 adeptus,
1381 1923 1593 1977 beatam
1623 1923 1770 1976 illam
1806 1936 1992 1974 vocem

423 2011 606 2066 emisit
639 2028 652 2065 :
685 2030 704 2063 ι
742 2012 1013 2078 Quoniam
1039 2029 1139 2084 ego
1169 2014 1424 2083 cognovi,
1456 2015 1601 2084 quod
1640 2029 1872 2083 magnus
1911 2023 1996 2068 est

425 2102 692 2160 Dominus
717 2105 784 2158 ⁸³.
839 2126 856 2158 ι
916 2108 1029 2177 Ego
1054 2109 1311 2176 cognovi,
1345 2110 1545 2174 inquit,
1581 2123 1676 2177 per
1706 2107 1997 2176 experien-

424 2194 580 2259 tiam,
636 2208 743 2248 non
793 2202 854 2248 ut
895 2196 987 2264 qui
1024 2196 1144 2251 aliis
1199 2196 1520 2250 docentibus
1571 2196 1621 2248 id
1670 2194 1994 2246 audiverim.

423 2283 545 2350 Quo
574 2294 628 2340 et
659 2286 794 2341 alios
827 2288 1093 2342 inducens
1118 2304 1131 2340 :
1161 2307 1178 2339 ‹
1212 2285 1465 2364 Gustate,
1496 2287 1694 2354 inquit,
1724 2293 1776 2338 ct
1802 2283 1996 2345 videte,

425 2378 684 2446 quoniam
722 2379 900 2434 bonus
935 2389 1020 2434 est
1053 2378 1404 2433 Dominus“.
1441 2399 1458 2430 ι
1499 2378 1640 2444 Quin
1671 2380 1833 2431 etiam
1859 2377 2000 2429 mul-

427 2471 500 2524 tis
556 2482 608 2524 et
645 2469 811 2524 variis
843 2471 1192 2525 sermonibus
1220 2472 1412 2526 beatus
1445 2471 1532 2524 ille
1565 2470 1657 2524 Dei
1697 2470 1996 2523 bonitatem

425 2559 780 2614 collaudavit.
825 2560 930 2614 Sed
968 2562 1126 2629 quasi
1161 2562 1322 2615 verba
1377 2577 1488 2614 rem
1560 2561 1734 2628 ipsam
1783 2575 2000 2627 requare

427 2661 716 2721 nequeant,
749 2651 817 2705 ad
841 2651 1232 2720 experientiam
1265 2666 1479 2714 eorum,
1507 2667 1626 2721 qua:
1652 2651 1706 2704 in
1740 2651 1845 2705 Deo
1878 2650 2000 2702 lau-

424 2744 648 2808 dantur,
687 2743 969 2800 audientes
993 2753 1277 2813 provocat.

500 2993 651 3047 lianc
681 2992 1071 3061 experientiam
1101 2990 1502 3057 baptizatoruin
1533 2988 1823 3043 animabus
1845 3004 2001 3044 sacer

2100 549 2259 617 μέχρι
2294 549 2400 599 τῶν
2421 550 2764 616 γραμμάτιον
2790 550 2919 620 ἔστη
2960 549 3054 603 καὶ
3099 551 3208 604 τῶν
3269 552 3488 620 φωνῶν,
3549 551 3671 604 ἀνθ’

2100 635 2174 692 ὧν
2203 641 2296 692 καὶ
2325 641 2455 693 σκιὰ
2492 642 2590 708 μὲν
2614 642 2702 694 καὶ
2734 642 2899 694 εἰκὼν
2931 645 3160 708 ἐκεῖνος,
3191 646 3425 714 πρᾶγμα
3465 644 3521 696 δὲ
3577 643 3672 695 καὶ

2099 730 2329 799 ἀλήθεια
2359 731 2425 783 τὰ
2457 732 2721 802 παρόντα.
2754 733 2816 784 Oi
2844 733 2951 802 γὰρ
2985 733 3131 794 λόγοι
3162 735 3254 786 καὶ
3280 734 3347 787 τὰ
3369 735 3672 806 γράμματα

2098 824 2234 889 πρὸς
2260 824 2388 875 αὐτὸ
2412 824 2472 875 τὸ
2503 820 2643 876 εἶναι
2690 825 2798 876 τῶν
2841 828 3186 894 πραγμάτων
3234 825 3443 886 εἰκόνος
3485 827 3672 894 ἔχουσι

2096 916 2253 981 λόγον
2277 933 2290 944 ο
2324 915 2496 968 ταῦτα
2527 918 2658 984 πρὶν
2694 917 2774 978 είς
2799 916 2960 986 ἔργον
2993 917 3242 985 ἐκϐῆναι,
3279 918 3497 980 πολλοῖς
3533 920 3671 987 πρό-

2094 1024 2148 1058 τῖ
2163 1024 2251 1074 ρον
2282 1009 2490 1076 χρόνοις
2521 1011 2583 1075 τῇ
2614 1008 2828 1080 γλώττῃ
2877 1010 2986 1063 τῶν
3018 1011 3316 1079 προφητῶν
3389 1013 3666 1079 ἐμήνυσεν

2095 1101 2123 1151 δ
2155 1099 2306 1161 Θεός.
2346 1120 2362 1148 ι
2397 1099 2763 1169 Διαθήσομαι,
2804 1101 2958 1168 φησὶ,
3014 1101 3281 1170 διαθήκην
3337 1103 3551 1167 καινὴν,
3607 1103 3671 1152 οὐ

2096 1189 2237 1241 κατὰ
2267 1189 2554 1257 διαθήκην,
2591 1192 2657 1259 ἣν
2692 1189 2952 1260 διεθέμην
2987 1192 3100 1253 τοῖς
3136 1193 3410 1260 πατράσιν
3437 1191 3608 1259 ὑμῶν.
3647 1211 3666 1241 ι

2097 1280 2234 1332 ἀλλὰ
2262 1281 2382 1332 τίνα
2409 1281 2617 1350 ταύτην
2653 1297 2667 1345 ;
2705 1299 2721 1332 ι
2758 1281 2931 1349 Αὕτη,
2965 1283 3154 1351 φησὶν,
3191 1285 3224 1351 ὴ
3277 1283 3538 1352 διαθήκη,
3599 1284 3672 1351 ἢν

2098 1371 2429 1440 θιαθὴσομαι
2460 1371 2536 1437 τῷ
2585 1373 2719 1440 οῖκῳ
2753 1371 2970 1442 Ἰσραὴλ
3028 1371 3124 1424 καὶ
3158 1371 3235 1440 τῷ
3279 1373 3412 1441 οῐκῳ
3475 1371 3668 1424 Ἰούδα·

2097 1464 2268 1526 τιθεῖς
2288 1464 2412 1526 τοὺς
2443 1464 2643 1531 νόμους
2678 1480 2780 1532 μου
2811 1465 2892 1526 είς
2935 1463 3178 1517 διάνοιαν
3237 1464 3417 1516 αὐτῶν
3462 1464 3554 1514 καὶ
3609 1465 3676 1514 ὲν

2098 1556 2350 1624 καρδίαις
2391 1554 2568 1608 αὐτῶν
2630 1554 2826 1623 γράψω
2879 1556 3098 1618 αὐτοὺς,
3140 1573 3157 1605 ι
3220 1554 3282 1606 οὗ
3333 1553 3422 1606 διὰ
3480 1551 3677 1621 φωνῆς

2101 1646 2402 1716 ῥυθμίζων,
2440 1647 2557 1699 ἀλλ’
2612 1646 2775 1708 αὐτὸς
2824 1647 3044 1715 ἀμέσως
3077 1649 3104 1699 ὁ
3143 1647 3466 1715 νομοθέτης.
3535 1665 3553 1696 r
3591 1646 3677 1698 Οὐ

2098 1737 2204 1805 γὰρ
2259 1736 2554 1800 διδάξουσιν
2608 1737 2709 1794 ἔτι,
2779 1738 2964 1806 φησὶν,
3010 1737 3240 1800 ἕκαστος
3291 1736 3403 1806 (τὸν
3440 1735 3679 1802 ἀδελφὸν

2099 1827 2286 1893 αὐτοῦ,
2310 1829 2403 1881 καὶ
2427 1820 2675 1896 ἕκαστος)
2690 1827 2782 1880 τὸν
2806 1828 3030 1898 πλησίον
3053 1825 3241 1892 αὑτοῦ,
3263 1829 3433 1882 Γνῶθι
3451 1829 3538 1880 τὸν
3561 1827 3681 1880 K6-

2101 1939 2233 1991 ριον,
2256 1922 2335 1974 ὃτι
2359 1905 2557 1983 πάντες
2570 1921 2846 1990 εἰδήσουσί
2870 1939 2935 1990 με
2959 1922 3066 1974 ἀπὸ
3093 1923 3290 1991 μικροῦ
3309 1922 3412 1993 ἓως
3430 1923 3678 1989 μεγάλου

2097 2013 2295 2065 αὐτῶν.
2344 2032 2361 2064 ι
2401 2013 2604 2065 Τούτου
2636 2012 2814 2080 τυχὼν
2859 2011 2958 2064 τοῦ
3012 2013 3176 2081 νόμου
3233 2017 3326 2065 καὶ
3369 2013 3526 2063 Δαὸὶδ
3567 2012 3681 2080 τὴν

2101 2102 2377 2171 μακαρίαν
2405 2101 2618 2169 ἐκείνην
2647 2102 2824 2170 ἀφῆκε
2848 2102 3052 2172 φωνὴν,
3085 2104 3168 2157 ὅτι
3198 2121 3216 2154 ι
3251 2102 3395 2170 Ἐγὼ
3421 2103 3668 2169 ἔγνωκα.

2097 2197 2179 2247 ὅτι
2219 2194 2392 2262 μέγας
2429 2197 2456 2246 ό
2487 2194 2716 2263 Κύριος,
2761 2213 2779 2245 ι
2813 2192 2922 2260 ἐγὼ
2957 2194 3196 2259 ἔγνωκα,
3259 2173 3415 2262 φησὶ,
3469 2196 3679 2262 πεῖραν

2099 2289 2261 2351 αὐτὸς
2289 2286 2491 2348 λαϐὼν,
2529 2288 2588 2339 οὐ
2634 2287 2997 2339 διδασκόντων
3026 2287 3202 2342 ἄλλων
3241 2289 3502 2349 ἀκούσας·
3545 2286 3679 2339 ὅθεν

2100 2379 2192 2429 ἐπὶ
2226 2377 2292 2428 τὰ
2325 2377 2414 2428 ῐσα
2473 2375 2568 2428 καὶ
2616 2376 2743 2437 τοὺς
2807 2376 3001 2438 ἄλλους
3047 2376 3277 2442 ὲνάγων,
3315 2395 3331 2426 r
3369 2373 3674 2437 Γεύσασθε,

2102 2469 2262 2538 φησὶ,
2297 2469 2392 2521 καὶ
2440 2467 2599 2531 ίδετε,
2667 2467 2749 2519 ὅτι
2800 2468 3035 2537 χρηστὸς
3064 2469 3090 2517 δ
3123 2467 3345 2536 Κύριος.
3395 2487 3412 2518 ι
3478 2467 3678 2519 Καίτοι

2102 2561 2314 2621 πολλοῖς
2335 2558 2434 2628 τὴν
2467 2559 2813 2628 χρηστότητα
2840 2560 2932 2610 τοῦ
2963 2557 3095 2610 Θεοῦ
3127 2561 3220 2610 καὶ
3248 2557 3608 2620 παντοδαποῖς
3635 2558 3672 2609 6

2103 2650 2374 2718 μακάριος
2395 2647 2674 2717 ἁνύμνησε
2716 2647 2894 2714 λόγοις
2942 2666 2954 2678 ο
2979 2649 3005 2699 ὁ
3038 2648 3116 2712 δὲ,
3151 2648 3228 2711 ὡς
3267 2649 3325 2700 οὐ
3353 2648 3676 2715 δυναμένων

2100 2740 2441 2806 ἐνδείξασθαι
2483 2741 2548 2793 τὰ
2587 2739 2716 2792 ὄντα
2746 2739 2853 2793 τῶν
2876 2740 3050 2806 λόγων
3077 2743 3168 2794 ἐπὶ
3195 2743 3294 2810 τὴν
3323 2743 3519 2809 πεῖραν
3555 2740 3672 2793 τῶν

2102 2835 2478 2903 ὑμνουμένων,
2512 2831 2707 2892 αὐτοὺς
2739 2832 2894 2886 καλεῖ
2921 2833 3042 2894 τοὺς
3071 2833 3476 2902 ἀκροωμένους.

2171 2989 2390 3059 Ταύτην
2413 2989 2512 3056 τὴν
2544 2990 2738 3058 πεῖραν
2776 2988 2836 3041 τὸ
2866 2987 3091 3058 λουτρὸν
3113 2987 3356 3054 ἐντίθησι
3380 2990 3497 3047 ταῖς
3557 2987 3676 3040 τῶν

429 3086 550 3140 fons
587 3085 800 3146 inserit,
837 3095 892 3138 et
917 3099 979 3138 ex
1017 3082 1235 3152 opiticio
1270 3082 1550 3151 Opiﬁcem,
1599 3083 1764 3134 menti
1798 3082 1993 3133 verita-

2105 3081 2516 3154 βαπτιζομένων
2535 3079 2755 3150 ψυχαῖς,
2791 3081 2886 3132 καὶ
2919 3078 3177 3148 γνωρίζει
3221 3079 3302 3148 τῷ
3329 3077 3673 3150 δημιουργή-

428 3186 563 3241 tem,
612 3172 887 3231 desiderio
937 3174 1116 3231 solum
1159 3175 1573 3228 desiderabilem
1635 3174 1993 3227 demonstrat.

433 3271 555 3326 Ideo
587 3280 639 3324 et
671 3283 929 3338 magnum
961 3265 1316 3330 desiderium,
1349 3275 1574 3319 etainor
1600 3264 1910 3326 ineﬂ‘abilis,
1946 3275 2001 3317 et

431 3362 674 3415 cbaritas
703 3374 930 3428 prorsus
959 3359 1255 3429 singularis
1294 3374 1308 3412 :
1345 3358 1604 3427 quoniam
1639 3372 1748 3410 non
1782 3367 1863 3410 est
1890 3370 2000 3424 quo

430 3460 605 3521 egeat,
629 3457 684 3504 et
711 3449 895 3504 omnia
919 3449 1272 3510 conveniunt.
1301 3459 1355 3504 et
1377 3449 1510 3503 nihil
1536 3450 1805 3510 dissonat,
1831 3459 1882 3502 et
1914 3447 2000 3501 in-

431 3556 599 3610 super
630 3549 714 3596 est
756 3541 938 3596 omnis
973 3540 1315 3594 excellentia.
1363 3539 1454 3596 Sic
1500 3541 1645 3594 enim
1682 3555 1796 3592 rem
1831 3538 2003 3607 dispi-

429 3635 665 3688 ciamus.
700 3631 1039 3688 Desiderium
1070 3631 1586 3687 animabus'indidit
1619 3629 1783 3685 Deus.
1811 3631 1869 3684 Si
1903 3631 2001 3684 bo-

433 3740 564 3780 num
589 3723 728 3778 illud
758 3723 979 3792 assequi
1013 3722 1297 3786 debemus,
1329 3730 1382 3776 et
1415 3724 1618 3776 veritas
1652 3721 2000 3789 intelligenda

429 3828 538 3880 est,
593 3819 705 3871 hinc
751 3816 862 3871 duo
906 3815 1097 3885 utique
1148 3831 1284 3884 pura
1331 3814 1554 3870 omnino
1594 3814 1998 3878 desideramus,

437 3914 638 3966 bonum
671 3925 701 3964 a
726 3910 892 3974 malo,
917 3910 1199 3966 veritatem
1233 3925 1262 3963 a
1297 3910 1605 3964 mendacio.
1657 3907 1828 3963 Nemo
1854 3907 1998 3962 enini

432 4006 697 4072 deceptus
743 4003 982 4070 laetatur,
1028 4019 1128 4058 nec
1172 4002 1480 4056 delectatur
1521 4002 1575 4055 in
1618 4015 1860 4055 errorem
1912 4000 2000 4052 in-

433 4094 651 4160 ductus,
684 4102 739 4149 et
768 4109 866 4164 pro
892 4096 1035 4150 bono
1069 4095 1121 4147 in
1155 4093 1356 4146 malum
1395 4093 1661 4146 incidens.
1717 4091 1843 4145 Haec
1871 4105 2003 4143 con-

439 4185 850 4255 cupiscentibus
885 4199 1020 4252 pure
1067 4181 1436 4250 consequendi
1491 4195 1772 4248 nunquam
1820 4179 1999 4232 adhuc

437 4275 580 4329 facta
629 4283 716 4328 est
768 4272 927 4341 copia
979 4288 992 4325 :
1035 4271 1129 4324 sed
1182 4271 1323 4338 quod
1376 4285 1407 4321 a
1462 4269 1619 4322 nobis
1691 4267 1894 4320 bonum
1947 4275 2000 4319 et

439 4378 625 4422 verum
647 4360 971 4430 appellatur,
1020 4373 1130 4412 non
1173 4375 1344 4426 magis
1380 4358 1483 4412 hoc
1527 4361 1781 4427 estquod
1815 4359 2000 4427 appel-

2105 3194 2233 3246 ματι
2259 3175 2352 3228 τὸν
2380 3173 2733 3243 δημιουργὸν,
2766 3172 2843 3242 τῷ
2872 3172 2948 3242 νῷ
2975 3171 3074 3242 τὴν
3100 3171 3378 3242 ἀλήθειαν,
3425 3173 3488 3242 τῇ
3543 3174 3672 3223 ἐπι-

2101 3266 2271 3335 θυμίᾳ
2301 3265 2392 3318 τὸν
2424 3264 2584 3334 μόνον
2605 3261 2966 3331 ὲπιθυμητόν.
3001 3264 3102 3317 Διά
3127 3261 3288 3316 τοῦτο
3345 3263 3439 3314 καὶ
3489 3261 3676 3329 μέγας

2099 3358 2129 3409 ὁ
2158 3356 2321 3417 πόθος
2347 3357 2442 3408 καὶ
2464 3354 2524 3406 τὸ
2551 3353 2778 3423 φίλτρου
2815 3354 3054 3424 ᾰρῤητον
3088 3353 3181 3406 καὶ
3227 3354 3255 3405 ὁ
3307 3354 3450 3421 ἔρως
3506 3352 3678 3421 ὑπερ-

2102 3447 2266 3516 φυὴς,
2298 3446 2498 3499 ὅτιούκ
2533 3446 2685 3497 ἔστιν
2738 3439 2798 3499 οὗ
2843 3444 2943 3508 δεῖ,
3003 3447 3098 3498 καὶ
3147 3445 3326 3497 πάντα
3347 3443 3668 3512 συμδαίνει,

2101 3540 2196 3593 καὶ
2218 3540 2370 3592 οὐδὲν
2401 3537 2619 3607 ἀπᾴδει,
2661 3537 2758 3589 καὶ
2801 3536 2939 3606 πρός
2989 3552 3052 3603 γε
3096 3535 3248 3588 πᾶσά
3307 3535 3458 3587 ἐστιν
3497 3534 3674 3604 ὑπερ-

2103 3632 2260 3701 ϐολή.
2291 3629 2592 3698 Σκοπῶρεν
2616 3629 2746 3697 γάρ.
2789 3627 3120 3697 Ἐπιθυμίαν
3160 3629 3280 3690 ταῖς
3331 3626 3528 3696 ψυχαῖς
3578 3628 3673 3678 ὲν-

2101 3725 2298 3793 έθηκεν
2325 3727 2352 3775 ὁ
2378 3720 2533 3784 Θεὸς,
2567 3721 2631 3773 ἂν
2666 3720 2767 3788 μέν
2797 3735 2892 3770 του
2927 3718 3043 3790 δέῃ,
3076 3719 3369 3788 τυγχάνειν
3397 3717 3492 3770 τοῦ
3529 3719 3674 3784 ἁγα-

2103 3815 2217 3880 θοῦ,
2251 3816 2438 3884 νοῆσαι
2465 3812 2523 3866 δὲ
2547 3812 2738 3881 δεῆσαι
2771 3811 2868 3879 τῆς
2891 3809 3174 3879 ἀληθείας,
3215 3809 3310 3861 καὶ
3359 3807 3532 3861 ταῦτα
3573 3825 3672 3860 πο-

2103 3907 2304 3977 θοῦμεν
2346 3906 2562 3974 καθαρὰ
2590 3904 2788 3969 δήπου,
2829 3901 2892 3959 τὸ
2937 3903 3035 3972 μὲν
3074 3899 3280 3970 ἀγαθὸν
3331 3901 3426 3953 τοῦ
3471 3900 3673 3966 κακοῦ,

2101 3998 2193 4052 τοῦ
2221 3998 2450 4066 ψεύδους
2479 3995 2535 4048 δὲ
2579 3993 2679 4064 τὴν
2703 3993 2969 4064 ἀλήθειαν
3008 4008 3023 4023 ·
3063 3993 3124 4045 οὐ
3153 3993 3261 4062 γάρ
3312 4010 3396 4055 τις
3450 3993 3679 4047 ἀπατώ-

2106 4107 2263 4160 μενος
2294 4089 2498 4158 χαίρει,
2535 4085 2649 4140 οὐδ⁴
2681 4087 2748 4142 ἂν
2775 4086 2968 4156 ἡσθείη
3004 4085 3356 4155 πλανώμενος
3390 4083 3486 4136 καὶ
3513 4083 3673 4152 κακῷ

2102 4181 2519 4251 περιτυγχάνων
2576 4177 2693 4232 ἀντ’
2742 4177 2971 4244 ἀγαθοῦ.
3033 4177 3253 4229 Τούτων
3311 4175 3677 4246 ἐπιθυμοῦσιν

2102 4274 2221 4325 οὐδὲ
2253 4271 2471 4328 πώποτε
2501 4272 2718 4338 ἐγένετο
2747 4272 2934 4340 τυχεῖν
2973 4268 3254 4338 καθαρῶς,
3282 4269 3416 4321 ἀλλὰ
3447 4271 3508 4322 τὸ
3539 4268 3673 4337 παρ’

2102 4364 2235 4433 ἡμῖν
2266 4362 2468 4428 ἀγαθὸν
2493 4363 2584 4415 καὶ
2617 4362 2678 4414 τὸ
2712 4361 2910 4429 ἀληθὲς
2941 4361 3002 4414 οὐ
3031 4359 3186 4412 τοῦτό
3205 4363 3377 4422 ἐστιν,
3426 4359 3456 4412 δ
3483 4359 3673 4412 καλεῖς

439 4455 601 4517 tatur,
651 4465 817 4518 quam
860 4450 1225 4503 contrarium.
1278 4447 1437 4504 Unde
1486 4457 1735 4518 apertum
1793 4450 1870 4509 ﬁt,
1915 4450 1998 4504 bic

2105 4471 2195 4507 ται
2223 4454 2419 4523 μᾶλλον
2443 4454 2476 4522 ἣ
2508 4453 2824 4506 τούναντίον
2859 4467 2874 4482 '
2915 4452 3038 4505 ὅθεν
3068 4452 3189 4505 οὐδὲ
3228 4453 3261 4522 ὴ
3297 4451 3396 4519 τῆς
3451 4452 3675 4517 ἀγάπης

437 4560 614 4612 neque
659 4542 947 4597 cliaritatis
1003 4556 1180 4612 neque
1226 4541 1411 4611 gaudii
1469 4542 1520 4594 in
1577 4541 1737 4595 nobis
1796 4549 1998 4594 tantam

2107 4544 2341 4598 ἐνταῦθα
2376 4526 2641 4612 δύναμις,
2674 4543 2794 4596 οὐδὲ
2828 4544 2984 4612 ήτῆς
3010 4545 3186 4612 χαρᾶς
3218 4543 3276 4594 ὲν
3335 4543 3469 4611 ἡμῖν
3518 4539 3676 4606 δῆλον

439 4639 546 4687 vim
575 4632 826 4702 reperiri,
859 4640 1064 4702 quanta
1093 4633 1445 4701 reperiretur,
1465 4633 1509 4687 si
1533 4647 1654 4702 quae
1671 4632 1915 4702 diligere,
1953 4642 1998 4685 (ιι

2104 4633 2172 4706 ἦν
2209 4637 2381 4704 ὁπόση
2409 4653 2493 4698 τις
2520 4630 2608 4705 ἦν,
2639 4633 2674 4687 ἃ
2717 4633 2890 4700 φιλεῖν
2929 4631 3037 4684 ἔδει
3069 4633 3163 4685 καὶ
3215 4630 3297 4695 οἷς
3341 4630 3556 4701 χαίρειν
3609 4624 3678 4700 ἦν

437 4727 638 4795 quibus
661 4725 900 4796 gaudere
929 4735 1165 4795 oportet,
1194 4727 1482 4794 praesentia
1521 4729 1793 4779 adessent.
1823 4723 1998 4791 Neque

2109 4731 2185 4799 μὴ
2218 4729 2520 4798 παρόντων,
2555 4726 2672 4779 οὐδὲ
2713 4728 2740 4779 ὁ
2773 4723 2866 4778 τοῦ
2923 4725 3090 4779 πόθου
3152 4723 3350 4793 δεσμὸς
3396 4723 3675 4793 γνώριμος

415 4817 646 4872 'amoris
705 4818 984 4872 vinculum
1037 4826 1308 4887 quantum
1361 4821 1454 4883 sit,
1521 4833 1622 4873 nec
1685 4819 1998 4887 magnitudo

2104 4822 2226 4874 οὐδὲ
2254 4821 2312 4873 τὸ
2339 4819 2447 4889 πῦρ
2467 4819 2611 4872 ὅσον.
2645 4814 2752 4870 Ἱίν
2790 4820 2901 4887 γὰρ
2933 4819 2992 4869 το
3026 4817 3364 4884 ποθούμενον
3387 4814 3632 4883 οὐδαμοῦ
3657 4828 3672 4843 ·

437 4911 588 4966 illius
612 4908 848 4963 incendii
895 4917 1020 4963 nota
1063 4919 1180 4974 est;
1224 4909 1349 4978 quia
1401 4909 1543 4979 quod
1592 4922 1824 4973 amatur,
1866 4926 2001 4964 nus-

437 5016 600 5072 quam
626 5009 729 5056 est.
775 5001 847 5056 lis
897 5010 1075 5056 autem
1106 5003 1200 5070 qui
1237 5001 1577 5055 Salvatorein
1619 5011 1995 5070 gustaverunt,

437 5093 592 5147 adest
631 5092 867 5160 idipsutn
899 5091 1042 5162 quod
1069 5093 1408 5157 desiderant,
1442 5092 1508 5145 ad
1540 5106 1700 5160 quem
1728 5090 2002 5146 humanus

439 5199 593 5238 amor
621 5181 763 5239 velut
787 5185 854 5238 ad
881 5198 1148 5238 canonem
1187 5185 1420 5253 aliquem
1453 5193 1506 5236 et
1539 5183 1697 5236 linem
1754 5182 1820 5236 ab
1846 5183 2002 5236 initio

437 5284 786 5344 comparatus
817 5285 900 5332 est
937 5292 950 5328 :
990 5274 1132 5328 velut
1170 5275 1463 5328 thesaurus
1516 5275 1589 5326 ita
1639 5288 1889 5342 magnus.
1930 5273 2001 5325 ita

440 5367 602 5433 latus,
631 5376 690 5419 ut
723 5364 888 5420 Deum
916 5365 1086 5434 possit
1117 5380 1329 5432 capere.
1363 5364 1476 5419 Hac
1511 5369 1718 5419 ratione
1743 5373 1797 5418 et
1821 5366 2003 5418 omnia

441 5459 579 5512 bona
607 5459 660 5512 in
684 5458 789 5510 vita
815 5443 1244 5525 consequuntur.
1271 5455 1427 5512 Nulla
1452 5457 1736 5511 intercedit
1759 5438 2032 5521 satietas;

439 5566 541 5605 nec
571 5552 869 5620 quidquam
906 5553 1236 5605 desiderium
1281 5550 1485 5604 deﬁnit.
1548 5553 1638 5604 sed
1676 5550 1853 5604 adhuc
1884 5550 2004 5603 siti-

511 5759 554 5790 ⁸³
582 5757 778 5813 Jervm.
817 5777 962 5823 xxxi,
998 5759 1083 5822 51,
1121 5759 1209 5812 52.
1286 5758 1329 5788 ⁸¹
1366 5757 1491 5810 ibid.
1520 5755 1606 5808 55.
1685 5755 1728 5785 ε’
1755 5754 1886 5808 lbil.
1931 5755 2019 5808 5i.

2103 4914 2215 4974 τοῖς
2245 4912 2301 4963 δὲ
2329 4911 2694 4980 γευσαμένοις
2724 4909 2816 4962 τοῦ
2855 4908 3108 4978 Σωτῆρος
3141 4908 3275 4962 αὐτὸ
3338 4909 3572 4978 πάρεστι
3614 4907 3678 4959 τὸ

2107 5002 2458 5071 ποθούμενον,
2508 5003 2644 5069 πρὸς
2668 5001 2727 5055 ὃν
2753 5002 2782 5054 ὁ
2806 4999 3313 5070 ἁνθρὼπινος,ἑρως
3370 5000 3563 5067 ὥσπερ
3595 5001 3676 5060 είς

2106 5095 2306 5149 κανόνα
2335 5094 2455 5146 τινὰ
2491 5094 2585 5146 καὶ
2611 5093 2735 5161 ὅρον
2768 5092 3189 5158 κατεσκευάσθη
3239 5089 3301 5142 τὸ
3367 5090 3426 5155 ἐξ
3476 5087 3675 5158 ἀρχῆς,

2106 5187 2359 5254 καθάπερ
2397 5185 2666 5254 θησαυρὸς
2698 5183 2840 5236 οὕτω
2882 5183 3082 5251 μέγας,
3116 5180 3258 5236 οὕτω
3292 5181 3477 5251 εὐρὺς,
3537 5181 3676 5232 ὥστε

2107 5280 2239 5330 Θεὸν
2273 5276 2637 5340 ὐποδέξασθαι
2676 5275 2994 5344 δυνηθῆναι.
3039 5274 3202 5327 Ταῦτ’
3233 5274 3340 5344 ἄρα
3398 5275 3490 5324 καὶ
3542 5274 3679 5325 πάν-

2107 5387 2215 5420 των
2247 5368 2577 5437 τυγχάνουσι
2615 5367 2721 5418 τῶν
2754 5368 2811 5419 ὲν
2837 5367 2916 5436 τῷ
2947 5367 3048 5435 βίῳ
3089 5365 3270 5420 καλῶν
3292 5382 3306 5397 ’
3333 5365 3510 5428 οὐδείς
3559 5365 3678 5416 ἐστι

2115 5462 2293 5530 κόρος,
2335 5461 2441 5513 οὐδ’
2477 5460 2692 5527 ἵστησιν
2722 5459 2874 5512 οὐδὲν
2908 5460 3007 5529 τὴν
3061 5459 3377 5526 ἐπιθυμίαν,
3417 5457 3532 5510 ἀλλ’
3599 5455 3682 5508 ἐτι

2112 5553 2374 5622 διψῶμεν,
2408 5552 2595 5622 ὥσπερ
2645 5554 2690 5604 εἰ
2735 5552 2923 5621 μηδενὶ
2957 5555 3212 5622 παρῆμεν
3247 5543 3320 5604 ὧν
3355 5547 3678 5614 ὲποθοῦμεν.

2096 5754 2144 5794 ⁸³
2177 5754 2314 5808 Psal.
2352 5769 2535 5818 xxxiv,
2576 5753 2628 5807 4,
2709 5751 2917 5807 "l’sal.
2960 5767 3158 5818 xxxiii,
3199 5751 3254 5806 9.
