3992 6202
286 333 388 397 561

1309 341 1406 401 DE
1454 341 1632 404 VITA
1673 338 1755 399 IN
1795 337 2130 397 CIIRISTO
2164 339 2287 398 LIB
2356 340 2430 399 Π.

3413 336 3520 400 56:7.

294 447 359 499 Ἦ
389 447 491 518 γάρ
521 451 630 503 τῶν
669 450 1023 523 ἀνθρωπίνων
1055 455 1244 528 ψυχῶν
1300 457 1428 527 δίψα
1467 455 1694 526 ἀπείρου
1738 452 1835 504 δεῖ-

1945 465 2087 513 mus,
2151 463 2214 502 ac
2273 448 2317 502 si
2375 447 2510 501 nihil
2559 445 2998 502 desideratorum
3059 445 3514 502 obtinuissemns.

283 543 375 593 ταί
406 558 546 602 τινος
580 543 772 606 ὓδατος
794 560 808 574 °
846 547 875 598 ὀ
904 546 961 600 δὲ
996 549 1198 618 κόσμος
1224 544 1380 613 οὗτος
1433 547 1846 619 πεπερασμένος

282 633 505 701 ἀρκέσαι
531 633 596 704 δὴ
629 634 747 697 πῶς
771 635 978 690 δύναιτ’
1005 639 1101 705 iv;
1142 641 1251 694 Καὶ
1298 640 1458 693 τοῦτό
1511 641 1678 706 ἐστιν,
1710 640 1846 707 ὅπερ

281 722 309 772 ὁ
341 721 537 790 Κύριος
570 722 864 778 αἰνίττεται
916 726 1052 796 πρὸς
1087 727 1188 784 τὴν
1239 729 1606 799 Σαμαρείτιδα
1636 728 1842 795 λέγων’

291 829 312 860 ι
354 810 410 863 '0
445 813 618 865 πίνων
658 813 722 865 ὲκ
762 814 854 867 τοῦ
909 815 1102 880 ῦδατος
1147 818 1335 871 τούτου
1395 817 1610 888 διψήσει
1641 816 1802 871 πάλιν
1827 833 1840 848 ·

279 903 335 966 ὃς
361 902 403 955 δ’
427 904 493 957 ἂν
538 904 636 977 πίῃ
661 905 725 959 ἐκ
751 906 844 960 τοῦ
871 906 1084 974 ὕδατος,
1116 903 1177 962 οὗ
1217 911 1326 977 ἐγὼ
1353 910 1510 964 δώσω
1568 909 1736 979 αὐτῷ,
1780 908 1841 962 οὖ

286 993 360 1059 μὴ
389 992 591 1066 διψήσῃ
647 997 728 1058 είς
763 995 854 1049 τὸν
903 998 1094 1054 αἰῶνα.
1131 1017 1149 1050 ι
1211 999 1384 1052 Τοῦτο
1435 999 1544 1070 γάρ
1605 1000 1720 1052 ἐστι
1784 999 1846 1051 τὸ

280 1079 442 1152 ὓδωρ,
493 1084 520 1136 ὃ
542 1085 641 1155 τὴν
669 1087 962 1157 ἐπιθυμίαν
989 1089 1172 1160 ἵστησι
1204 1090 1314 1142 τῶν
1358 1089 1712 1159 ἀνθρωπίνων
1742 1090 1845 1160 ψυ-

282 1173 411 1243 χῶν.
453 1193 473 1225 ‹
502 1175 958 1247 Χορτασθήσομαι
1011 1185 1142 1251 γὰρ,
1174 1183 1354 1252 φησὶν,
1384 1183 1442 1236 ὲν
1488 1181 1563 1250 τῷ
1615 1181 1845 1251 ὀφθῆναί

279 1280 368 1331 μοι
396 1263 492 1334 τὴν
529 1265 687 1331 δόξαν
726 1285 843 1322 σου.
892 1289 912 1321 ι
952 1271 1060 1324 Καὶ
1090 1273 1199 1342 γὰρ
1229 1272 1504 1343 ὀφθαλμὸς
1559 1274 1658 1342 μὲν
1687 1291 1846 1327 κατε-

275 1355 550 1427 σκευάσθη
581 1353 693 1422 οἷος
726 1359 861 1430 πρὸς
889 1361 948 1414 τὸ
977 1362 1091 1430 φῶς
1113 1364 1365 1434 ἀρκέσαι,
1410 1366 1505 1418 καὶ⁷
1534 1365 1672 1434 ἀκοὴ
1709 1364 1842 1435 πρὸς

273 1443 461 1513 ἧχους,
494 1446 587 1499 καὶ
611 1447 841 1502 ἕκαστον
862 1445 942 1513 οἷς
975 1453 1234 1523 ἁρμόττει
1259 1471 1272 1484 ο
1331 1455 1510 1525 ψυχῆς
1551 1456 1609 1509 δὲ
1656 1455 1844 1509 ἐπιθυ-

275 1537 376 1605 μία
408 1538 543 1607 πρὸς
573 1540 662 1592 τὸν
699 1542 935 1610 Χριστὸν
965 1544 1104 1598 ἵεται
1135 1547 1316 1617 μόνον.
1357 1549 1468 1602 Καὶ
1506 1550 1566 1603 τὸ
1610 1540 1842 1604 κατάλυ-

282 1643 358 1694 μα
393 1627 548 1679 τοῦτό
581 1629 726 1681 ἐστιν
768 1630 928 1702 αὐτῇ,
959 1633 1038 1686 ὅτι
1090 1636 1182 1688 καὶ
1237 1637 1438 1705 ἀγαθὸν
1469 1641 1560 1692 καὶ
1613 1640 1840 1710 ἀλήθεια

271 1717 366 1768 καὶ
409 1718 604 1784 ὁτιοῦν,
637 1713 712 1773 ὧν
738 1723 886 1774 ἐστιν
920 1723 1078 1792 ἔρως,
1111 1727 1267 1792 μόνος
1300 1728 1436 1783 ἐστί.
1463 1731 1678 1784 Τούτων
1723 1732 1841 1784 ἓνε-

270 1807 464 1858 κακαὶ
523 1808 728 1862 κωλύει
789 1812 918 1874 τοὺς
965 1813 1228 1882 τυχόντας
1281 1817 1432 1871 οὐδὲν
1464 1820 1661 1886 φιλεῖν,
1719 1822 1842 1874 ὅσον

269 1897 477 1966 ἔρωτος
509 1900 568 1963 ἐξ
598 1901 775 1972 ἀρχῆς
806 1906 926 1966 ταῖς
949 1904 1148 1975 ψυχαῖς
1190 1909 1431 1979 ἐνετέθη,
1475 1911 1566 1964 καὶ⁵
1611 1913 1842 1982 χαίρειν,

276 1989 408 2042 ὅσον
450 1990 678 2046 δύναται
730 1995 942 2064 χαίρειν
972 1999 1004 2068 ἡ
1030 1998 1213 2066 φύσις,
1245 2002 1338 2053 καὶ
1374 2003 1426 2054 εί
1453 2020 1504 2055 τι
1536 2004 1843 2076 πρσέθηκεν

268 2084 457 2144 αὐτοῖς
485 2085 652 2156 ἀρετὴ
700 2089 793 2141 καὶ
823 2091 882 2142 τὸ
918 2093 1014 2160 τῆς
1054 2095 1459 2166 ἀναγεννήσεως
1509 2096 1673 2171 ὕδωρ.
1720 2099 1842 2154 Ἐπὶ

273 2175 373 2243 μὲν
408 2175 511 2246 γὰρ
553 2179 664 2231 τῶν
692 2181 749 2232 ἐν
781 2181 858 2251 τῷ
917 2181 1016 2254 βίῳ
1053 2185 1234 2239 καλῶν
1263 2186 1385 2241 οὔτε
1412 2190 1500 2243 τὸν
1532 2190 1708 2261 ἔρωτα
1749 2191 1841 2245 οῦ-

268 2283 324 2318 τε
354 2267 454 2335 τὴν
483 2271 659 2338 χαρὰν
692 2272 914 2342 ἐνεργὸν
955 2271 1093 2329 εἶναι
1118 2277 1339 2332 δυνατὸν
1365 2281 1705 2352 ψευδομένων
1742 2286 1842 2354 τὴν

269 2359 629 2426 ἐπωνυμίαν·
689 2363 736 2414 εἰ
787 2363 894 2433 γάρ
957 2383 1011 2417 τι
1066 2369 1162 2423 καὶ
1212 2370 1358 2423 δοκεῖ
1412 2373 1592 2438 καλὸν,
1641 2375 1842 2443 φαῦλόν

271 2449 426 2500 ἔστιν
458 2449 678 2504 εἴδωλον
732 2453 826 2506 τοῦ
883 2455 1135 2525 ἀληθοῦς.
1173 2460 1437 2514 Ἐνταῦθα
1493 2463 1569 2528 δὲ,
1627 2465 1842 2528 ούδενὶς

267 2539 424 2604 ὄντος
448 2543 478 2596 ὃ
504 2543 757 2610 κωλύσει,
785 2545 1096 2616 θαυμαστὸν
1123 2553 1215 2604 καὶ
1253 2552 1493 2624 ἄρρητον
1537 2555 1840 2609 διαδείκνυ-

268 2651 362 2688 ται
389 2636 449 2687 τὸ
479 2635 699 2707 φίλτρον
751 2640 840 2692 καὶ
883 2641 1085 2710 ἠχαρᾶ
1131 2644 1239 2697 οὐδ’
1282 2645 1380 2714 ὅση
1437 2646 1704 2716 μηνύσαι·
1737 2649 1840 2719 μά-

268 2723 430 2776 λιστα
480 2727 577 2792 μὲν
615 2727 696 2779 ὅτι
746 2727 881 2797 πρὸς
931 2730 1122 2783 ἑαυτὸν
1173 2734 1433 2806 ἑκάτερον
1483 2737 1591 2791 τῶν
1651 2738 1838 2792 παθῶν

267 2815 474 2867 τούτων
507 2816 693 2880 ἔταξεν
718 2819 746 2870 ό
769 2818 921 2884 Θεὸς,
958 2821 1042 2874 ἵνα
1070 2823 1228 2876 αὑτὸν
1256 2826 1353 2895 μὲν
1379 2828 1645 2896 φιλῶμεν,
1688 2831 1838 2902 αὖτῴ

266 2907 323 2960 δὲ
389 2907 670 2976 χαίρωμεν
741 2911 886 2981 μόνῳ
914 2928 928 2946 ο
975 2913 1069 2966 καί
1112 2916 1257 2968 ἐστιν
1306 2919 1618 2984 ἀκόλουθον,
1659 2915 1833 2992 οἶμαι,

273 2996 434 3064 λόγον
461 2999 580 3052 τινὰ
626 3003 764 3070 πρὸς
796 3002 856 3055 τὸ
900 3003 1127 3074 ἄπειρον
1155 3009 1356 3075 ἀγαθὸν
1405 3013 1582 3066 ἐκεῖνο
1615 3015 1830 3080 σώζειν,

269 3086 366 3137 καὶ
395 3087 582 3139 τοῦτον
607 3088 680 3151 ῶς
706 3091 880 3143 είπεῖν
923 3094 1013 3146 τὸν
1054 3095 1251 3164 τρόπον
1276 3098 1584 3172 σύμμετρον
1608 3099 1767 3157 εἶναι.

337 3179 637 3248 Σκοπῶμεν
682 3180 746 3251 δὴ
771 3182 831 3234 τὸ
878 3183 1109 3253 μέγεθος
1153 3189 1293 3256 ὅσον,
1327 3190 1516 3245 ἔπειτα
1549 3195 1646 3264 τῆς
1679 3196 1843 3265 ὑπερ-

265 3267 434 3339 ϐολῆς
466 3273 688 3326 κάκεῖνο
717 3278 964 3346 σημεῖον.
1007 3279 1233 3332 Πάντων
1284 3284 1415 3351 γὰρ,
1465 3279 1540 3338 ὧν
1595 3287 1840 3358 ὑπῆρξεν

267 3361 354 3420 εἰς
379 3362 522 3428 ἡμᾶς
549 3363 794 3430 ἀγαθῶν,
828 3367 995 3435 μόνην
1021 3370 1254 3438 ἀμοιϐὴν
1283 3374 1466 3442 ἡγεῖτο
1498 3375 1555 3428 τὺ
1588 3379 1836 3446 φίλτρον,

389 3452 540 3505 τοῦτο
573 3457 704 3522 παρ’
724 3457 878 3526 ήμῶν
903 3461 952 3512 εί
978 3460 1152 3523 λάϐοι,
1175 3463 1292 3515 λύει
1319 3465 1375 3516 τὸ
1397 3467 1580 3535 χρέος·
1606 3469 1634 3521 ὃ
1660 3471 1840 3525 τοίνυν

265 3543 508 3612 ἀπείρων
555 3547 708 3599 ἐστὶν
757 3547 1086 3620 ἀντίρροπον
1132 3553 1350 3620 ἀγαθῶν
1404 3559 1553 3627 παρά
1615 3577 1676 3626 γε
1719 3563 1838 3631 Θεῷ

266 3635 516 3707 δικαστῇ,
559 3639 678 3702 πῶς
707 3641 804 3711 οὺχ
823 3642 1125 3713 ὕπερφυές;
1161 3647 1427 3717 Πρόδηλον
1457 3650 1511 3702 δὲ
1535 3652 1617 3705 ὅτι
1642 3656 1708 3725 τῇ
1737 3656 1838 3725 τῆς

268 3729 486 3797 ἀγάπης
519 3731 790 3802 ὑπερϐολῇ
828 3736 1170 3789 παντάπασιν
1229 3739 1523 3808 ἐφάμιλλος
1569 3745 1599 3811 ή
1649 3747 1830 3815 χαρά·

271 3824 361 3869 γαί
389 3819 460 3889 τῷ
491 3821 699 3893 φίλτρῳ
731 3824 1018 3892 συμϐαίνει
1056 3828 1142 3879 διὰ
1200 3829 1413 3883 πάντων
1441 3833 1500 3885 τὺ
1523 3835 1715 3900 γάννος
1743 3840 1835 3890 καὶ

272 3912 547 3966 ἀκολουθεῖ
579 3916 819 3984 μεγίστῳ
861 3918 1134 3986 μέγιστον.
1185 3923 1434 3975 Φαίνεται
1505 3927 1683 3978 τοίνυν
1713 3931 1834 3993 ταῖς

273 4000 632 4071 ἀνθρωπίναις
660 4006 878 4075 ψυχαῖς,
920 4011 1139 4078 ἀγάπης
1199 4013 1294 4066 καὶ
1350 4017 1524 4083 χαρᾶς
1587 4017 1831 4088 μεγάλην

275 4092 390 4144 τινὰ
441 4095 532 4146 καὶ
576 4095 897 4168 θαυμαστὴν
954 4101 1272 4155 ἀποκεῖσθαι
1337 4106 1690 4176 παρασκευὴν
1737 4111 1830 4161 καὶ

277 4185 531 4252 παρόντος
557 4186 652 4239 τοῦ
686 4189 760 4251 ὠς
799 4189 1012 4257 ἀληθῶς
1056 4194 1336 4262 χαρίεντος
1391 4197 1484 4250 καὶ
1541 4199 1827 4269 ἀγαπητοῦ

279 4278 563 4344 τηνικαῦτα
593 4280 793 4341 τελέως
825 4284 1046 4351 ἐνεργὸν
1093 4282 1265 4337 εἶναι’
1300 4288 1394 4340 καὶ
1450 4289 1604 4342 τοῦτό
1656 4293 1826 4359 ἐστιν,

277 4367 406 4435 ὅπερ
473 4371 648 4438 χαρὰν
697 4374 724 4425 ό
773 4375 961 4442 Σωτὴρ
1009 4377 1445 4450 πεπληρωμένην
1499 4383 1671 4438 καλεῖ.
1725 4385 1825 4437 Διά

277 4456 435 4510 ταῦτα
481 4461 576 4511 καὶ
623 4459 718 4512 τοῦ
783 4463 1096 4530 Πνεύματος
1139 4466 1575 4536 ἐπιδημήσαντος
1629 4471 1829 4540 ὁτῳοῦν

278 4548 361 4598 καὶ
393 4548 500 4602 τῶν
527 4550 696 4602 αὐτοῦ
733 4554 1054 4619 μεταδόντος
1088 4553 1192 4607 τῶν
1247 4558 1590 4627 ἀνασχόντων
1620 4561 1830 4614 ἐκεῖθεν

281 4640 512 4708 καρπῶν,
545 4641 614 4693 τὰ
642 4643 868 4712 πρώτην
899 4644 1090 4714 ἔχοντα
1156 4647 1310 4710 τάξιν
1358 4651 1544 4716 ἀγάπη
1571 4652 1685 4703 ἐστὶ
1735 4654 1831 4705 καὶ

280 4734 424 4797 χαρά.
474 4752 492 4784 ι
533 4735 590 4787 Ὀ
648 4738 757 4806 γὰρ
809 4738 1020 4802 καρπὸς
1087 4739 1179 4792 τοῦ
1240 4743 1575 4810 Πνεύματος,
1643 4747 1830 4815 φησὶν,

279 4823 474 4892 ἀγάπη,
510 4827 683 4894 χαρά*
723 4847 742 4879 ι
777 4830 837 4879 τὸ
868 4828 925 4880 δὲ
964 4831 1154 4895 αἴτιον,
1184 4832 1264 4902 ὅτι
1313 4833 1466 4885 τοῦτο
1489 4835 1700 4904 πρῶτον
1752 4837 1836 4888 αἵ-

279 4911 458 4980 σθησιν
518 4917 713 4969 ἑαυτοῦ
771 4920 1000 4988 παρέχει
1057 4924 1174 4983 ταῖς
1242 4922 1438 4991 ψυχαῖς
1495 4927 1772 4996 ἐπιδημῶν
1806 4930 1832 4980 ό

279 5004 417 5064 θεός.
457 5007 860 5076 Δίσθανόμενος
893 5011 949 5062 δὲ
989 5012 1081 5064 τοῦ
1132 5013 1334 5080 ἀγαθοῦ
1371 5018 1461 5067 καὶ
1505 5019 1679 5085 φιλεῖν
1738 5019 1831 5070 καὶ

280 5095 474 5163 χαίρειν
517 5099 758 5168 ἀνάγκη,
792 5102 910 5152 ἐπεὶ
964 5103 1057 5154 καὶ
1105 5106 1431 5172 σωματικῶς
1494 5111 1682 5172 φανεὶς
1719 5114 1829 5173 τοῖς

279 5187 571 5258 ἀνθρώποις
602 5190 766 5243 τοῦτο
819 5193 1039 5260 πρῶτον
1079 5196 1208 5264 παρ’
1242 5198 1398 5264 ἡμῶν
1456 5199 1676 5270 ἀπῄτει,
1734 5203 1830 5273 τὴν

281 5279 558 5345 ἐπίγνωσιν
578 5283 681 5352 τὴν
713 5283 908 5336 ἑαυτοῦ
933 5299 948 5312 ⁸
985 5289 1076 5337 καὶ
1107 5285 1264 5338 τοῦτο
1287 5289 1556 5354 ἐδίδασκε,
1586 5293 1679 5345 καὶ
1708 5295 1831 5346 τοῦ-

280 5382 332 5416 το
355 5372 572 5437 εἰσῆγεν
600 5372 786 5439 εὐθὺς,
826 5375 1024 5440 μᾶλλον
1081 5376 1137 5428 δὲ
1169 5377 1257 5431 διὰ
1306 5378 1464 5432 τοῦτο
1497 5383 1688 5452 μέχρις
1749 5387 1832 5437 αῖ-

282 5457 510 5527 σθήσεως
534 5459 668 5530 ἦλθε
697 5466 792 5517 καὶ
825 5465 964 5536 ὑπὲρ
1018 5467 1207 5520 τούτου
1256 5469 1314 5522 τὸ
1359 5473 1468 5522 πᾶν
1507 5474 1824 5542 είργάσατο.

283 5550 419 5601 ιΚαὶ
447 5554 558 5623 γὰρ
590 5555 672 5616 είς
705 5554 882 5620 τοῦτο,
919 5559 1073 5628 φησὶ,
1105 5560 1437 5629 ’γεγέννημαι
1467 5567 1558 5616 καὶ
1587 5568 1666 5629 εἰς
1704 5567 1828 5620 τοῦ⁹

1947 540 2266 594 Animarum
2316 540 2513 608 quippe
2545 539 2905 593 humanarum
2951 539 3072 593 sitis
3108 539 3346 607 quadam
3379 554 3518 606 aqua

1949 633 2159 688 inliuita
2214 632 2476 701 indiget:
2535 630 2624 684 cui
2685 634 2922 684 mundus
2981 629 3085 683 iste
3159 629 3348 683 finitus
3428 628 3521 697 qui

1949 724 2124 794 possit
2151 721 2402 777 sulﬁcere
2434 721 2457 775 ?
2511 721 2574 775 Et
2610 724 2712 775 hoc
2740 730 2824 775 cst
2856 720 2995 789 quod
3035 719 3295 773 Dominus
3326 721 3521 773 tectius

1947 815 2305 869 Samaritana:
2342 814 2417 867 ait
2451 833 2465 868 :
2516 832 2534 863 ‹
2565 813 2668 878 Qui
2707 812 2905 866 biberit
2936 827 2998 865 ex
3035 814 3136 866 hac
3159 827 3324 879 aqua,
3374 812 3522 872 sitiet

1948 907 2168 960 iterum.
2225 904 2330 971 Qui
2388 914 2569 959 autem
2621 904 2823 958 biberit
2864 918 2929 957 ex
2985 917 3149 971 aqua,
3209 917 3372 967 quam
3421 917 3522 970 ego

1946 999 2088 1054 dabo
2116 998 2186 1063 ei,
2214 1013 2322 1052 non
2357 998 2508 1053 sitiet
2538 999 2590 1050 in
2635 1005 2898 1051 aeternum
2927 996 2995 1049 ⁸⁸.
3037 1014 3055 1046 ι
3097 993 3223 1048 Haec
3262 995 3404 1047 enim
3435 1003 3520 1046 est

1947 1107 2124 1162 aqua,
2181 1105 2305 1162 quae
2351 1089 2660 1145 animarum
2718 1089 3083 1142 lunnanarum
3150 1085 3516 1155 appetentiam

1947 1185 2122 1240 sedat.
2195 1200 2214 1234 ι
2253 1181 2526 1246 Satiabor,
2568 1179 2766 1249 inquit.
2816 1194 2942 1233 eum
2995 1177 3306 1247 apparuerit
3347 1175 3516 1246 gloria

1949 1284 2039 1326 tua
2066 1271 2133 1327 ".
2170 1291 2189 1324 ι
2223 1272 2436 1326 Etenim
2483 1271 2676 1326 oculus
2725 1278 3078 1337 comparatus
3131 1276 3214 1322 est
3263 1266 3354 1320 ille
3397 1265 3518 1334 qui-

1946 1365 2092 1428 dem,
2130 1373 2184 1418 ut
2218 1364 2284 1417 ad
2319 1364 2500 1416 huneu
2550 1361 2960 1432 percipiendum
3011 1357 3262 1420 sufﬁciat,
3318 1367 3372 1411 et
3421 1371 3518 1409 au-

1945 1454 2080 1508 ditio
2104 1456 2169 1509 atl
2192 1468 2408 1516 sonum,
2440 1463 2494 1508 et
2524 1451 2949 1522 unumquodque
2977 1451 3176 1520 quibus
3210 1449 3464 1517 congruit
3498 1464 3512 1500 :

1947 1547 2141 1600 anima:
2211 1555 2393 1599 autem
2461 1545 2796 1600 desiderium
2872 1544 2939 1596 ad
3016 1541 3292 1596 Christum
3347 1539 3517 1592 fertur

1946 1637 2145 1701 solum,
2170 1646 2222 1691 ct
2250 1636 2350 1691 hoc
2384 1637 2460 1689 illi
2493 1635 2856 1690 diversorium
2886 1651 2900 1698 ;
2953 1633 3082 1703 quia
3113 1643 3161 1685 et
3196 1633 3424 1692 bonum,
3464 1639 3517 1682 et

1947 1728 2172 1792 veritas,
2211 1737 2265 1782 et
2298 1727 2667 1796 quodcunque
2711 1725 2966 1789 amabile,
3013 1726 3163 1778 solus
3193 1731 3296 1777 est.
3342 1721 3513 1786 Quem

1945 1823 2036 1891 qui
2079 1819 2315 1876 assecuti
2351 1829 2500 1882 sunt,
2549 1834 2643 1872 eos
2704 1817 2836 1871 nihil
2888 1816 3110 1884 impedit
3168 1828 3370 1874 atnare,
3418 1829 3516 1881 pro

1943 1928 2009 1966 eo
2039 1920 2277 1980 quantus
2307 1925 2459 1964 amor
2491 1913 2560 1964 ab
2605 1909 2760 1963 initio
2809 1907 3101 1960 animabus
3138 1915 3223 1959 est
3273 1903 3512 1961 insitus;

1944 2012 1994 2056 et
2020 2001 2256 2070 gaudere
2289 2009 2556 2069 quantum
2589 2008 2787 2052 natura
2835 1997 3070 2066 gaudere
3103 2003 3315 2064 potest;
3368 2002 3419 2046 et
3469 1992 3512 2045 si

1943 2094 2071 2163 quid
2119 2094 2254 2162 ipsis
2295 2094 2469 2146 virtus
2522 2103 2575 2146 et
2611 2091 3046 2160 regenerationis
3102 2104 3245 2158 aqua
3293 2086 3510 2155 adjecit.

1944 2182 1998 2235 ln
2038 2183 2196 2236 bouis
2247 2183 2392 2236 enim
2440 2181 2564 2235 vita:
2609 2179 2796 2248 hujus,
2846 2195 3044 2233 nomen
3090 2177 3508 2237 mentientibus,

1942 2291 2121 2346 neque
2168 2291 2318 2330 amor
2371 2290 2546 2344 neque
2593 2273 2848 2343 gaudium
2885 2271 3068 2342 vigere
3119 2277 3314 2337 potest.
3377 2265 3508 2318 Nam

1939 2370 2042 2424 etsi
2080 2368 2210 2438 quid
2260 2368 2465 2422 bonum
2508 2367 2756 2430 videtur,
2791 2365 2966 2428 ,inane
3011 2360 3121 2416 veri
3174 2360 3300 2412 boni
3340 2359 3514 2412 simu-

1940 2461 2152 2516 lacrum
2192 2469 2298 2514 est.
2347 2459 2445 2512 Hie
2492 2466 2670 2511 autem
2703 2471 2826 2510 cum
2862 2453 2996 2507 nihil
3027 2452 3099 2507 sit
3129 2451 3273 2521 quod
3310 2450 3508 2509 obstt'l,

1941 2547 2282 2602 admirabilis
2325 2555 2379 2600 et
2430 2544 2722 2599 incifabilis
2749 2557 2924 2607 amor,
2970 2551 3024 2595 et
3055 2540 3296 2594 eharitas
3342 2553 3513 2607 quan-

1941 2649 2049 2695 tam
2079 2639 2258 2694 verbis
2295 2652 2473 2692 memo
2505 2635 2881 2703 descripserit,
2914 2632 3241 2686 ostenditur.
3279 2627 3513 2681 Maxime

1939 2747 2062 2785 cum
2107 2730 2172 2784 ad
2215 2745 2274 2784 se
2309 2731 2489 2798 ipsum
2524 2736 2816 2794 utrumque
2849 2726 3044 2779 horum
3082 2723 3378 2776 aﬂ'eetuum
3429 2721 3511 2770 in.

1939 2824 2184 2879 stituerit
2239 2823 2406 2884 Deus,
2464 2831 2522 2874 ut
2576 2819 2760 2888 ipsum
2803 2817 3119 2890 diligamus,
3168 2827 3344 2881 coque
3395 2811 3512 2865 solo

1938 2914 2296 2985 gaudeamus.
2357 2912 2420 2967 Et
2452 2919 2534 2966 est
2582 2924 2944 2979 consequens.
2989 2917 3050 2962 ut
3096 2905 3376 2965 existimo,
3425 2917 3513 2955 ra-

1939 3008 2140 3061 tionem
2183 3007 2478 3076 quamdam
2534 3005 2600 3058 ad
2639 3005 2839 3058 bonum
2893 3001 3021 3054 illud
3077 2998 3350 3053 inﬁnitum
3397 3010 3510 3049 ser-

1867 3106 1909 3167 C
1942 3115 2092 3163 vare,
2124 3109 2178 3152 et
2215 3101 2381 3172 hunc,
2411 3106 2470 3150 ut
2504 3097 2740 3151 breviter
2774 3095 2972 3155 dicant,
3009 3093 3233 3146 modum
3261 3107 3402 3146 esse.

2016 3188 2435 3244 Consideremus
2465 3187 2654 3258 igitur,
2685 3193 2886 3254 quanta
2920 3184 2989 3238 sit
3022 3183 3140 3252 ejus
3173 3181 3508 3249 magnitudo.

1947 3279 2145 3334 Deinde
2191 3277 2528 3333 excellentiae
2576 3284 2631 3331 et
2675 3274 2809 3330 illud
2847 3273 3066 3342 signum
3109 3280 3210 3327 est.
3251 3269 3509 3324 Omnium

1942 3371 2084 3425 enim
2119 3371 2414 3433 bonorum,
2464 3381 2584 3437 qum
2621 3366 2767 3420 ultro
2819 3365 2975 3418 nobis
3025 3355 3284 3432 praebuit,
3339 3362 3508 3414 solam

1941 3461 2434 3531 compensationem
2490 3459 2644 3512 ducit
2695 3473 2966 3530 amorem,
3016 3472 3179 3524 quem
3208 3456 3314 3511 sia
3354 3454 3512 3508 nobis

1941 3553 2211 3619 retulerit,
2245 3553 2466 3605 nomina
2509 3553 2793 3619 expungit.
2843 3550 2945 3615 Qui
2983 3565 3112 3618 ergo
3151 3549 3310 3602 bonis
3356 3548 3512 3600 innu-

1943 3643 2293 3697 merabilibus
2321 3642 2434 3710 pari
2461 3641 2606 3694 Velut
2630 3641 2869 3708 pondere
2903 3640 3214 3708 respondet,
3239 3639 3514 3708 quomodo

1939 3733 2079 3800 apud
2111 3732 2277 3786 Deum
2306 3733 2548 3801 judicent
2581 3748 2689 3785 non
2726 3732 2797 3785 sit
2825 3730 3363 3784 excellentissimus?
3385 3729 3512 3782 Cer-

1941 3833 2054 3876 tum
2082 3832 2163 3876 est
2199 3836 2388 3893 porro,
2415 3820 2677 3888 gaudium
2713 3834 2931 3887 aequare
2971 3819 3196 3872 omnino
3224 3817 3511 3872 eharitatis

1938 3911 2409 3988 magnitudinem,
2473 3919 2526 3964 et
2589 3911 2761 3964 amori
2820 3910 3165 3979 conjunctam
3226 3923 3351 3963 esse
3418 3923 3512 3976 per

1936 4005 2117 4056 omnia
2160 4004 2518 4078 voluptatem,
2574 4011 2627 4056 et
2675 4000 2978 4056 maximum
3036 4000 3290 4054 comitari
3339 3999 3514 4053 maxi-

1935 4111 2102 4149 mam.
2132 4093 2315 4163 Itaque
2335 4095 2588 4146 humanis
2614 4092 2905 4146 animabus
2931 4091 3222 4145 eharitatis
3253 4100 3308 4144 et
3327 4088 3510 4159 gaudii

1932 4188 2200 4255 insignem
2235 4186 2527 4256 quamdam
2560 4196 2613 4240 et
2643 4185 3020 4239 admirabilem
3076 4185 3363 4236 materiam
3392 4198 3511 4235 esse

1932 4280 2252 4356 repositam,
2306 4289 2360 4333 et
2418 4288 2685 4348 praesente
2732 4292 2858 4332 vere
2899 4276 3130 4344 pulchro
3189 4285 3242 4329 et
3290 4274 3510 4336 dilecto,

1932 4370 2366 4424 efﬁcacissimam
2407 4385 2528 4425 esse
2562 4376 2728 4440 patet.
2774 4369 2843 4423 Et
2878 4369 2982 4422 hoc
3009 4375 3094 4421 est
3133 4368 3282 4436 quod
3323 4367 3512 4420 Salva-

1859 4438 1908 4496 D
1938 4467 2022 4514 tor
2047 4461 2306 4530 gaudium
2337 4438 2766 4526 pleuuntvoeat.
2802 4478 2819 4509 ι
2861 4457 3051 4532 Ροιίιο,
3096 4476 3114 4508 ι
3151 4457 3358 4526 inquit,
3398 4474 3414 4507 ι
3457 4466 3510 4508 et

1935 4553 2236 4626 accipietis,
2285 4561 2344 4605 ut
2395 4552 2651 4620 gaudium
2704 4560 2944 4605 vestrum
2995 4550 3068 4604 sit
3123 4551 3343 4619 plenum
3374 4548 3444 4600 ⁸⁷.
3489 4567 3506 4598 ι

1937 4646 2283 4714 Quapropter
2317 4659 2439 4696 cum
2475 4642 2714 4713 Spiritus
2745 4657 2962 4710 quoque
3006 4642 3266 4706 venisset,
3299 4656 3510 4703 suaque

1940 4741 2080 4793 dona
2109 4738 2449 4812 contulisset,
2481 4738 2754 4792 fructuum
2789 4737 2914 4790 inde
2963 4737 3256 4791 orientium
3303 4735 3510 4804 primas

1944 4833 2269 4898 charitaszet
2297 4832 2554 4900 gaudium
2589 4831 2852 4885 tulerunt.
2883 4848 2901 4880 ι
2944 4828 3178 4882 Fructus
3211 4828 3355 4882 enim
3388 4826 3512 4896 Spi-

1947 4925 2104 4986 ritus,
2143 4941 2160 4972 »
2217 4923 2414 4991 inquit,
2468 4942 2485 4973 ‹
2537 4931 2620 4976 est
2672 4922 2956 4989 gaudium,
2986 4931 3042 4974 et
3089 4921 3330 4976 charitas
3375 4920 3440 4972 ⁸⁸.
3488 4939 3506 4970 ι

1941 5016 2066 5069 Ideo
2119 5015 2389 5079 videlicet,
2435 5015 2579 5084 quod
2624 5016 2677 5068 in
2730 5015 2813 5068 his
2855 5015 3086 5082 primum
3142 5029 3368 5068 sensum
3424 5013 3507 5066 sui

1942 5107 2115 5175 ipsius
2138 5107 2425 5161 animabus
2455 5107 2656 5174 pra-bet
2682 5105 2976 5160 adveniens
3003 5104 3167 5161 Dens.
3198 5105 3509 5160 Sentieutcs

1939 5178 2088 5251 enini
2125 5199 2253 5251 illud
2288 5199 2487 5251 bonum
2549 5210 2607 5252 et
2657 5213 2842 5252 amare
2893 5207 2947 5252 et
2996 5197 3235 5268 gaudere
3285 5211 3510 5250 necesse

1941 5299 2044 5344 est.
2078 5290 2343 5355 Quoniam
2375 5301 2428 5345 et
2461 5290 2634 5345 forma
2685 5292 3000 5359 aspectabili
3056 5291 3368 5345 hominibus
3412 5304 3510 5356 ap-

1943 5395 2160 5447 parens,
2203 5381 2305 5434 hoc
2333 5382 2545 5450 signum
2581 5383 2876 5451 agnitionis
2906 5397 3017 5435 sum
3043 5398 3071 5434 a
3117 5381 3278 5435 nobis
3315 5380 3504 5446 exigit.

1940 5471 2005 5525 Et
2055 5473 2155 5525 hoc
2183 5473 2390 5535 docuit,
2433 5482 2487 5527 et
2522 5476 2622 5527 hoc
2657 5475 2840 5526 statim
2892 5472 3138 5534 induxit;
3189 5471 3272 5525 vel
3321 5470 3505 5538 potius

1939 5575 2160 5633 propter
2193 5565 2292 5619 hoc
2322 5566 2386 5618 ad
2414 5581 2643 5619 sensum.
2670 5582 2840 5635 usque
2872 5581 2930 5620 se
2961 5565 3203 5626 demisit,
3245 5574 3301 5619 et
3346 5562 3508 5633 huius

345 5729 387 5758 ‘“
416 5727 573 5785 Joan.
613 5745 686 5797 tv,
719 5732 808 5799 14,
851 5735 936 5788 15.
1012 5737 1057 5769 ⁸⁸
1094 5737 1233 5793 Psa'.
1266 5756 1374 5806 xvu,
1411 5741 1491 5795 l5.
1570 5744 1610 5773 ’"
1646 5744 1835 5796 Matth.

1939 5763 1965 5809 ι,
2004 5746 2052 5797 7.
2134 5746 2176 5774 ⁸⁵
2207 5745 2379 5798 Galut.
2417 5762 2463 5806 ι’,
2499 5745 2588 5798 22.
