3992 6202
363 320 476 385 569

400 484 1734 510 ._____.________________________

1437 339 1533 398 'lE
1566 340 1741 399 VlTA
1787 341 1865 398 lN
1907 339 2234 401 CIIRISTO
2274 343 2417 405 LIB.
2464 344 2575 404 llI.

1820 497 2025 511 *ι

850 643 1243 772 ΠΕΡΙ
1300 647 1642 774 ΤΗΣ
1715 649 1919 773 ΕΝ
1998 650 2616 777 ΧΡΙΣΤΩ
2689 650 3143 777 ΖΩΗΣ

3519 340 3625 404 5το

1547 890 1918 977 ΛΟΓΟΣ
1992 891 2414 977 ΤΡΙΤΟΣ.

1185 1055 1327 1110 Τίνα
1357 1062 1721 1115 συντέλειαν
1747 1060 1903 1129 αὐτῇ
1934 1061 2258 1131 παρέχεται
2294 1062 2361 1117 τὸ
2396 1064 2559 1120 θεῖον
2585 1066 2805 1135 μύρον.

1177 1307 1374 1431 DE
1446 1308 1839 1440 VITA
1913 1310 2075 1434 IN
2137 1311 2828 1439 CHRISTO

1467 1561 1824 1650 LIBER
1943 1562 2504 1655 TERTIUS.

750 1748 947 1822 Quam
1006 1744 1064 1804 ei
1163 1740 1503 1803 utilitatem
1562 1758 1807 1801 sacrum
1879 1749 2302 1819 unguentum,
2374 1752 2504 1807 sive
2562 1734 2865 1809 'chrisma
2939 1754 3244 1829 con/erat.

442 1993 675 2048 Οὖτωδὲ
715 1988 1102 2059 πνευματικῶς
1146 1987 1449 2045 συστάντας
1482 1987 1575 2039 καὶ
1627 1985 1818 2039 τοῦτον
1850 2004 1942 2053 γε·
1972 1991 1991 2046 Α

2115 1987 2205 2043 Sic
2240 2002 2401 2058 porro
2430 1989 2783 2058 spiritualiter
2814 1991 3139 2047 fabrefactos
3162 1992 3295 2061 jam,
3322 2002 3373 2047 et
3398 1994 3463 2046 ad
3487 1994 3633 2047 hunc

366 2087 739 2157 τεννημένους
766 2083 857 2135 τὸν
877 2080 1077 2150 τρόπον
1104 2080 1200 2131 καὶ
1226 2078 1508 2148 ἐνεργείας
1540 2078 1834 2131 ἀκόλουθον
1874 2079 1941 2130 ἂν

368 2179 459 2246 εἴη
482 2174 792 2243 τυγχάνειν,
818 2171 852 2241 ἦ
870 2170 1046 2240 τοιᾷδε
1077 2169 1331 2237 γεννήσει
1358 2170 1648 2238 προσήκει,
1675 2169 1769 2220 καὶ
1794 2169 1947 2237 κινή-

371 2284 516 2328 σεως
570 2262 935 2331 καταλλήλου.
996 2260 1107 2314 Καὶ
1163 2259 1323 2313 τοῦτο
1379 2261 1515 2330 ἡμῖν
1550 2262 1582 2328 ἡ
1631 2259 1823 2330 τελετὴ
1849 2259 1943 2311 τοῦ

371 2354 656 2409 θειοτάτου
716 2351 939 2405 δύναται
993 2348 1169 2419 μύρου
1190 2365 1205 2381 ·
1246 2349 1341 2401 καὶ
1385 2350 1456 2416 γὰ
1465 2366 1495 2418 9
1516 2351 1601 2401 ὲνε
1612 2348 1774 2418 ργοὺς
1804 2349 1947 2400 ποιεῖ

370 2447 476 2501 τὰς
503 2442 877 2512 πνευματικὰς
904 2440 1211 2510 ἐνεργείας,
1255 2439 1345 2492 τὸν
1372 2439 1471 2508 μὲν
1515 2441 1743 2507 ταύτην,
1766 2439 1858 2491 τὸν
1887 2438 1943 2491 δὲ

376 2536 621 2604 ὲκείνην,
641 2533 732 2585 τὸν
759 2531 819 2584 δὲ
849 2520 1088 2594 πλείους,
1113 2530 1188 2593 ὡς
1212 2530 1447 2591 ἕκαστος
1480 2529 1617 2598 πρὸς
1640 2529 1703 2582 τὸ
1740 2530 1946 2598 μυστή-

375 2641 495 2694 ριον
526 2622 636 2690 ἔχει
687 2620 1067 2690 παρασκευῆς.
1126 2620 1233 2671 Καὶ
1259 2618 1471 2687 γίνεται
1504 2618 1601 2671 νῦν
1626 2620 1737 2681 τοῖς
1762 2619 1944 2671 λελου-

375 2713 584 2782 μένοις,
608 2712 744 2781 ὅπερ
776 2712 867 2762 ἐπὶ
892 2711 1000 2763 τῶν
1023 2711 1308 2780 προτέρων
1339 2710 1548 2779 χρόνων
1588 2710 1645 2761 αί
1674 2710 1781 2761 τῶν
1806 2712 1943 2762 ἀπο-

374 2803 583 2855 στόλων
609 2804 789 2871 χεῖρες
816 2802 930 2864 τοῖς
973 2800 1059 2854 ἐπ’
1101 2802 1325 2854 ἐκείνων
1358 2800 1816 2871 βαπτιζομένοιςο
1850 2799 1945 2851 καὶ

369 2894 485 2961 γᾰρ
544 2892 900 2945 ἐπιτιθέντων
947 2891 1047 2956 τὰς
1109 2892 1297 2962 χεῖρας
1334 2891 1444 2944 τῶν
1491 2891 1806 2944 ἀποστόλων
1833 2892 1945 2953 τοῖς

374 2985 777 3055 μεμυημένοις,
800 2986 962 3053 φησὶ,
981 2984 1042 3036 τὸ
1067 2982 1292 3053 Πνεῦμα
1310 2985 1531 3047 ἐδίδοτο,
1554 2985 1647 3036 καὶ
1675 2983 1763 3035 νῦν
1782 2985 1809 3035 ὁ
1833 2984 1945 3035 Πα-

375 3076 647 3145 ράκλητος
680 3075 993 3145 χριομένοις
1021 3076 1299 3145 ἐπιδημεῖ.
1335 3076 1625 3145 Τεκμήρια
1670 3075 1744 3129 δέ.
1780 3074 1942 3143 Πρῶ-

368 3186 467 3221 τον
497 3169 596 3236 μὲν
642 3168 741 3221 τοῦ
788 3166 1026 3221 παλαιοῦ
1061 3168 1226 3236 νόμου
1262 3168 1357 3219 καὶ
1403 3166 1660 3236 βασιλέας
1700 3166 1945 3235 χρίοντος

370 3257 467 3310 τὸν
498 3259 613 3310 ῐσον
638 3258 842 3326 τρόπον
891 3259 988 3310 καὶ
1021 3258 1226 3327 ιερέας,
1267 3260 1293 3309 ὁ
1327 3257 1425 3325 τῆς
1471 3257 1804 3325 Ἐκκλησίας
1856 3255 1943 3307 θε-

371 3350 510 3418 σμὸς
566 3351 810 3412 ἐκείνους
865 3348 940 3419 τῷ
987 3349 1143 3419 μύρῳ
1196 3347 1497 3413 βασιλεύων
1537 3350 1650 3410 τοῖς
1705 3345 1955 3414 ἱερεῦσιν

369 3438 651 3509 ἐπιτίθησι
708 3440 925 3508 χεῖρας.
958 3440 1054 3492 καὶ
1086 3437 1186 3507 τὴν
1242 3436 1335 3489 τοῦ
1387 3436 1700 3504 [Ινεύματος
1730 3433 1949 3502 εὔχεται

370 3531 561 3601 χάριν,
591 3532 728 3599 ὅπερ
763 3532 879 3583 ἐστὶ
898 3531 1229 3591 δεικνύντος.
1255 3530 1349 3581 καὶ
1381 3528 1538 3581 τοῦτο
1568 3530 1789 3581 κάκεῖνο
1813 3527 1946 3595 πρὸς

368 3625 546 3677 ταύτὰ
580 3626 768 3693 φέρειν
814 3625 915 3675 καί
968 3625 1066 3689 τὴν
1095 3621 1265 3690 αὐτὴν
1300 3620 1467 3689 ἄμφω
1516 3619 1746 3687 δύναμιν
1780 3619 1944 3686 ἔχειν.
1998 3610 2004 3623 ’

374 3718 610 3769 Ἔπειτα
660 3716 753 3767 καὶ
810 3715 917 3767 τῶν
973 3714 1253 3783 ὀνομάτων
1304 3711 1653 3763 κοινωνοῦσιν
1675 3710 1945 3776 ἀλλήλοις,

373 3808 469 3861 καὶ
496 3806 705 3875 χρίσμα
738 3805 839 3874 μὲν
857 3807 1058 3866 ἐκεῖνο,
1080 3803 1388 3870 πνευματος
1420 3802 1478 3854 δὲ
1498 3800 1747 3851 κοινωνία
1766 3798 1943 3851 τοῦτο’

373 3899 477 3963 τήν
510 3914 570 3948 τε
602 3897 711 3965 γὰρ
737 3895 844 3947 τῶν
873 3893 1063 3963 ἱερέων
1096 3892 1430 3962 χειροτονίαν
1459 3890 1510 3942 οἱ
1548 3889 1817 3941 θειότατοι
1839 3888 1946 3939 τῶν

371 3990 567 4056 ιερέων
608 3989 789 4058 χρίσιν
822 3986 1073 4048 καλοῦσι,
1111 3985 1203 4036 καὶ
1234 3983 1471 4050 ἔμπαλιν
1514 3980 1607 4042 οὓς
1638 3981 1701 4033 τὸ
1738 3981 1946 4050 μυστή-

372 4100 492 4152 ριον
517 4080 611 4132 τοῦ
650 4078 823 4149 μύρου
858 4077 1091 4139 τελοῦσι,
1126 4075 1419 4136 κοινωνοὺς
1444 4068 1543 4127 τοῦ
1587 4073 1745 4141 ἁγίου
1780 4070 1946 4123 Πνεῦ-

372 4188 541 4241 ματος
577 4168 834 4223 εἶναικαὶ
863 4167 1111 4236 εὖχονται
1155 4167 1251 4219 καὶ
1291 4166 1630 4227 πιστεύουσι,
1693 4165 1786 4216 καὶ
1845 4163 1944 4231 τὴν

368 4262 619 4331 τελετὴν,
657 4263 685 4313 ὅ
708 4260 761 4312 τί
796 4259 927 4311 ποτέ
956 4261 1095 4321 ἐστι,
1118 4260 1229 4318 τοίς
1255 4256 1601 4323 τελουμένοις
1634 4254 1944 4315 δεικνύντες

370 4354 751 4420 πνευματικῆς
789 4352 996 4419 δωρεᾶς
1026 4347 1297 4418 σφραγῖδα
1343 4346 1586 4399 καλοῦσι.
1618 4345 1789 4398 Τοῦτο
1835 4346 1944 4413 γὰρ

366 4442 633 4513 ἐπᾴδουσι
657 4425 990 4510 χριομένοις.

448 4533 568 4585 Ἐτι
600 4531 657 4584 δὲ
692 4530 787 4583 καὶ
809 4531 1043 4600 Χριστὸς
1066 4530 1229 4593 αὐτὸς
1250 4532 1277 4583 ὁ
1301 4530 1581 4597 Δεσπότης
1608 4529 1665 4580 οὐ
1694 4527 1849 4597 χεΟὲν
1876 4526 1940 4595 τῇ

368 4624 582 4693 κεφαλῇ
612 4622 909 4690 δεξάμενος
935 4620 1129 4690 μύρον,
1162 4622 1299 4673 ἀλλὰ
1317 4621 1403 4673 διὰ
1427 4622 1487 4671 τὸ
1512 4618 1734 4686 Πνεῦμα
1760 4619 1935 4685 ἅγιον,

365 4716 451 4765 ὃτι
484 4713 587 4781 τῆς
624 4712 1001 4779 πνευματικῆς
1036 4712 1315 4780 ἐνεργείας
1352 4712 1574 4779 ἁπάσης
1603 4710 1702 4778 τῆς
1737 4708 1939 4778 σαρκὸς

366 4809 533 4859 ἕνεκα
564 4804 666 4874 τῆς
698 4804 1101 4875 ἀναληφθείσης
1136 4804 1354 4871 ἐγένετο
1386 4803 1661 4871 θησαυρός
1684 4818 1697 4831 ·
1755 4801 1850 4853 καὶ
1883 4802 1943 4853 οὐ

368 4897 605 4967 Χριστὸς
634 4896 820 4965 μόνον,
859 4896 994 4949 ἀλλὰ
1016 4894 1109 4948 καὶ
1140 4894 1350 4964 χρίσμα
1369 4911 1381 4923 ·
1422 4914 1439 4944 ι
1469 4895 1655 4963 Μύρον
1681 4894 1813 4963 γὰρν
1850 4910 1952 4961 φη-

370 4989 482 5052 civ,
532 4986 838 5041 ὲκκενωθδν
870 4986 1042 5054 ὄνομά
1074 5002 1180 5049 σοι,
1218 5004 1236 5036 ο
1289 4985 1350 5035 τὸ
1383 4984 1481 5053 μὲν
1510 4984 1568 5048 ἐξ
1590 4984 1787 5053 ἀρχῆς,
1819 4984 1875 5035 τὸ
1898 4984 1945 5035 δ’

368 5081 623 5146 ὕστερον.
680 5079 820 5139 Ἕως
859 5078 958 5145 μὲν
982 5076 1090 5147 γὰρ
1121 5076 1221 5129 οὐκ
1261 5070 1353 5145 ἦν,
1405 5069 1449 5143 ᾧ
1472 5076 1583 5128 τῶν
1617 5074 1784 5127 αὑτοῦ
1820 5092 1947 5143 μετ-

368 5171 575 5224 έδωκεν
604 5168 720 5222 ἆνό
754 5168 908 5231 Θεὸς,
943 5166 1113 5236 μύρον
1146 5161 1214 5235 ἦν
1248 5166 1331 5234 ἐφ’
1358 5166 1555 5219 ἑαυτοῦ
1588 5167 1748 5234 μένον
1770 5181 1783 5193 ·
1822 5167 1947 5216 ἐπεὶ

365 5263 424 5313 δὲ
448 5263 480 5329 ἡ
514 5260 762 5331 μακαρία
793 5259 1028 5326 συνέστη
1057 5260 1194 5328 σὰρξ
1230 5261 1262 5324 ἠ
1291 5261 1389 5323 τῆς
1418 5258 1671 5327 θεότητος
1697 5256 1847 5309 ἆπαν
1884 5256 1945 5308 τὸ

369 5353 650 5422 πλήρωμα
675 5351 964 5420 δεξιμένη,
1010 5346 1069 5425 ᾗ,
1118 5354 1284 5421 φησιν
1326 5352 1598 5418 Ἰωάννης,
1632 5350 1731 5401 οὐκ
1760 5351 1824 5400 ἐκ
1854 5349 1950 5418 μέ-

369 5462 502 5511 τρω
535 5444 765 5497 δέδωκεν
789 5446 817 5496 ὁ
850 5444 981 5505 Θεὸς
1004 5444 1063 5495 τὸ
1094 5443 1331 5511 πνεῦμα,
1364 5443 1539 5496 πάντα
1566 5442 1620 5493 δὲ
1660 5443 1751 5494 τὸν
1777 5442 1941 5510 ψυχι-

374 5539 467 5586 κὸν
502 5535 726 5603 ἐνέθηκε
762 5534 1011 5598 πλοῦτον,
1049 5534 1348 5603 τηνικαῦτα
1392 5537 1471 5595 εἰς
1507 5533 1674 5599 αὐτὴν
1707 5535 1945 5585 ἐκκενω-

449 5744 513 5774 '5'
547 5745 670 5799 Act.
713 5743 944 5810 vut,58,
982 5744 1084 5802 59;
1120 5760 1172 5807 χ,
1216 5742 1306 5807 47,
1340 5742 1427 5797 48.
1541 5742 1584 5775 ”
1614 5743 1772 5798 Cant.
1810 5759 1848 5802 1.
1879 5743 1934 5798 5.

2056 2077 2278 2130 modum
2342 2087 2651 2147 generatos.
2729 2079 2891 2132 etiam
2948 2079 3241 2145 actionem,
3294 2083 3627 2149 generationi

2050 2166 2177 2221 huic
2216 2167 2650 2229 convenientem.
2702 2177 2756 2222 et
2796 2180 3005 2223 motum
3040 2181 3469 2224 consentaneum
3503 2188 3626 2225 sor-

2048 2260 2134 2313 tiri
2164 2261 2452 2328 oportebit.
2494 2260 2605 2316 Hoc
2630 2262 2786 2316 nobis
2808 2262 3134 2315 divinissimi
3174 2265 3435 2331 unguenti
3466 2279 3630 2316 usur-

2048 2353 2195 2422 patio
2249 2353 2509 2407 conciliat
2566 2354 2706 2422 quod
2756 2354 2809 2407 in
2882 2354 3265 2424 spiritualibus
3317 2355 3631 2411 ellicientiis

2047 2445 2299 2500 efﬁcaces
2359 2444 2510 2507 facit,
2570 2446 2715 2501 hunc
2737 2447 2951 2514 quidem
2980 2448 3032 2501 in
3067 2448 3189 2509 hac,
3223 2448 3389 2501 alium
3428 2448 3482 2501 in
3516 2447 3630 2509 illa.

2048 2537 2214 2589 alium
2260 2539 2312 2591 in
2362 2537 2629 2606 pluribus.
2671 2539 2977 2606 utquisque
3011 2539 3077 2591 ad
3112 2540 3426 2609 mysterium
3463 2554 3625 2607 para-

2047 2638 2133 2681 tus
2195 2630 2508 2683 accesserit.
2543 2628 2606 2681 Et
2663 2645 2807 2683 nunc
2847 2632 3091 2698 perinde,
3122 2641 3181 2685 ut
3221 2631 3465 2700 antiquis
3494 2640 3634 2685 tem-

2049 2720 2294 2786 poribus,
2326 2719 2572 2773 initiatus
2606 2721 2809 2773 evenit.
2841 2721 3030 2774 Manus
3079 2722 3225 2776 enim
3252 2722 3627 2791 apostolorum

2050 2809 2335 2877 baptimtis
2398 2810 2841 2878 imponebantur.
2902 2809 3036 2864 Nam
3069 2828 3193 2865 cum
3248 2812 3634 2880 imposuissent

2049 2912 2245 2951 manus
2274 2897 2503 2965 apostoli
2557 2897 2810 2962 initiatis,
2849 2898 2924 2951 ait
2960 2899 3240 2967 Scriptura
3276 2900 3371 2964 η’,
3395 2900 3633 2968 Spiritus

2047 2986 2297 3044 dabatur.
2348 2988 2410 3042 Et
2444 3004 2585 3041 nunc
2638 2989 2691 3041 in
2726 3004 2822 3043 eos
2848 2990 2939 3058 qui
2996 2990 3145 3044 uncti
3206 3000 3336 3044 sunt
3371 2991 3630 3044 similiter

2048 3076 2362 3133 Paracletus
2410 3081 2579 3135 venit.
2627 3079 2800 3148 Cujus
2866 3081 2944 3134 rei
2973 3090 3097 3133 nota
3128 3089 3183 3134 et
3239 3082 3457 3151 signum
3524 3091 3629 3134 est.

2050 3170 2187 3223 Cum
2227 3178 2381 3224 vetus
2432 3172 2515 3223 lex
2576 3185 2731 3240 reges
2762 3179 2816 3224 et
2848 3173 3164 3227 sacerdotes
3190 3188 3347 3240 atque
3379 3181 3628 3239 ungeret.

2061 3260 2315 3315 Ecclesia:
2374 3261 2455 3314 lex
2490 3262 2613 3315 illos
2642 3277 2876 3329 ungens,
2902 3262 2989 3316 his
3022 3279 3217 3318 munus
3249 3265 3417 3317 etiam
3450 3264 3631 3333 impo-

2058 3354 2155 3415 nit,
2208 3361 2260 3404 et
2327 3350 2559 3420 Spiritus
2620 3353 2849 3420 gratiam
2894 3354 3165 3408 ambobus
3222 3362 3496 3422 precatur;
3523 3367 3634 3421 quo

2056 3443 2385 3505 ostenditur,
2443 3452 2495 3496 et
2554 3443 2656 3499 hoc
2706 3453 2761 3498 et
2818 3444 2944 3497 illud
3011 3448 3206 3500 eodem
3276 3454 3546 3514 spectare.
3580 3454 3635 3495 et

2055 3535 2216 3587 ambo
2277 3534 2522 3587 eamdem
2587 3536 2692 3588 vim
2751 3536 2974 3590 habere.
3003 3536 3207 3591 Deinde
3232 3546 3285 3590 et
3318 3536 3634 3589 nominibus

2056 3624 2197 3677 inter
2222 3639 2280 3677 se
2327 3624 2511 3676 afﬁnis
2555 3634 2681 3677 sunt
2717 3634 2768 3678 et
2800 3626 2933 3679 illud
2968 3627 3230 3687 chrisma,
3260 3634 3311 3679 et
3338 3627 3449 3679 lure
3476 3627 3634 3693 spiri-

2056 3726 2144 3769 tus
2173 3714 2509 3768 communio.
2544 3713 2675 3768 Nam
2700 3723 2753 3768 et
2777 3714 3123 3770 sacerdotum
3154 3716 3629 3783 inaugurationem

2054 3806 2387 3859 sanctissimi
2438 3806 2751 3859 sacerdotes
2798 3808 3001 3875 χρίσιν,
3047 3822 3065 3856 ‹
3103 3804 3422 3859 unctionem
3480 3822 3498 3854 ι
3537 3818 3634 3871 ap-

2056 3898 2383 3964 pellant;et
2452 3912 2665 3957 rursus,
2718 3898 2919 3965 quibus
2982 3896 3304 3967 mysterium
3368 3895 3629 3963 unguenti

2052 3984 2363 4046 conferunt,
2403 4000 2498 4038 eos
2542 3986 2773 4053 Spiritus
2830 3985 2999 4039 sancti
3060 3984 3348 4051 participes
3425 3997 3548 4036 esse
3578 3990 3633 4034 et

2052 4087 2364 4148 precantur,
2416 4088 2467 4130 et
2522 4080 2772 4131 credunt.
2840 4077 2904 4129 Et
2964 4076 3323 4129 initiationem
3348 4075 3477 4143 quid
3507 4085 3627 4126 tan~

2051 4170 2171 4221 dem
2222 4169 2312 4231 sit,
2374 4166 2651 4219 initiandis
2705 4176 3078 4235 exponentes,
3134 4165 3436 4234 Spiritualis
3500 4164 3629 4216 doni

2052 4258 2290 4327 sigillum
2326 4266 2554 4323 vocant;
2584 4257 2685 4311 hoc
2711 4259 2855 4311 enim
2880 4273 3044 4327 super
3078 4255 3345 4326 ungendis
3379 4269 3627 4325 pronun-

2053 4352 2210 4405 tiant.

2124 4528 2386 4582 Prwterea
2434 4527 2686 4581 Christus
2746 4528 2859 4596 ipse
2892 4525 3295 4598 Dominus.qui
3351 4542 3455 4579 non
3488 4524 3629 4579 etru-

2053 4637 2171 4674 Sum
2233 4621 2284 4673 in
2338 4627 2499 4687 caput
2544 4628 2879 4687 unguentum
2937 4621 3167 4687 acoepit,
3204 4620 3295 4672 sed
3328 4634 3421 4689 per
3453 4618 3630 4687 Spiri-

2048 4723 2161 4765 tum
2221 4719 2468 4763 sanctum
2498 4720 2695 4763 unctus
2724 4718 2830 4767 est,
2880 4711 3142 4775 quoniam
3173 4710 3471 4779 Spiritualis
3501 4724 3629 4778 0pc-

2045 4803 2270 4858 rationis
2298 4802 2500 4861 omnis,
2530 4812 2749 4869 propter
2774 4811 3104 4869 assuntptam
3136 4817 3383 4864 carnem,
3409 4802 3630 4855 thesau-

2050 4914 2145 4951 rus
2182 4896 2308 4957 fuit,
2331 4905 2387 4947 et
2422 4908 2529 4947 non
2584 4893 2835 4947 Christus
2866 4892 3068 4959 solum,
3103 4896 3197 4949 sed
3260 4905 3313 4950 et
3360 4895 3626 4950 chrisma:

2055 5008 2083 5036 ι
2122 4986 2463 5054 Unguentum
2509 4982 2767 5045 eﬂttsuttt,
2794 4983 2994 5051 inquit,
3058 5000 3256 5038 nomen
3312 4996 3461 5037 tuum
3482 4985 3549 5047 ”,
3602 5002 3621 5034 ›

2050 5080 2181 5149 illud
2236 5094 2266 5132 a
2320 5076 2611 5148 principio,
2645 5076 2746 5129 hoc
2802 5078 3100 5145 posterius.
3142 5077 3416 5143 Quamdiu
3482 5076 3629 5130 enim

2054 5186 2163 5224 non
2196 5178 2335 5233 erat,
2366 5170 2452 5223 cui
2485 5167 2625 5223 Deus
2646 5181 2743 5220 sua
2768 5166 3089 5235 impertiret,
3118 5180 3454 5237 unguentum
3486 5172 3628 5227 erat,

2053 5262 2103 5314 in
2135 5275 2192 5313 se
2229 5259 2347 5327 ipso
2370 5274 2614 5312 manens.
2648 5257 2942 5328 Postquam
2972 5269 3151 5315 autem
3198 5262 3349 5313 beata
3382 5258 3469 5317 illa
3498 5270 3630 5308 caro

2051 5360 2133 5404 est
2174 5349 2416 5414 condita,
2468 5365 2591 5419 qure
2649 5364 2864 5404 omnem
2897 5351 3291 5420 plenitudinem
3323 5344 3628 5399 divinitatis

2057 5442 2315 5511 suscepit,
2346 5452 2405 5494 ιιι
2459 5440 2659 5495 Paulus
2691 5443 2766 5495 ait
2799 5443 2841 5506 ',
2878 5453 2931 5497 et
2964 5444 3052 5498 cui
3076 5459 3185 5495 non
3212 5440 3279 5495 ad
3309 5451 3622 5491 mensuram

2055 5535 2202 5587 dedit
2238 5532 2379 5586 Deus
2446 5531 2722 5597 spiritum,
2784 5542 2841 5585 ut
2891 5530 3131 5585 Joannes
3180 5536 3408 5582 testatur
3430 5527 3473 5589 ¹,
3527 5524 3626 5583 Sed

2050 5745 2064 5776 ¹
2103 5743 2315 5799 Coloss.
2356 5758 2394 5799 ι.
2448 5742 2531 5796 19.
2634 5744 2653 5772 ¹
2686 5739 2843 5794 Joan.
2878 5751 2954 5791 tn.
2989 5734 3081 5789 54.
