3838 6192
469 253 567 271 b--

467 276 573 316 υἱὲ)

1669 255 1975 314 NlCOLAl
2011 255 2407 314 CABASleﬁ
2433 285 2438 290 -
3575 269 3655 328 ιτδ

465 375 586 429 dem
609 374 785 430 virtus
799 388 891 442 per
917 372 1096 428 omnia
1116 377 1448 442 operatur,et
1470 384 1574 424 una
1597 370 1760 424 unius
1781 371 1905 439 agni
1947 371 2037 422 im-

2147 369 2241 421 καὶ
2268 371 2396 436 μιᾶς
2419 367 2633 436 σφαγῆς
2661 368 2778 432 ἑνὸς
2799 369 2972 437 ἀμνοῦ
3006 373 3097 431 καὶ
3120 372 3317 432 ταὺτοῦ
3349 375 3559 432 θανάτου
3581 381 3655 434 καὶ

467 468 713 532 molatio,
729 470 846 534 ejus
873 483 1038 524 mors.
1060 476 1112 521 et
1130 467 1350 536 sanguis
1371 465 1754 534 perfectionem
1781 467 2036 521 omnibus

466 559 696 615 confert.
730 560 892 612 Datus
911 568 992 612 εει
1021 557 1184 626 igitur
1207 571 1329 610 vere
1347 556 1581 625 Spiritus
1629 567 1871 620 sanctus,
1905 557 2034 622 illis,

468 660 529 704 ut
545 651 667 704 aliis
694 659 894 717 queam
923 647 1260 712 benefacere,
1288 656 1344 702 et
1388 657 1446 702 ιιι
1490 647 1687 702 Paulus
1733 649 2034 718 loquitur’,

467 740 766 796 Ecclesiam
785 739 1346 800 zedilicare.eventura
1365 740 1715 808 praedicentes
1731 751 1823 793 aut
1840 751 2040 811 myste-

468 835 544 886 ria
578 831 985 891 tradentes,aut
1011 831 1228 884 morbos
1248 831 1413 885 verbo
1433 831 1781 900 proﬂiganles
1801 850 1816 886 :
1839 833 1949 897 his,
1977 846 2038 890 ut

467 924 568 991 ipsi
592 923 724 976 llant
753 920 1262 988 meliores,pietate,
1298 928 1392 974 aut
1419 921 1687 983 castitate,
1714 932 1808 974 aut
1851 921 2037 975 chari-

467 1023 602 1076 tate,
633 1018 726 1065 aut
773 1009 1048 1080 praestanti
1097 1009 1404 1064 humilitate
1430 1010 1688 1067 illustres.
1733 1011 2034 1066 Possumus

466 1103 617 1159 etiim'
635 1105 817 1159 animo
860 1113 914 1158 et
941 1103 1185 1158 moribus
1208 1102 1521 1172 pudicitiam
1549 1103 1748 1165 colere,
1767 1111 1818 1158 ct
1841 1119 1941 1158 nos
1968 1103 2036 1157 ad

464 1197 732 1266 justitiam
761 1211 1037 1258 exercere,
1058 1204 1112 1250 et
1137 1194 1205 1248 ad
1243 1209 1430 1264 preces
1469 1195 1898 1260 cbaritatemque
1956 1194 2041 1248 in-

468 1289 745 1344 cumbere.
780 1289 911 1342 Alia:
957 1287 1088 1341 item
1130 1287 1426 1354 probitates
1473 1287 1846 1339 consectandae
1888 1294 2035 1340 sunt.

469 1377 735 1432 Praeterea
766 1391 1057 1446 possumus
1087 1391 1114 1430 a
1150 1375 1258 1429 Deo
1297 1375 1512 1428 excitati
1543 1373 2038 1442 perturbationibus

469 1468 758 1536 imperare.
772 1477 826 1518 et
845 1467 1234 1520 humanitatem
1254 1464 1674 1532 aequitatemque
1692 1464 1889 1527 colere,
1907 1462 2037 1516 etin

471 1557 679 1624 reliqua
706 1555 1044 1623 plziiosophia
1067 1554 1376 1608 Christiana
1406 1553 1637 1608 versari.
1662 1552 2037 1618 Quemadmo-

2141 459 2382 526 αἵματος
2413 458 2510 525 τὴν
2534 457 2818 510 τελείωσιν
2851 460 3092 523 ἀπάσαις
3124 466 3517 532 παρεχομένων.
3540 473 3658 525 Atlio.

2138 567 2225 603 ται
2249 550 2432 602 τοίνυν
2459 549 2671 619 ἀληθῶς
2701 551 2760 604 τδ
2783 551 2963 618 ἆγιον,
2982 555 3093 616 τοῖς
3127 553 3225 620 μὲν
3248 555 3334 608 ἵνα
3359 559 3475 620 τοὺς
3497 561 3658 627 ἄλλους

2139 637 2199 694 εῦ
2225 641 2444 708 ποιῆσαι
2471 641 2736 704 δυνηθῶσι
2771 642 2886 704 καὶ,
2915 637 3097 712 ᾖφησι
3123 645 3354 709 Παῦλος,
3375 648 3659 718 Ἐκκλησίαν

2138 730 2518 798 οἰκοδομῆσαι,
2556 733 2796 800 περὶτοῦ
2834 734 3120 802 μέλλοντος
3148 736 3409 807 εἰπόντες,
3434 740 3464 806 ἦ
3486 745 3658 807 μυστήο

2141 839 2230 888 ρια
2251 821 2577 886 διδάξαντες,
2601 821 2632 890 ἢ
2657 822 2826 874 νόσων
2854 823 3263 886 ἀπαλλάξαντες
3315 827 3467 895 λόγῳ,
3495 831 3591 892 τοῖς
3614 831 3660 884 δὲ

2137 913 2284 974 ὅπως
2307 913 2458 965 αὐτοὶ
2500 913 2767 978 γένωνται
2808 913 3077 982 βελτίους,
3111 917 3358 985 εὐσεϐείᾳ
3389 918 3660 987 λάμψαντες

2138 1001 2548 1072 ἢσωφροσύνης
2602 1003 2632 1070 ἢ
2669 1003 2889 1071 ἀγάπης
2926 1005 2958 1073 ἢ
3004 1008 3494 1079 ταπεινοφροσύνης
3524 1012 3662 1080 ὑπερ-

2139 1092 2289 1162 ϐολῇ,
2331 1094 2438 1146 Καὶ
2490 1094 2600 1162 γὰρ
2646 1093 2764 1146 ἐστι
2818 1095 2918 1159 μὲν
2950 1100 3303 1165 σωφρονῆσαι
3338 1099 3561 1170 λογισμῷ
3587 1106 3664 1156 καὶ

2139 1185 2250 1237 ἔθει
2271 1185 2773 1263 χρησάμενοικμαὶ
2804 1187 2865 1238 τὸ
2887 1183 3017 1254 ἦθος
3044 1188 3126 1250 είς
3159 1189 3494 1258 δικαιοσύνην
3517 1195 3661 1260 ἀσκῆ-

2139 1295 2229 1330 σαι
2261 1278 2356 1330 καὶ
2386 1277 2645 1342 εὔξασθαι
2679 1279 2772 1332 καὶ
2800 1281 3088 1347 ἀγαπῆσαι
3138 1283 3234 1337 καὶ
3268 1283 3431 1338 τᾶλλα
3453 1285 3510 1356 δὴ
3535 1291 3660 1354 γενέ·

2139 1368 2264 1419 σθαι
2296 1368 2616 1421 σπουδαῖονο
2671 1369 2868 1422 ἔστιδὲ
2905 1372 2999 1424 καλ⁸
3036 1374 3189 1440 παρά
3215 1372 3348 1426 Θεοῦ
3382 1376 3661 1443 κινούμενον

2137 1459 2234 1528 τὴν
2285 1458 2510 1528 γνώμην
2557 1460 2742 1513 παθῶν
2773 1462 3043 1530 κρατῆσαι
3075 1465 3170 1515 καὶ
3230 1464 3662 1534 φιλανθρωπεύσα-

2140 1549 2265 1604 σθαι
2313 1552 2407 1604 xui.
2456 1551 2948 1621 δικαιοπραγῆσαι,
2984 1555 3077 1606 καὶ
3112 1557 3210 1624 τὴν
3245 1555 3408 1626 ἄλλην
3447 1558 3662 1611 ἑπιδεδεῖ-

468 1647 595 1700 dum
625 1662 765 1698 enim
795 1647 920 1699 vitia
957 1648 1200 1713 quaedam
1233 1643 1416 1698 feralia
1446 1653 1572 1698 sunt
1607 1644 1660 1696 in
1701 1644 2034 1707 hominibus,

2143 1641 2267 1710 χθαι
2317 1643 2659 1710 φιλοσοφίαν.
2715 1643 2985 1713 Καθάπερ
3033 1644 3143 1714 γὰρ
3202 1647 3388 1699 κακίαι
3419 1647 3661 1717 θηριώδεις

467 1737 560 1804 qui
586 1751 615 1788 a
639 1736 914 1804 spiritibus
934 1734 1186 1798 malignis
1211 1735 1580 1803 exagitantur:
1605 1733 1684 1787 sic
1708 1741 1892 1788 contra
1918 1734 2038 1803 ipso

473 1826 583 1880 Deo
624 1834 894 1886 movente,
922 1824 1120 1878 divinae
1153 1825 1385 1878 virtutes
1441 1833 1495 1878 et
1542 1839 1702 1892 supra
1739 1811 2037 1877 humanum

472 1925 684 1984 captum
716 1915 1075 1984 reperiuntur.
1102 1916 1216 1979 Qua
1249 1916 1456 1968 ratione
1477 1915 1666 1969 dilexit
1691 1915 1878 1969 beatus
1905 1913 2043 1967 Pau-

471 2005 579 2066 lus,
630 2013 944 2059 mansuetus
971 2005 1073 2058 fuit
1101 2005 1288 2069 David,
1325 2017 1373 2058 et
1399 2005 1537 2060 alius
1578 2005 1723 2059 aliud
1773 2005 2036 2059 eximium

474 2112 540 2150 ac
567 2095 856 2156 laudabile.
910 2106 963 2149 et
994 2096 1134 2149 ultra
1179 2097 1454 2151 modulum
1523 2097 1816 2150 humanum
1849 2097 2036 2150 habuit

472 2202 536 2240 ac
568 2187 980 2241 demonstravit.
1045 2187 1302 2242 Scribons
1358 2187 1504 2240 enim
1573 2187 2034 2255 Pliilippensibus,

468 2282 544 2330 ait
572 2293 628 2332 se
661 2278 785 2330 illos
824 2278 1047 2347 diligere
1090 2297 1107 2329 ι
1146 2277 1199 2330 in
1225 2278 1523 2331 visceribus
1544 2278 1668 2331 Jesu
1696 2279 1899 2332 Christi
1935 2279 2033 2331 ὀ.»

470 2368 544 2421 De
575 2367 960 2444 DavitleDeus,
989 2388 1007 2420 ι
1045 2369 1228 2423 Inveni
1261 2370 1431 2422 virum
1467 2370 1757 2424 secundum
1783 2385 1878 2424 cor
1924 2386 2037 2424 me-

472 2476 561 2514 um
599 2461 692 2515 ¹¹.ι
731 2447 840 2515 lmo
874 2461 1034 2515 etiam
1055 2461 1185 2514 fides
1219 2460 1418 2514 donum
1446 2473 1526 2515 cs:
1557 2463 1860 2532 spirituale,
1891 2463 2037 2532 quod

471 2557 700 2624 apostoli
738 2554 1073 2608 Salvatorem
1107 2563 1358 2623 poscunt.
1402 2573 1420 2605 ι
1448 2555 1692 2624 Adauge,
1754 2554 2033 2622 inquiunt,

469 2645 626 2699 nobis
692 2644 939 2697 fidem".
988 2662 1006 2696 ι
1069 2644 1130 2696 Et
1167 2644 1393 2712 ipsemet
1435 2644 1681 2698 Salvator
1731 2643 2036 2698 sanctiﬁca-

469 2738 670 2789 tionem
699 2751 724 2787 a
768 2736 923 2789 Patre
977 2735 1081 2789 illis
1111 2746 1396 2803 precatur:
1435 2734 1757 2790 «Sanctiﬁca
1790 2751 1906 2798 eos,
1945 2736 2034 2788 in-

473 2829 608 2896 quit,
644 2831 694 2880 in
735 2827 963 2880 veritate
990 2829 1064 2891 υς
1105 2845 1122 2878 ι
1151 2827 1402 2894 deditque
1426 2826 1571 2880 Deus
1621 2826 1697 2879 illi
1730 2827 1872 2894 quod
1913 2842 2036 2892 pre-

473 2919 736 2972 cabatur:
773 2935 790 2967 ι
831 2917 892 2970 Et
917 2920 1030 2984 ipse
1071 2916 1309 2983 Spiritus
1344 2917 1577 2986 postslat
1603 2931 1699 2985 pro
1729 2915 1888 2969 nobis
1939 2931 2037 2982 ge-

2144 1734 2279 1786 εἰσὶν
2310 1732 2368 1783 ὲν
2399 1732 2705 1801 ἀνθρώποις
2736 1733 2840 1787 ὑπὸ
2873 1734 2981 1786 τῶν
3005 1737 3261 1806 πονηρῶν
3293 1739 3660 1810 ἐνεργουμὲνοις

2142 1825 2488 1893 πνευμάτων,
2529 1824 2671 1877 οὓτω
2719 1826 2814 1878 καὶ
2852 1827 3170 1882 τούναντίον
3205 1829 3391 1898 ἀρεταὶ
3426 1831 3551 1883 θεῖαι
3584 1834 3662 1883 καὶ

2140 1915 2280 1984 ὑπὲρ
2335 1916 2425 1968 τὸν
2471 1917 2814 1986 ἀνθρώπινον
2847 1920 3010 1987 νόμον
3071 1921 3238 1973 αὑτοῦ
3283 1921 3539 1984 κινοῦντος
3584 1924 3659 1976 τοῦ

2139 2005 2302 2057 Θεοῦ“
2336 2006 2397 2058 ὃν
2437 2008 2643 2076 τρόπον
2677 2008 2932 2078 ἠγάπησε
2961 2009 3058 2077 μὲν
3085 2010 3113 2060 ὁ
3151 2012 3418 2080 μακάριος
3461 2013 3659 2074 Παῦλος,

2139 2097 2312 2164 πρᾶος
2339 2097 2396 2149 δὲ
2429 2093 2496 2168 ἦν
2522 2099 2550 2150 ὁ
2572 2098 2762 2159 Δαδὶδ.
2785 2100 2881 2151 καὶ
2904 2099 3060 2162 ἄλλος
3100 2101 3283 2153 ἄλλοτι
3311 2101 3416 2155 τῶν
3451 2103 3662 2156 ἔπαινοι-

2144 2188 2324 2256 μένων
2354 2189 2495 2258 ὑπὲρ
2546 2190 2636 2242 τὸν
2689 2191 2876 2242 εἰκότα
2909 2194 3021 2254 τοῖς
3050 2191 3360 2263 ἀνθρώποις
3395 2193 3662 2258 ἐπεδείξατο

2136 2279 2314 2346 λόγον.
2356 2281 2416 2333 ’0
2451 2281 2547 2348 μὲν
2580 2282 2687 2352 γὰρ
2723 2283 2898 2350 φιλεῖν
2931 2283 3142 2354 ἔγραψε
3169 2286 3534 2357 Φιλιππησίοις
3567 2305 3582 2337 ι
3616 2289 3660 2340 ἐν

2141 2369 2472 2438 σπλάγχνοις
2518 2375 2695 2440 ἰησοῦ
2754 2375 3014 2444 Χριστοῦ,
3052 2395 3078 2428 ι
3140 2380 3264 2448 περὶ
3288 2379 3345 2432 δὲ
3389 2379 3476 2432 τοῦ
3507 2379 3656 2441 AaM,

2144 2480 2160 2510 ι
2203 2453 2396 2530 Εὗρον,
2445 2464 2667 2532 φησὶνό
2721 2465 2876 2527 Θεὸς,
2925 2466 3102 2536 ἄνδρα
3153 2469 3296 2522 κατὰ
3328 2470 3422 2540 τὴν
3472 2470 3658 2540 καρδίαν

2140 2567 2263 2619 μου.
2300 2574 2315 2600 ι
2360 2554 2470 2605 Καὶ
2498 2554 2603 2622 μὴν
2639 2555 2732 2606 καὶ
2757 2556 2938 2619 πίστις
2963 2558 3142 2626 δῶρόν
3171 2561 3288 2612 ἐστι
3317 2563 3654 2630 πνευματικὸν,

2135 2642 2162 2695 ὃ
2192 2642 2398 2696 δέονται
2446 2645 2631 2698 λαϐεῖν
2660 2648 2708 2698 οἱ
2733 2648 3021 2702 ἀπόστολοι
3044 2650 3138 2702 τοῦ
3172 2651 3438 2720 Σωτῆρος,
3461 2670 3477 2701 ι
3516 2651 3656 2720 Πρόσ-

2137 2733 2225 2798 θες
2244 2735 2392 2809 ἡμῖν,
2423 2755 2440 2785 ³
2463 2737 2732 2802 λέγοντες.
2759 2756 2779 2788 ι
2812 2740 3015 2805 πίστιν,
3047 2760 3065 2791 ι
3086 2743 3178 2795 καὶ
3198 2743 3352 2804 αὐτὸς
3371 2743 3565 2812 εὔχεται
3585 2742 3658 2793 αύ-

2134 2828 2247 2889 τοῖς
2277 2827 2544 2895 ἀγιασμδν
2566 2830 2715 2899 παρά
2727 2830 2821 2883 τοῦ
2847 2832 3082 2903 Πατρδς,
3110 2853 3130 2886 ι
3151 2835 3398 2902 Ἀγίασον
3415 2836 3605 2897 αὐτοὺς,
3630 2853 3644 2884 ι

2134 2917 2328 2984 λέγων,
2353 2939 2370 2968 ‹
2402 2919 2458 2970 ὲν
2476 2922 2539 2989 τῇ
2560 2920 2783 2990 ἀληθείᾳ
2806 2939 2896 2974 σου
2914 2939 2928 2954 ·
2952 2942 2971 2974 ι
2990 2927 3086 2976 καὶ
3107 2925 3318 2978 δίδωσιν
3344 2928 3370 2978 ὁ
3385 2925 3502 2986 Θεὸς
3524 2925 3654 2992 εὐχὴν

471 3012 692 3065 ιιιὶνὶιιιιε
766 3008 1311 3080 ἱιιειιιιτταὺίιίὺιιείδ,
1351 3025 1368 3058 ι
1447 3007 1698 3060 virtutem
1764 2996 2032 3075 'precandi

2139 3009 2212 3078 τῷ
2243 3009 2542 3079 εὐχομένω,
2572 3012 2666 3064 καὶ
2688 3013 2819 3064 αὐτὸ
2849 3032 2865 3062 ι
2891 3015 2950 3066 τὸ
2974 3017 3201 3085 Πνεῦμα
3230 3017 3525 3086 ἐντυγχάνει
3543 3014 3653 3083 ὑπὲρ

469 3102 845 3171 suppeditans.
899 3101 977 3154 uti
1023 3115 1164 3154 reor.
1206 3097 1271 3151 Et
1313 3112 1538 3168 prorsus
1573 3095 1723 3165 juxta
1770 3096 1912 3150 lianc
1951 3084 2041 3149 i'a-

469 3195 506 3248 ti
547 3209 668 3247 nem
692 3191 936 3260 _Spiritus
974 3200 1197 3245 sanctus
1247 3201 1330 3244 est
1385 3189 1608 3253 Spiritus
1657 3187 1959 3254 sapientiai,
1989 3197 2041 3242 et

468 3286 692 3354 spiritus
721 3284 1046 3346 intellectus,
1098 3289 1152 3336 et
1198 3281 1406 3336 consilii
1466 3290 1519 3334 et
1546 3278 1928 3368 .l‘ortitudinis,
1988 3286 2042 3332 et

470 3377 705 3444 pietatis,
737 3384 792 3428 et
814 3375 1126 3438 aliorum,a
1178 3373 1380 3442 quibus
1428 3374 1646 3424 nomina
1712 3371 2039 3437 sortiuntur,

466 3470 790 3537 quibuscum
823 3483 920 3522 sua
956 3467 1322 3520 communicat
1349 3468 1411 3518 ιδ.

546 3559 824 3615 Universis
863 3559 1025 3626 igitur
1053 3559 1302 3620 initiatis.
1346 3560 1662 3628 mysterium
1705 3557 1850 3627 quod
1882 3571 2039 3610 suum

469 3661 550 3705 est
583 3649 744 3713 facit;
777 3665 1092 3719 quanquam
1138 3649 1374 3717 cognitio
1399 3650 1770 3713 donorum,-et
1801 3649 2038 3700 studium

467 3742 776 3795 divitiarum
815 3741 1042 3795 istarum
1065 3739 1266 3794 utiliter
1290 3738 1762 3801 collocandarum,
1789 3753 1896 3810 non
1926 3750 2043 3790 om:-

472 3834 634 3887 nibns
701 3835 878 3898 inest;
941 3833 1064 3888 aliis
1123 3833 1341 3902 quidem
1395 3841 1615 3900 pmpter
1690 3831 2039 3885 immaturam

467 3935 679 3981 aetatem
743 3925 980 3980 nondum
1052 3924 1104 3978 id
1164 3923 1512 3994 intelligentia
1583 3921 2039 3990 assequentibus;

467 4021 594 4076 aliis
624 4020 750 4088 quia
793 4017 1078 4088 pra'parati
1119 4032 1222 4069 non
1245 4009 1401 4078 aunt,
1435 4031 1532 4068 nec
1566 4015 1803 4068 debitam
1841 4015 2042 4069 alaeri-

470 4121 628 4166 tatem
664 4125 774 4179 pra:
809 4125 866 4163 se
891 4107 1211 4162 ferentibus.
1239 4106 1478 4171 Quorum
1502 4105 1826 4174 quibusdam
1857 4115 2039 4173 postea

469 4203 781 4256 delictorum
808 4199 1127 4267 paenitentia
1153 4208 1204 4250 et
1241 4199 1511 4268 lacrymac,
1546 4206 1600 4249 et
1630 4197 1741 4249 vita
1777 4195 1843 4248 ad
1877 4197 2043 4248 virtu-

468 4293 539 4346 tis
575 4291 833 4344 amussim
887 4289 1089 4359 directa
1167 4289 1403 4340 infusam
1470 4286 1757 4340 animabus
1811 4285 2038 4356 gratiam

469 4381 808 4433 tnuns'ravit.
842 4375 992 4431 Unde
1020 4387 1071 4430 et
1107 4376 1307 4430 l‘aulus
1339 4379 1403 4428 ad
1430 4375 1803 4436 Timotheum,
1851 4395 1869 4427 ι
1911 4375 2032 4430 Noli

467 4471 737 4538 negligvre
763 4468 1015 4533 gratiam,
1056 4467 1250 4533 inquit,
1292 4483 1412 4534 qttze
1445 4467 1496 4518 in
1525 4475 1573 4518 te
1605 4474 1688 4519 est
1713 4465 1806 4531 ¹⁸⁶;
1847 4484 1866 4516 ι
1894 4467 2034 4534 quod

467 4559 601 4614 nihil
659 4559 1033 4624 proﬁciamus,
1091 4557 1341 4624 quamvis
1401 4557 1602 4609 donum
1641 4557 2036 4625 acceperimus,

469 4651 512 4703 si
543 4648 798 4703 socordes
839 4641 1098 4715 et'ignavi
1150 4648 1346 4710 simus,
1399 4657 1445 4699 et
1497 4647 1640 4715 quod
1681 4647 1865 4700 labore
1900 4647 2033 4717 vigi~

468 4742 665 4810 liisque
695 4756 832 4810 opus
861 4725 930 4794 sit
959 4741 1064 4804 bis,
1105 4739 1195 4809 qui
1224 4741 1461 4793 animam
1510 4741 1735 4794 istorum
1776 4742 2030 4796 actricem

471 4835 668 4889 habere
698 4836 1113 4902 concupiscunt.
1154 4833 1418 4898 Quocirca
1442 4832 1485 4887 si
1519 4834 1643 4902 quis
1710 4833 1886 4887 bonus
1911 4834 2037 4886 elia-

466 4926 541 4978 rit
559 4933 649 4986 ite,
674 4932 767 4976 aut
791 4923 1021 4992 puritate
1040 4922 1334 4984 castitatis,
1355 4931 1448 4976 aut
1472 4922 1774 4975 lnnnilitate
1799 4937 2034 4988 summa,

467 5023 564 5070 aut
606 5015 806 5082 pietate
866 5013 1088 5075 eximia,
1121 5013 1420 5081 autaliquo
1452 5013 1669 5066 demum
1722 5015 1912 5067 borum
1940 5029 2033 5066 ex-

465 5105 638 5163 cellit.
673 5119 794 5175 qua:
835 5105 1075 5159 hominis
1107 5103 1420 5160 facultatem
1460 5114 1812 5170 exsuperant,
1869 5119 2037 5158 causa

467 5206 746 5263 ungue.qu
771 5195 1150 5250 sacratissimo
1211 5195 1496 5250 tribuenda
1557 5197 2039 5258 cst,credcndum-

466 5304 574 5357 que
608 5287 711 5356 ipsi
753 5285 971 5356 quidem
1019 5287 1140 5341 data
1184 5301 1325 5345 esse.
1360 5285 1573 5354 quando
1603 5285 1876 5340 unctionis
1926 5302 2039 5356 my-

469 5383 639 5435 sterio
672 5377 907 5432 donatus
931 5387 1050 5432 est:
1090 5387 1275 5446 postea
1299 5392 1427 5430 vero
1451 5377 1602 5430 illum
1639 5377 1704 5431 ad
1768 5377 2037 5432 aetionent

470 5486 530 5525 se
573 5468 811 5523 dedisse.
836 5468 979 5522 Idem
1009 5469 1076 5522 de
1113 5469 1179 5522 iis
1214 5469 1580 5530 sentiendum,
1621 5468 1714 5536 qui
1765 5469 2038 5536 exquisite

541 5585 561 5612 '
593 5587 606 5634 l
638 5564 763 5636 cui.
801 5600 912 5646 xiv,
937 5583 992 5636 5.
1092 5584 1134 5613 ¹⁰
1188 5581 1420 5650 Philipp.
1456 5599 1492 5641 ι.
1544 5583 1613 5642 8;
1645 5581 1762 5636 Ae-t.
1801 5599 1922 5644 xm,
1954 5583 2044 5634 29..

477 5668 606 5705 xui.
646 5655 725 5708 l7.
806 5654 849 5684 “
881 5654 1037 5706 Rom.
1065 5667 1183 5710 χιιι.
1224 5653 1313 5706 illi.
1394 5654 1434 5683 ⁸⁸⁵
1469 5651 1549 5706 lsa
1592 5668 1664 5706 χι.
1708 5652 1760 5706 2.

2142 3099 2299 3169 ήμῶν
2334 3105 2657 3171 στεναγμοῖς
2687 3103 2996 3173 ἀλαλήτοις,
3047 3127 3065 3159 ι
3104 3108 3331 3178 δύναμιν
3362 3108 3509 3178 εύχῆς
3530 3104 3652 3176 οἴμαι

2144 3191 2405 3260 παρέχον.
2434 3193 2546 3244 Καὶ
2581 3192 2716 3254 ὅλως
2739 3195 2829 3248 τὸν
2859 3195 3019 3263 λόγον
3048 3198 3238 3252 τοῦτον
3264 3199 3468 3267 πνεῦμα
3499 3198 3653 3265 σοφίας

2141 3283 2260 3336 ἐστὶ
2285 3283 2346 3335 τὸ
2382 3283 2604 3352 Πνεῦμα
2635 3285 2693 3336 τὸ
2727 3286 2880 3350 ἆγιον
2920 3288 3014 3339 καὶ
3067 3289 3282 3358 πνεῦμα
3317 3291 3556 3349 συνέσεως
3581 3287 3652 3338 καὶ

2143 3373 2340 3443 βουλῆς
2375 3375 2470 3427 καὶ
2508 3376 2688 3443 ἰσχύος
2723 3378 2815 3428 καὶ
2847 3377 3137 3440 εὐσεϐείας
3170 3380 3262 3430 καὶ
3283 3379 3386 3430 τῶν
3403 3377 3572 3438 ἄλλων,
3596 3369 3653 3427 ὧν

2143 3463 2464 3532 ἐπωνύμους
2494 3465 2795 3529 δείκνυσιν,
2828 3460 2906 3528 οἷς
2938 3468 3270 3534 μεταδίδωσι
3305 3467 3404 3519 τῶν
3439 3464 3597 3518 αὐτοῦ.

2217 3557 2436 3618 Πάντας
2494 3555 2591 3624 μὲν
2643 3551 2734 3608 οὖν
2787 3557 2909 3618 τοὺς
2968 3558 3356 3628 μεμυημένους
3393 3557 3453 3608 τὰ
3497 3550 3651 3608 ἑαυτοῦ

2144 3652 2290 3699 ποιεῖ
2342 3648 2405 3698 τὸ
2459 3649 2760 3718 μυστήριον
2788 3663 2801 3677 ·
2849 3646 3108 3715 αἴσθησις
3162 3649 3218 3700 δὲ
3253 3649 3357 3700 τῶν
3391 3647 3557 3714 δώρων
3579 3641 3653 3695 καὶ

2144 3739 2346 3805 σπουδὴ
2379 3758 2441 3792 πε
2453 3741 2505 3809 pl.
2532 3741 2620 3791 τὸν
2642 3741 2892 3804 πλοῦτον,
2919 3740 3060 3792 ὥστε
3092 3741 3393 3811 χρήσασθαι
3416 3741 3514 3800 τοῖς
3539 3735 3652 3788 δεδο-

2146 3830 2354 3898 μένοις,
2408 3830 2467 3881 ού
2525 3830 2681 3892 πᾶσι,
2740 3831 2854 3891 τοῖς
2908 3828 3007 3896 μὲν
3039 3829 3128 3880 διὰ
3166 3831 3264 3896 τὴν
3311 3824 3507 3896 ἡλικίαν
3531 3820 3651 3873 οὔπω

2141 3921 2324 3974 λαϐεῖν
2353 3919 2481 3973 νοῦν
2515 3919 2811 3986 δυνηθεῖσι,
2839 3921 2947 3981 τοῖς
2968 3919 3026 3970 δὲ
3054 3919 3132 3988 τῷ
3159 3917 3234 3988 μὴ
3261 3910 3649 3986 παρεσκευάσθαι

2146 4011 2279 4081 μηδὲ
2311 4013 2409 4081 τὴν
2456 4010 2784 4079 γιγνομένην
2842 4010 3219 4072 ἐπιδείξασθαι
3263 4005 3562 4080 προθυμίαν,
3592 3992 3651 4050 ὧν

2145 4103 2307 4166 ἐνίοις
2342 4103 2570 4172 ὕστερον
2625 4099 2700 4155 ὧν
2752 4102 3006 4172 ἥμαρτον
3059 4101 3318 4170 μετάνοια
3371 4099 3458 4150 καὶ
3478 4096 3651 4163 δάκρυα

2143 4197 2237 4247 καί
2263 4193 2373 4264 βίος
2404 4193 2546 4245 κατὰ
2577 4193 2666 4245 τὸν
2697 4193 2856 4262 ὀρθὸν
2912 4192 3073 4260 λόγον
3104 4191 3203 4258 τὴν
3236 4191 3523 4243 ἐντεθεῖσαν
3555 4185 3648 4240 ταῖς

2142 4283 2339 4354 ψυχαῖς
2375 4285 2620 4347 ὑπέδειξε
2648 4283 2833 4354 χάριν.
2877 4283 3042 4338 Ὅθεν
3085 4284 3180 4336 καὶ
3213 4281 3413 4334 Παῦλος
3444 4272 3649 4344 Τιμοθέῳ

2071 4341 2116 4425 ξ)
2141 4341 2389 4448 έρᾶφυέν,
2414 4395 2431 4426 ι
2457 4376 2546 4444 Μὴ
2569 4341 2780 4444 ἀμέλει,
2804 4376 2958 4444 φησὶ,
2980 4373 3073 4426 τοῦ
3093 4375 3149 4426 ὲν
3179 4375 3258 4426 σοὶ
3276 4341 3598 4442 χαρίσμαέοςο
3631 4381 3644 4411 ³

2141 4468 2217 4531 ὡς
2248 4469 2400 4519 οὐδὲν
2429 4466 2489 4519 ὃν
2518 4467 2680 4518 πλέον
2710 4467 2842 4536 ἡμῖν
2880 4468 2972 4518 καὶ
3007 4467 3064 4517 τὸ
3097 4465 3268 4532 δῶρον
3297 4464 3574 4530 δεξαμένθις
3598 4456 3647 4505 ἂν

2143 4559 2498 4630 ρᾳθυμῶμεν,
2532 4561 2628 4614 καὶ
2677 4561 2758 4612 ὃτι
2791 4558 2872 4610 δεῖ
2918 4559 3081 4611 πόνου
3114 4558 3208 4609 καὶ
3246 4555 3531 4626 ἀγρυπνίας
3559 4547 3646 4604 τοῖς

2144 4650 2489 4720 βουλομένοις
2511 4650 2734 4720 ἐνεργὸν
2786 4650 2852 4701 τὰ
2909 4648 3135 4701 τοιαῦτα
3183 4648 3278 4716 τὴν
3308 4641 3646 4713 ψυχὴνὲχειν·

2141 4744 2279 4798 ὥστε
2310 4744 2361 4794 εί
2387 4760 2469 4804 τις
2513 4744 2620 4794 τῶν
2651 4742 2949 4794 σπουδαίων
2981 4741 3166 4810 ἀγάπῃ
3205 4736 3638 4807 φαίνεταιιδιενεγ·

2141 4835 2253 4887 κὼν
2285 4835 2317 4904 ἢ
2347 4834 2682 4904 καθαρότητι
2718 4835 3076 4903 σωφροσύνης
3110 4834 3141 4902 ἢ
3194 4821 3640 4894 ταπεινορροσύνης

2142 4927 2244 4980 ὐπε
2259 4927 2420 4997 ρδολῇ
2456 4927 2487 4996 ἢ
2521 4927 2802 4988 εὒσεδείας
2826 4927 2857 4996 ἢ
2884 4927 2991 4977 τῶν
3017 4924 3270 4977 τοιούτων
3295 4919 3424 4980 τινὸς
3455 4916 3573 4982 ὑπὲρ
3598 4912 3642 4958 τ’)

2142 5019 2289 5082 είκὺς
2323 5021 2430 5071 τῶν
2463 5017 2771 5089 ἀνθρώπων
2804 5018 3032 5082 τούτων,
3057 5016 3331 5070 αἰτιᾶσθαι
3357 5009 3501 5064 δεῖτὸ
3528 5005 3640 5056 θειό-

2142 5128 2306 5164 τατον
2341 5110 2512 5180 μύρον
2542 5111 2638 5163 καὶ
2669 5110 2951 5162 πιστεύειν
2997 5108 3143 5179 αύτῷ
3173 5105 3406 5160 δεδόσθαι
3439 5099 3543 5168 μὲν,
3571 5096 3639 5145 ὅτε

2141 5201 2236 5252 τοῦ
2269 5201 2570 5270 μυστηρίου
2610 5201 2853 5268 μετεῖχε,
2885 5199 2946 5250 τὸ
2975 5198 3165 5266 δῶρον,
3195 5191 3426 5262 γενέσθαι
3451 5186 3500 5274 δὲ
3520 5184 3640 5274 ἐγερ-

2143 5289 2239 5356 γὸν
2265 5265 2494 5356 ῦστερον
2519 5303 2534 5316 ⁸
2567 5265 2656 5340 τδν
2681 5265 2799 5339 ἴσον
2828 5287 3024 5354 τρόπον
3056 5265 3145 5336 irai.
3173 5280 3297 5349 περὶ
3316 5276 3412 5330 τῶν
3438 5265 3637 5335 ἁκριῦὡς

2141 5379 2450 5446 μελλόντων
2509 5377 2694 5445 λέγειν
2745 5377 2967 5436 εἰδέναι,
3022 5374 3116 5425 καὶ
3169 5372 3278 5430 τοῖς
3324 5364 3410 5433 τὴν
3452 5358 3637 5446 γνώμην

2135 5439 2520 5537 ἐλαυνομένοις
2577 5439 2672 5520 παὶ
2735 5466 2910 5528 ἄλλως
2957 5461 3236 5516 ἀσθενοῦσι
3268 5455 3493 5522 σωτῆρας
3522 5439 3634 5496 εἶναι

2149 5583 2192 5615 Η
2236 5582 2250 5634 Ι
2282 5581 2412 5654 lies-
2449 5599 2556 5645 Χνι,
2587 5582 2667 5645 12,
2705 5582 2789 5637 l3.
2895 5583 2937 5613 "
2964 5581 3091 5634 Luc.
3118 5593 3244 5639 ινιι,
3293 5575 3342 5624 5.
3436 5563 3477 5596 “
3503 5558 3630 5612 Joan-

1842 5653 1904 5683 ”°
1940 5653 1953 5705 Ι
1985 5651 2123 5706 Tim.
2149 5667 2219 5706 tv.
2259 5653 2339 5706 Ms
