3992 6202
266 356 358 417 δ’ἶῖ
1264 354 1358 412 DE
1389 354 1558 413 VlTA
1609 352 1684 411 ΙΝ
1725 352 1842 410 ιΣΙΙΙ

1900 353 2060 411 ISTO
2102 354 2243 413 LIB.
2292 355 2404 412 IIl.
3372 359 3476 419 57S

267 470 399 536 πέρα
428 466 669 535 μηχανῆς
703 467 945 531 ἁπάσης,
977 467 1072 517 κα)⁸
1099 465 1270 518 τᾶλλα.
1318 466 1444 525 τοὺς
1469 464 1810 530 ὲπιδειξαμέ-
1837 507 1843 516 ι

1909 463 2133 525 dicturi,
2172 474 2225 516 et
2260 464 2470 517 animos
2509 463 2815 531 itnpulsuri.
2848 473 2900 518 et
2927 464 3127 532 alioqui
3163 480 3336 530 aegros
3362 473 3482 521 διιιθ

264 576 378 619 νους
402 557 507 609 ἀπὸ
531 557 621 609 τοῦ
649 557 952 625 μυστηρίου
974 556 1236 617 λαϐόντας
1254 555 1414 624 ἔχειν.
1443 557 1505 608 Εἰ
1537 554 1642 622 γὰρ
1664 554 1805 622 μήτε

1909 555 2018 607 ullo
2051 555 2330 608 molimine
2378 556 2622 608 sanaturi
2674 564 2820 615 sunt,
2860 556 3023 623 ctqni
3051 554 3155 608 alia
3195 556 3338 611 dona
3387 573 3482 612 ac-

265 646 381 715 παρ⁹
422 646 552 698 αὐτὸ
577 646 637 697 τὸ
680 645 957 698 τελεῖσθαι
989 645 1047 697 τὸ
1083 646 1380 715 μυστήριον
1414 645 1667 713 ἐνεργοὺς
1701 644 1807 695 δεί-

1907 654 2187 713 ceperunt,
2210 661 2307 699 eos
2332 645 2585 700 videlicet
2607 646 2695 699 illa
2729 662 2759 700 a
2790 647 3052 716 mySIerio
3108 658 3331 716 accepta
3381 651 3481 704 Ita-

264 753 405 788 κνυσι
426 737 549 795 τοὺς
581 736 938 804 τελουμένους
967 736 1067 796 τὰς
1099 737 1477 803 πνευματικὰς
1504 733 1803 805 ἐνεργείας,

1906 735 2055 790 bere.
2087 736 2144 790 Si
2172 737 2315 789 enim
2348 750 2446 789 nec
2490 736 2606 803 ipsa
2664 736 2904 806 mysterii
2956 736 3177 790 collatio
3236 739 3478 795 initiatos

266 827 390 895 μήτε
419 819 491 879 ὧν
522 829 699 896 χρόνῳ
730 827 957 896 ὕστερον
1001 829 1154 879 αὐτοὶ
1211 826 1595 893 πνευματικῶς
1652 827 1807 894 ὲνερ-

1906 827 2267 894 spiritualium
2315 841 2539 895 opernm
2580 835 2928 880 exsecutores
2962 826 3157 889 reddit,
3206 843 3305 880 nec
3359 846 3477 892 qua:

263 917 425 982 γοῦσι,
460 917 557 985 τὴν
590 918 810 987 τελετὴν
871 918 1154 970 αἰτιᾶσθαι
1212 919 1481 985 προσῆκε,
1512 918 1564 968 τί
1597 918 1676 969 δεῖ
1712 918 1805 968 καὶ

1908 927 2150 986 tempore
2181 919 2512 986 procedente
2567 917 2669 985 ipsi
2732 918 3089 985 spiritualiter
3155 929 3469 987 cpi-rantur,

267 1007 525 1075 μυηθῆναι
551 1026 565 1071 ;
587 1008 721 1078 πρὸς
753 1009 802 1060 τί
836 1008 879 1060 δ’
910 1010 974 1061 ἂν
995 1011 1126 1077 ἡμῖν
1154 1010 1184 1077 ἡ
1220 1008 1311 1060 τοῦ
1342 1009 1511 1077 μύρου
1534 1008 1627 1059 τοῦ
1659 1008 1805 1059 θείου

1907 1011 2198 1066 iniliationi
2230 1014 2281 1065 in
2301 1011 2543 1079 acceptis
2588 1011 2868 1065 referenda
2915 1022 3063 1073 sunt,
3100 1014 3226 1079 quid
3255 1029 3474 1066 neces»:

269 1098 449 1167 μύησις
480 1099 561 1150 ἔτι
621 1100 799 1169 φέροι,
847 1102 1102 1168 χορηγεῖν
1157 1100 1297 1165 ὑπὲρ
1332 1095 1391 1153 οὗ
1447 1100 1689 1167 ζητεῖται
1731 1098 1804 1166 μὴ

1907 1111 1991 1155 est
2032 1101 2575 1166 initiari?Quorsum
2635 1116 2798 1168 porro
2849 1103 3005 1155 nobis
3028 1103 3208 1156 divina
3247 1105 3360 1157 lucc
3391 1104 3473 1155 iu-

266 1194 555 1263 δυναμένη;
589 1196 695 1248 Καὶ
724 1196 842 1248 οὐδὲ
883 1198 1056 1248 ἐκεῖνο
1088 1198 1309 1257 εἰκότως
1341 1195 1484 1247 ἔστιν
1517 1193 1804 1257 εἰπεῖν,ὠς

1910 1192 2093 1246 unctio
2141 1197 2429 1254 conducet,
2492 1207 2637 1255 cum,
2713 1202 2932 1259 preptcr
2994 1194 3137 1259 quod
3182 1196 3468 1259 expetitur,

264 1290 304 1339 εί
333 1286 401 1354 μὴ
456 1288 628 1340 ταῦτα
684 1286 1063 1356 ἀπολαύσομεν
1094 1286 1186 1337 τοῦ
1238 1287 1559 1355 χρίσματος,
1590 1286 1717 1338 ἄλλο
1750 1303 1801 1336 τι

1908 1285 2251 1353 Suppeditare
2282 1299 2392 1337 non
2426 1285 2636 1351 possit?
2670 1282 2778 1338 Nec
2830 1284 2957 1337 illud
3004 1286 3196 1339 merito
3252 1301 3477 1355 respon-

266 1375 449 1428 δύναιτ’
472 1375 536 1428 ἂν
557 1378 685 1444 ἡμῖν
706 1377 739 1446 ἡ
764 1376 955 1446 τελετὴ
984 1375 1219 1443 βοηθεῖν.
1246 1376 1307 1427 Εἰ
1334 1376 1441 1443 γὰρ
1471 1376 1611 1442 ἅπερ
1638 1375 1807 1438 ἐπαγ-

1909 1373 2025 1425 deri
2076 1383 2260 1440 queat,
2291 1387 2599 1441 quanquam
2646 1375 2829 1425 unctio
2876 1372 3020 1426 hunc
3049 1374 3205 1427 nobis
3240 1374 3477 1428 fructum

266 1467 516 1534 γέλλεται,
553 1468 650 1520 καὶ
681 1468 812 1536 πρὸς
847 1467 882 1520 ὃ.
918 1469 1068 1519 πᾶσα
1106 1468 1350 1536 φέρεται,
1395 1467 1489 1518 καὶ
1518 1466 1646 1534 περὶ
1672 1458 1745 1517 ὧν
1776 1467 1804 1516 ὁ

1909 1478 2016 1515 non
2059 1464 2252 1531 pariat,
2331 1478 2489 1530 posse
2544 1471 2724 1516 tamen
2755 1478 2854 1517 nos
2899 1465 3177 1531 adjuvare.
3223 1463 3275 1517 Si
3335 1470 3477 1520 enim

264 1558 496 1627 τελεστὴς
542 1558 784 1626 εὔχεται,
834 1559 925 1609 καὶ
958 1557 993 1611 ἃ
1031 1558 1206 1611 πείθει
1256 1557 1343 1609 τὸν
1373 1557 1693 1624 τελούμενον
1730 1557 1806 1616 ὡς

1909 1570 2030 1621 qua:
2062 1554 2349 1623 promittit,
2378 1563 2431 1606 et
2468 1555 2531 1607 ad
2590 1569 2709 1621 qua:
2742 1563 2851 1606 tota
2890 1554 3078 1617 tendit,
3136 1570 3252 1622 qua:
3296 1556 3478 1608 initia-

264 1651 442 1704 αὐτίκα
489 1651 745 1718 λήψεται,
783 1657 987 1702 τούτων
1022 1652 1203 1718 τυχεῖν
1229 1650 1287 1701 ού
1324 1649 1559 1709 δίδωσιν,
1593 1648 1719 1699 ἄλλο
1751 1664 1804 1698 τι

1911 1657 1995 1699 tor
2030 1656 2169 1708 orat,
2197 1654 2251 1697 et
2289 1662 2407 1712 qua:
2436 1645 2700 1697 initiando
2730 1646 3016 1714 persuadet
3078 1661 3198 1698 mox
3225 1658 3480 1714 acceptu-

262 1745 354 1795 τῶν
381 1743 606 1809 ἀγαθῶν
636 1744 848 1796 ἐκεῖθεν
878 1743 1041 1813 σχολῇ
1074 1759 1135 1809 γε
1186 1742 1265 1793 δεῖ
1298 1742 1599 1810 προσδοκᾷν
1620 1756 1633 1767 °
1673 1742 1721 1792 εί
1754 1739 1800 1790 δ’
1834 1788 1838 1795 ,

1911 1749 2050 1796 tum,
2080 1733 2124 1786 si
2151 1734 2265 1785 haec
2293 1734 2553 1800 eottsequi
2589 1749 2691 1784 non
2742 1734 2855 1795 dat,
2899 1732 3044 1785 aliud
3090 1734 3214 1785 inde
3279 1734 3476 1785 bonum

261 1840 312 1889 οὐ
343 1787 513 1908 μάτην
538 1839 599 1889 τὸ
624 1787 944 1907 μυστήριονῗ
970 1787 1054 1890 ὅτιι
1086 1787 1219 1908 μηδὲ
1257 1787 1384 1892 ἄλλο
1408 1836 1511 1887 τῶν
1537 1787 1805 1903 ζίριστιαο
1833 1838 1837 1846 “

1911 1825 2330 1890 haudquaquam
2367 1821 2796 1889 exspectandum
2858 1831 2960 1876 est.
3000 1822 3155 1886 Quod
3190 1823 3234 1876 si
3268 1838 3370 1875 non
3398 1833 3481 1877 est

263 1933 407 1983 νικῶν
457 1932 635 1993 οὐδὲν,
676 1952 693 1983 t
730 1932 802 1984 Οὐ
838 1930 946 1999 γὰρ
1004 1931 1174 1993 κενὸν,
1224 1930 1375 1999 φησὶ,
1431 1928 1490 1978 τὸ
1542 1930 1804 1997 κήρυγμα

1909 1917 2073 1971 inane
2137 1913 2479 1983 mysterium,
2560 1913 2683 1979 quia
2743 1927 2843 1965 nec
2897 1914 3041 1966 aliud
3108 1913 3476 1967 Christianum

261 2024 426 2090 ἡμῶν,
460 2023 587 2075 οὐδὲ
619 2024 819 2092 ματαία
847 2022 880 2091 ή
908 2021 1089 2083 πίστις
1139 2021 1316 2088 ἡμῶν,
1350 2038 1367 2069 t
1409 2021 1459 2070 εἴ
1485 2035 1605 2071 τινα
1645 2035 1806 2070 πνευ-

1909 2006 2105 2071 ullum,
2147 2024 2165 2055 t
2197 2002 2313 2057 Non
2338 2004 2481 2056 enim
2506 2004 2682 2059 inanis
2704 2012 2805 2067 est,
2832 2005 3025 2070 inquit,
3045 2005 3360 2074 praedicatio
3385 2022 3481 2058 tto-

261 2114 474 2183 ματικὴν
534 2114 815 2183 ἐνέργειαν
861 2115 1038 2182 εὑρεῖν
1094 2114 1241 2166 ἔστιν
1281 2114 1337 2163 ὲν
1372 2110 1676 2179 ἀνθρώποις
1709 2110 1806 2161 καὶ

1906 2110 2040 2160 stra,
2078 2111 2252 2165 neque
2294 2095 2474 2149 inanis
2512 2095 2642 2148 ﬁdes
2696 2097 2976 2161 vestra”;
3019 2116 3036 2147 ι
3076 2096 3310 2164 siquam
3351 2112 3479 2163 ope-

255 2204 335 2255 τοῦ
388 2206 595 2257 κύκλου
654 2206 761 2256 τῶν
794 2206 1004 2257 ἐκεῖθεν
1037 2205 1296 2273 χαρίτων,
1356 2206 1436 2257 είς
1488 2203 1589 2264 τὰς
1636 2201 1804 2270 εὐχὰς

1906 2190 2173 2243 rationem
2211 2188 2552 2256 spiritualcm
2610 2188 2852 2243 invenire
2888 2201 2967 2243 est
3017 2191 3156 2242 inter
3208 2189 3475 2251 homines,

256 2294 537 2362 ἀναφέρειν
569 2295 783 2364 ἀνάγκη
814 2294 1016 2358 ταύτας
1056 2295 1149 2349 καὶ
1176 2296 1236 2347 τὸ
1270 2297 1477 2365 χρίσμα
1512 2295 1570 2347 τὸ
1600 2295 1766 2361 ἱερόν.

1906 2292 1961 2332 et
2002 2296 2068 2332 ex
2128 2280 2257 2333 orbe
2314 2280 2405 2331 illo
2459 2279 2821 2347 spiritualium
2876 2280 3191 2348 gratiarum,
3236 2295 3353 2334 eam
3409 2280 3474 2335 ad

1910 2371 2069 2424 hasce
2108 2386 2294 2438 preces
2337 2378 2388 2421 et
2429 2371 2736 2423 unctionem
2790 2385 2998 2424 sat-ram
3034 2370 3235 2425 referre
3303 2388 3479 2426 neces-

421 2510 427 2514 .
1907 2462 2051 2513 sario
2078 2462 2359 2514 debemus.

322 2564 498 2621 Ὀλως
537 2563 643 2631 γὰρ
674 2562 797 2617 οὔτε
842 2564 1009 2631 ἔστιν,
1041 2565 1141 2616 οὐκ
1170 2564 1316 2616 ἐστιν
1349 2563 1501 2617 οὐδὲν
1526 2564 1748 2629 ἀγαθὸν,
1779 2561 1807 2615 ὃ

1976 2551 2141 2606 Plane
2185 2552 2329 2605 enim
2390 2566 2492 2605 non
2544 2559 2647 2617 est,
2703 2568 2808 2607 non
2879 2561 2980 2612 est,
3018 2552 3271 2620 inquam,
3308 2554 3475 2607 ullum

261 2656 324 2724 τῷ
350 2658 466 2725 Θεῷ
500 2658 863 2721 διαλλαγεῖσιν
889 2657 1097 2710 ἐκεῖθεν
1126 2657 1369 2726 ὑπῆρξεν
1414 2658 1745 2725 ἀνθρώποις,
1779 2656 1807 2709 ὃ

1908 2647 2132 2709 boattm,
2169 2646 2295 2700 inde
2341 2644 2661 2699 hominibus
2698 2644 2807 2696 Deo
2842 2645 3209 2697 reconciliatis
3265 2645 3476 2713 prtesti-

262 2748 322 2815 μὴ
350 2749 431 2801 διὰ
484 2745 578 2800 τοῦ
614 2750 982 2809 καταστάντος
1035 2748 1168 2800 Θεοῦ
1215 2751 1307 2801 καὶ
1331 2748 1633 2816 ἀνθρώπων
1665 2767 1807 2818 παρ-

1910 2746 2047 2798 tutn,
2084 2736 2229 2804 quod
2264 2752 2368 2788 ttott
2403 2750 2498 2804 per
2530 2732 2881 2786 mediatorem
2918 2733 3056 2787 inter
3089 2730 3255 2806 Deum
3289 2742 3342 2786 et
3379 2735 3472 2785 lto-

259 2838 434 2905 εσχέθη
479 2839 726 2906 μεσίτου,
762 2838 883 2891 οὕτε
920 2840 1009 2891 τὸν
1044 2841 1268 2909 μεσίτην
1294 2840 1472 2907 εὑρεῖν
1502 2841 1593 2892 καὶ
1622 2841 1806 2893 λαϐεῖν

1909 2829 2085 2882 mines
2120 2828 2483 2882 constitutum
2531 2825 2691 2879 nobis
2726 2826 2798 2880 sit
2847 2825 3138 2889 collatum;
3193 2840 3369 2894 neque
3419 2834 3478 2878 ut

260 2930 337 2979 καὶ
370 2930 479 2979 τῶν
533 2926 739 2980 ἐκείνου
800 2933 981 2996 τυχεῖν
1013 2929 1141 2981 ἄλλο
1175 2947 1228 2981 τι
1290 2929 1502 2980 δίδωσιν
1543 2930 1676 2997 ἡμῖν
1700 2929 1807 2980 τῶν

1913 2921 2269 2975 mediatorem
2319 2921 2680 2981 inveniamus,
2726 2927 2778 2970 et
2807 2917 3295 2985 appreheudamus,
3327 2928 3379 2970 et
3410 2919 3477 2970 il-

261 3020 502 3071 ἁπάντων
530 3016 561 3083 ἦ
584 3018 650 3068 τὰ
684 3021 957 3086 μυστήρια
978 3037 993 3051 ⁸
1021 3020 1193 3073 ταῦτα
1220 3022 1326 3087 γὰρ
1356 3022 1635 3088 συγγενεῖς
1661 3020 1806 3088 ἡμᾶς

1909 3011 2015 3065 lius
2053 3015 2191 3065 bona
2224 3025 2613 3079 assequamur,
2641 3010 2706 3061 ab
2738 3007 2843 3061 alio
2883 3023 2946 3061 ex
2981 3007 3234 3061 omnibus
3260 3046 3275 3066 .
3312 3024 3473 3076 quam

262 3116 388 3165 ποιεῖ
420 3113 537 3167 τῶν
568 3113 813 3183 αἱμάτων
846 3113 1095 3175 ἐκείνων,
1131 3086 1239 3166 καῖ
1275 3106 1349 3165 ὧν
1385 3086 1572 3182 εῆηςῖε
1595 3086 1807 3180 διὰντὴν
1837 3155 1838 3163 η

1912 3119 1943 3158 a
1972 3103 2331 3159 sacramentis
2363 3102 2731 3172 ad'piseitnur.
2768 3098 3049 3154 Nam'htec
3078 3116 3177 3154 nos
3207 3100 3281 3153 illi
3316 3101 3471 3166 quasi

267 3206 423 3270 σάρκα
461 3205 703 3273 χαρίτων
734 3204 829 3255 καὶ
868 3199 943 3255 ὧν
975 3203 1167 3254 παθεῖν
1199 3202 1458 3271 ἠνέσχετο
1495 3200 1806 3262 κοινωνούς.

1917 3195 2382 3264 consanguineos,
2422 3205 2476 3248 et
2526 3192 2866 3247 cruciatuum
2914 3206 3051 3260 quos
3102 3190 3386 3254 sustinuit,
3424 3201 3479 3245 et

274 3294 411 3346 Ἐπεὶ
445 3296 557 3362 γὰρ
592 3296 736 3347 δυοῖν
766 3293 959 3354 ὄντοιν.
991 3293 1026 3347 ἃ
1054 3293 1129 3363 τῷ
1154 3293 1270 3361 Θεῷ
1314 3294 1593 3360 συνίστησι
1625 3292 1718 3344 καὶ
1753 3294 1809 3344 έν

1908 3290 2228 3356 gratiarum.
2256 3301 2390 3353 quas
2423 3294 2648 3355 propter
2675 3299 2897 3340 carnem
2923 3284 3157 3352 aet-epit,
3186 3284 3478 3352 participes

264 3378 332 3444 οἷς
356 3388 509 3439 πᾶσα
538 3385 645 3436 τῶν
677 3383 979 3455 ἀνθρώπων
1006 3386 1038 3454 ἡ
1064 3383 1327 3453 σωτηρία,
1353 3382 1447 3436 τοῦ
1478 3400 1534 3435 τε
1555 3384 1621 3434 τὰ
1653 3381 1810 3451 ἱερὼ-

1908 3379 2171 3433 eﬂiciunt.
2214 3377 2350 3431 Cum
2391 3379 2539 3431 enim
2575 3379 2681 3432 duo
2715 3376 2849 3444 sint,
2890 3392 3011 3443 qua:
3067 3376 3314 3430 homines
3371 3378 3478 3428 Deo

262 3492 380 3529 τατα
449 3479 727 3547 μυττὴρια
776 3476 1072 3546 μυηθῆναι,
1134 3478 1225 3530 καὶ
1273 3473 1366 3527 τοῦ
1420 3475 1553 3542 προς
1607 3473 1807 3543 ἀρετὴν

1903 3472 2303 3538 commendent,
2324 3483 2379 3525 et
2401 3472 2600 3542 quibus
2635 3482 2742 3526 tota
2776 3472 2921 3525 salus
2953 3472 3191 3525 humana
3224 3471 3473 3531 fulcitur,

262 3569 485 3635 ἀσκῆσαι
530 3569 629 3637 τὴν
680 3566 928 3636 γνώμην,
987 3565 1080 3618 τοῦ
1111 3564 1387 3634 δευτέρου,
1444 3564 1587 3628 λέγω
1620 3564 1683 3629 δὴ
1710 3565 1808 3628 τῆς

1906 3563 2134 3616 altermn
2168 3571 2224 3615 ut
2260 3564 2534 3633 mysteriis
2567 3563 2959 3617 sacratissimis
2989 3563 3268 3615 iuitiemur
3293 3604 3307 3625 ,
3342 3562 3476 3615 alte-

264 3656 592 3724 ἁνθρωπείας
624 3655 884 3722 σπουδῆς,
918 3654 1070 3706 οὐδὲν
1098 3653 1225 3706 ἄλλο
1262 3653 1458 3720 γένοιτ’
1485 3652 1549 3705 ἂν
1580 3652 1738 3721 ἔργον
1774 3651 1806 3720 ἢ

1909 3670 2051 3717 rum,
2086 3664 2141 3707 ut
2170 3654 2412 3707 animum
2438 3654 2505 3707 ad
2536 3655 2786 3708 virtutem
2824 3653 3185 3722 appellamus,
3214 3653 3474 3714 humana,

264 3747 319 3794 τὰ
348 3746 565 3797 δοθέντα
601 3744 773 3798 σῶσαι
811 3747 903 3798 καὶ
940 3744 1013 3813 μὴ
1044 3743 1332 3812 προδοῦναι
1378 3743 1467 3795 τον
1500 3743 1805 3811 θησαυρόν·

1919 3746 2139 3813 inquam
2173 3784 2186 3804 .
2220 3744 2525 3812 diligentia,
2562 3746 2701 3798 nihil
2731 3746 2874 3798 aliud
2914 3760 3051 3815 opus
3098 3745 3279 3807 fuerit,
3312 3758 3474 3811 quam

263 3835 494 3888 λείπεται
526 3836 591 3904 δὴ
622 3838 789 3906 μόνην
812 3836 1047 3905 χορηγὸν
1082 3838 1215 3905 ἡμῖν
1250 3835 1353 3886 τῶν
1381 3835 1601 3901 ἀγαθῶν
1639 3835 1812 3887 ἁπάν-

1909 3838 2033 3888 data
2062 3850 2313 3898 servare,
2345 3844 2399 3889 et
2439 3836 2756 3889 thesaurum
2822 3851 2926 3887 non
2988 3833 3235 3903 prodere.
3293 3832 3470 3885 ltelin—

264 3944 359 3979 των
383 3931 479 3997 τὴν
502 3929 611 3979 τῶν
641 3928 956 3998 μυστηρίων
984 3927 1213 3994 δύναμιν
1244 3922 1401 3979 εἶναι.
1432 3927 1539 3978 Καὶ
1574 3926 1680 3995 μὴν
1702 3926 1810 3977 τῶν

1908 3926 2095 3995 quitur
2128 3940 2284 3994 ergo,
2326 3925 2499 3979 solam
2531 3926 2911 3995 mysteriorum
2944 3926 3196 3981 virtutem
3229 3925 3471 3978 omnium

266 4018 482 4072 τελετῶν
536 4018 701 4086 ἄλλης
752 4018 850 4087 μὲν
913 4017 1072 4087 ἔργον
1110 4017 1237 4072 ἄλλο
1295 4034 1369 4081 τι,
1406 4016 1725 4087 Πνεύματος
1753 4015 1810 4068 δὲ

1910 4016 2178 4070 bonorum
2211 4014 2366 4069 nobis
2402 4014 2729 4084 largitricem
2764 4029 2906 4068 esse.
2932 4012 3090 4080 Atqui
3116 4013 3309 4079 horum
3336 4012 3474 4066 alius

269 4113 349 4161 καὶ
374 4111 481 4162 τῶν
519 4110 727 4163 ἐκείνου
784 4110 1169 4179 μετειληφέναι
1191 4109 1378 4180 δώρων
1402 4111 1493 4163 τοῦ
1529 4108 1810 4175 παναγοῦς

1907 4107 2129 4162 σπι-ειυς
2166 4115 2220 4160 et
2278 4121 2416 4174 opus
2474 4115 2577 4171 est,
2612 4105 2849 4174 Spiritus
2910 4103 3161 4171 illiusque
3209 4104 3474 4167 donorqu

270 4199 549 4269 ἐξήρτηται
590 4201 759 4270 μύρου
780 4216 795 4232 ·
825 4200 913 4253 διὰ
943 4200 1115 4253 ταῦτα
1143 4200 1245 4253 κᾶν
1274 4199 1349 4268 μὴ
1379 4200 1509 4269 παρ’
1534 4201 1696 4254 αὐτὸν
1717 4200 1809 4254 τὸν

1910 4198 2226 4252 communio
2255 4211 2282 4249 a
2313 4196 2663 4250 sanctissima
2696 4195 2950 4249 unctione
2983 4197 3197 4262 pendet.
3248 4193 3477 4253 Idcirco,

270 4290 356 4356 τῆς
384 4290 601 4359 τελετῆς
631 4290 843 4359 χρόνον,
879 4290 1101 4356 ὕστερον
1127 4290 1183 4341 δὲ
1224 4290 1404 4359 πολλῷ
1434 4291 1811 4358 πνευματικὴν

1913 4289 2135 4343 tametsi
2166 4304 2274 4341 non
2312 4288 2429 4355 ipso
2469 4286 2797 4340 initiationis
2843 4293 3108 4355 tempore,
3160 4287 3256 4340 Sed
3307 4286 3479 4338 multo

271 4382 453 4451 δυνηθῇ
505 4399 590 4442 τις
646 4381 1015 4444 ἐπιδείξασθαι
1046 4380 1275 4449 δωρεὰν,
1309 4381 1369 4433 οὐ
1398 4381 1477 4433 δεῖ
1504 4381 1601 4449 τὴν
1630 4382 1809 4435 αἰτίαν
1842 4447 1847 4451 η

1911 4388 2055 4448 post,
2088 4378 2373 4446 Spirituale
2409 4377 2613 4431 donum
2644 4377 2709 4431 ad
2744 4393 2855 4430 rem
2887 4377 3137 4431 conferre
3168 4377 3292 4445 quis
3324 4388 3480 4445 pote-

274 4474 351 4522 καὶ
374 4446 496 4526 δθεν
524 4474 559 4541 ἡ
585 4472 817 4541 δύναμις
844 4474 1079 4539 ἀγνοεῖν.
1127 4446 1282 4525 Ἕπεὶ
1314 4473 1411 4526 καὶ
1438 4475 1464 4525 ό
1497 4446 1590 4527 τού
1618 4472 1808 4541 βαπτί-
1842 4447 1850 4501 l

1915 4472 2003 4536 rit,
2033 4469 2382 4522 nihilominus
2406 4484 2655 4530 causam,
2679 4476 2736 4521 et
2768 4467 2910 4522 unde
2942 4468 3107 4522 robur
3138 4468 3293 4532 illttd,
3328 4468 3480 4537 igno-

275 4577 460 4627 σματος
520 4564 801 4631 φωτισμὸς
850 4564 1052 4617 ὲνίεται
1104 4564 1203 4632 μὲν
1266 4564 1426 4625 εὐθὺς
1460 4565 1815 4633 λουσαμένων

1916 4575 2039 4612 rare
2078 4574 2183 4611 non
2226 4559 2501 4613 convenit.
2548 4556 2683 4612 Nam
2736 4569 2789 4610 et
2843 4558 3097 4626 baptismi
3149 4558 3479 4611 illumina‘io

274 4654 377 4713 ταῖς
410 4654 517 4705 τῶν
571 4654 910 4721 τελουμένων
955 4652 1175 4721 ψυχαῖς,
1229 4653 1348 4705 ἐστι
1405 4655 1461 4706 δὲ
1514 4654 1814 4721 τηνικαῦτα

1920 4666 2042 4702 tnnx
2079 4649 2298 4717 quidem
2349 4648 2660 4701 ablutorum
2698 4648 2988 4701 animabus
3037 4643 3393 4713 immittitur;
3430 4659 3483 4704 at

275 4741 407 4806 δῆλος
431 4745 489 4797 ού
521 4746 707 4807 πᾶσιν,
733 4744 897 4804 ἐνίοις
928 4744 984 4796 δὲ
1018 4744 1126 4797 τῶν
1159 4745 1464 4798 σπουδαίων
1508 4745 1595 4798 διὰ
1622 4746 1814 4816 χρόνου

1920 4758 2025 4795 non
2065 4752 2192 4794 tunc
2227 4740 2295 4792 ab
2326 4739 2583 4792 omnibus
2633 4738 2898 4801 cernitur,
2944 4738 3040 4792 sed
3085 4754 3114 4792 a
3154 4740 3479 4807 quibusdam

277 4831 504 4896 φαίνεται
533 4832 718 4901 ἱδρῶσι
753 4832 966 4895 πολλοῖς
991 4835 1087 4885 καὶ
1122 4832 1303 4893 πόνοις
1333 4833 1428 4886 καὶ
1469 4836 1536 4904 τῇ
1563 4834 1695 4903 περὶ
1728 4833 1817 4885 τὸν

1922 4836 2105 4905 probis
2152 4842 2278 4902 post
2329 4831 2674 4885 intervallum
2724 4832 3095 4898 cognoscitur,
3145 4834 3236 4899 qui
3300 4833 3482 4888 multis

277 4920 490 4988 Χριστὸν
518 4923 706 4993 ἀγάπη
731 4924 823 4975 τὸν
849 4921 949 4991 τῆς
967 4921 1149 4991 ψυχῆς
1179 4920 1486 4991 καθάρασιν
1513 4922 1811 4992 ὀφθαλμὸν,

1921 4926 2211 4982 sudoribus
2241 4932 2298 4979 et
2324 4922 2623 4986 laboribus,
2656 4930 2711 4976 et
2745 4921 3015 4977 charitate
3046 4936 3172 4989 erga
3210 4923 3479 4979 Cltristufn

277 5009 353 5063 διὰ
380 5012 533 5065 τοῦτο
580 5012 640 5064 τδ
697 5011 871 5082 μύρον
900 5011 1207 5081 προσευχῆς
1261 5012 1359 5081 μὲν
1389 5007 1527 5064 οἶκοι
1558 5013 1693 5084 πρὸς
1715 5012 1815 5076 τὰς

1920 5015 2139 5071 oculum
2163 5013 2359 5067 anima:
2383 5021 2801 5082 perpurgarnnt.
2834 5012 3063 5082 Propter
3089 5010 3247 5065 istam
3276 5015 3485 5069 unctio-

282 5098 425 5168 εὐχὰς
454 5104 583 5171 ἡμῖν
608 5101 889 5171 βοηθοῦσι.
916 5102 1210 5172 Χριόμενοι
1240 5103 1349 5173 γὰρ
1387 5103 1463 5171 τῷ
1494 5103 1651 5173 μύρῳ
1668 5103 1814 5156 τοῦτ’

1924 5123 2045 5164 nem
2106 5109 2302 5162 domus
2342 5107 2603 5162 orationis
2634 5108 2702 5161 ad
2728 5122 2919 5176 preces
2941 5107 3099 5163 nobis
3127 5108 3481 5162 auxiliantur.

282 5188 395 5241 αὐτὸ
439 5191 680 5258 γίνονται
716 5192 849 5261 ἡμῖν
891 5191 920 5244 δ
963 5191 1273 5257 καλοῦνται,
1303 5192 1441 5245 διότι
1486 5193 1547 5244 τὸ
1577 5192 1813 5246 κενωθὲν

1925 5199 2110 5256 Uncta:
2142 5199 2286 5253 enim
2313 5205 2587 5267 unguento
2631 5197 2735 5251 hoc
2765 5197 2940 5258 ipsum
2971 5197 3132 5251 nobis
3159 5199 3317 5259 fiunt,
3340 5197 3482 5267 (μιοά

286 5279 433 5349 μύρον
485 5284 835 5352 παράκλητος
888 5285 1019 5353 ἡμῖν
1072 5286 1189 5337 ἐστι
1244 5285 1379 5353 πρὸς
1407 5285 1499 5337 τὶν
1554 5284 1685 5337 Θεὸν
1718 5285 1813 5337 καὶ

1922 5297 2209 5350 vocantur,
2272 5286 2534 5355 quoniam
2584 5286 2813 5340 eﬂ‘nsum
2866 5294 3220 5356 unguentum,
3252 5287 3482 5340 advoca-

286 5368 477 5440 Πατέρα
507 5374 574 5427 δι’
628 5373 760 5426 αὐτὸ
794 5372 970 5437 τοῦτο,
1006 5375 1089 5427 ὅτι
1122 5374 1422 5427 κεκένωται
1456 5374 1553 5425 καὶ
1600 5373 1811 5442 χρίσμα

1923 5390 2033 5435 tttttt
2065 5390 2148 5433 est
2178 5377 2335 5431 nobis
2358 5378 2499 5447 apud
2533 5376 2699 5431 Deum
2731 5386 2786 5432 et
2815 5375 3053 5439 Patrem,
3085 5386 3137 5431 et
3166 5376 3237 5430 ob
3262 5375 3365 5429 hoc
3404 5375 3481 5441 ip-

286 5461 473 5530 γέγονε,
510 5469 601 5519 καὶ
639 5466 800 5535 μέχρι
824 5465 922 5534 τῆς
947 5465 1160 5533 φύσεως
1189 5465 1352 5535 ὲχέθη
1383 5466 1483 5534 τῆς
1516 5465 1811 5534 ἡμετέρας.

1920 5484 2062 5531 sum,
2103 5465 2247 5535 quod
2276 5465 2508 5520 effusum
2548 5475 2650 5531 est,
2684 5474 2739 5520 et
2765 5465 3004 5520 chrisma
3041 5463 3267 5525 laetum,
3296 5471 3349 5517 et
3390 5477 3485 5516 us-

285 5546 354 5602 Τὰ
371 5552 721 5625 θυσιαστήρια
746 5554 802 5607 δὲ
838 5554 931 5625 τὴν
955 5554 1047 5608 τοῦ
1075 5556 1322 5626 Σωτῆρος
1348 5556 1598 5625 μιμεῖται
1629 5557 1807 5624 χεῖρα,

1920 5575 2023 5630 que
2054 5557 2118 5612 ad
2148 5556 2386 5611 animam
2410 5568 2649 5612 nostram
2672 5555 2904 5610 eliusnm
2940 5564 3042 5609 est.
3071 5552 3276 5608 Altaria
3300 5561 3484 5609 autem

350 5733 385 5765 ιο
411 5735 427 5787 t
457 5736 578 5791 Cor.
608 5752 697 5799 χο,
739 5736 825 5787 ιι.
