3982 6208
427 304 531 368 ῦΊἹ

1644 299 1951 359 NlCUL.-\[
1994 301 2313 360 CABASH.
2340 303 2383 359 E

3551 313 3655 372 ΞΜ)

436 423 476 476 S
496 424 550 476 .lx
569 420 739 475 aturis
766 418 1050 472 imitantur
1077 433 1294 479 manus,
1318 427 1368 470 rt
1393 433 1582 487 pauent
1608 435 1637 472 a
1665 435 1849 474 mensa
1871 417 2003 472 deli-

2109 419 2308 470 καὶτὸν
2337 421 2501 487 ἄρτον
2522 421 2629 473 ἀπὸ
2654 422 2746 488 τῆς
2775 422 3154 494 ἀληλιμμένης
3172 426 3451 494 τραπέζης
3470 425 3658 494 ὥσπερ

432 514 585 575 buta,
609 510 750 564 velut
775 511 841 562 ab
865 509 1182 575 incorrupta
1216 508 1304 560 illa
1328 524 1512 570 mauu,
1556 506 1758 561 Christi
1799 521 1999 575 corpus

432 605 751 671 accipimus,
767 610 820 655 et
839 602 1156 666 sanguinem
1174 599 1217 664 ej
1229 600 1560 668 us‘hibimus,
1589 599 1673 653 vel
1691 609 1745 652 ιιι
1773 600 1844 653 illi
1863 613 2002 668 quos

431 693 912 761 Dominuszprimos
935 693 1290 745 taliconvivio
1320 692 1544 760 accepit,
1570 691 1822 760 poculum
1849 691 2002 758 plane

437 789 781 843 tremendum
821 787 1134 857 propitiaris.
1162 787 1426 852 Quoniam
1468 789 1610 842 enim
1640 787 1912 856 ipseidem
1949 797 2002 840 et

433 882 692 935 sacerdos
763 888 863 941 est,
915 888 966 931 et
1018 879 1206 940 altare,
1267 888 1319 931 et
1384 877 1582 942 bestia,
1640 886 1692 931 et
1745 876 1998 938 offerens,

431 984 487 1026 et
536 988 644 1040 quo
699 970 884 1033 oﬁ‘ert,
930 978 983 1022 et
1037 970 1178 1038 quod
1208 971 1394 1031 oﬁert;
1453 969 1724 1040 mysteriis
1765 984 1878 1022 rem
1917 969 2002 1021 di-

435 1063 579 1127 visit,
605 1072 657 1116 et—
689 1062 821 1114 illud
858 1061 981 1130 pani
1010 1062 1430 1127 benedictionis,
1460 1062 1564 1114 hoc
1597 1071 1875 1130 unguento
1905 1061 2002 1114 tri-

436 1159 572 1210 huit.
612 1157 824 1209 Etenim
861 1154 1033 1208 altare
1068 1155 1285 1221 quidem
1335 1164 1416 1207 est
1459 1152 1729 1216 Salvator,
1786 1154 2000 1208 sacriﬁ-

432 1259 568 1302 Caus
600 1255 816 1315 propter
840 1243 1099 1298 chrisma.
1123 1244 1306 1297 Altare
1334 1245 1477 1297 enim
1512 1246 1634 1298 inde
1658 1245 1726 1299 ab
1747 1247 1898 1300 initio
1930 1246 2007 1299 iu-

434 1349 484 1391 st
511 1347 686 1389 tutum
714 1347 816 1398 est,
847 1345 904 1388 ut
931 1344 1250 1404 ungeretur;
1288 1345 1339 1387 ι·ι
1369 1335 1742 1392 sacerdotibus
1769 1337 1871 1392 hcc
1891 1349 2008 1391 erat

431 1429 742 1484 sacerdotes
775 1441 895 1481 esse
921 1466 935 1488 ,
971 1426 1222 1480 iuunctos
1256 1441 1397 1480 esse.
1432 1426 1773 1481 Sacriﬁcium
1825 1439 2001 1482 autem

437 1530 656 1588 propter
687 1531 904 1571 crucem
945 1526 999 1569 et
1031 1525 1286 1580 mortem,
1342 1531 1446 1585 qua
1483 1533 1580 1586 pro
1614 1517 1704 1572 Dei
1741 1526 1794 1573 et
1830 1517 2005 1572 Patris

435 1611 605 1679 gloria
637 1621 883 1662 mortuus
921 1615 1005 1662 est
1039 1625 1055 1664 ε
1087 1617 1312 1661 mortem
1347 1622 1508 1674 porro
1565 1618 1620 1664 et
1662 1609 2006 1664 immolatio-

433 1717 557 1756 nem
609 1701 752 1754 illam
787 1700 1201 1763 annuntiamus,
1235 1703 1473 1769 quoties,
1497 1701 1684 1771 ,inquit
1712 1703 1776 1766 ",
1812 1718 2001 1769 panem

437 1794 584 1847 hunc
621 1791 982 1847 comedimus.
1017 1790 1241 1860 Insuper
1266 1803 1319 1846 et
1351 1801 1709 1863 unguentum,
1743 1803 1795 1847 et
1819 1796 2004 1848 unctio

433 1892 519 1938 est
577 1883 840 1937 Dominus
896 1893 1114 1952 propter
1160 1885 1418 1953 Spiritum
1472 1897 1743 1940 sanetum.
1794 1886 2004 1940 Idcirco

434 1975 614 2030 facere
641 1975 859 2044 quidem
888 1976 1235 2030 sanctissima
1267 1977 1534 2042 omnium,
1556 1987 1610 2030 et
1638 1979 2002 2042 sanctiﬁeare,

434 2077 490 2121 at
521 2067 874 2130 sanctilicari,
903 2078 956 2122 et
983 2069 1198 2136 quidvis
1229 2069 1444 2121 tandem
1488 2068 1600 2138 pati
1636 2084 1740 2121 non
1771 2077 2000 2136 poterat.

437 2160 562 2214 Haec
610 2170 790 2215 autem
827 2161 1035 2222 altaris,
1077 2171 1128 2213 et
1175 2160 1559 2226 sacriﬁcantis,
1608 2171 1662 2214 et
1702 2160 2002 2222 oﬁereutis,

433 2268 541 2306 non
571 2253 738 2307 oblati
774 2262 826 2305 et
873 2252 1166 2307 sacriticati
1197 2262 1374 2307 erant.
1403 2250 1538 2306 Nam
1571 2262 1625 2306 et
1665 2253 1832 2306 altare
1872 2269 2004 2306 sane

429 2345 673 2399 ctiticare
707 2343 908 2398 dicitur
937 2357 952 2396 :
987 2363 1006 2394 ί
1039 2344 1250 2408 Altare,
1281 2344 1485 2414 inquit,
1521 2344 1666 2414 quod
1702 2343 2006 2399 sanctiﬁcat

434 2439 638 2491 donum
672 2437 737 2494 ¹⁸.
779 2456 797 2488 ι
835 2437 999 2494 Panis
1030 2452 1158 2492 vero
1191 2447 1410 2507 propter
1439 2452 1658 2492 carnem
1691 2438 2001 2492 sanctiﬁca-

437 2539 544 2581 tam
581 2539 634 2582 ct
695 2529 1020 2591 deiﬁcatam,
1055 2540 1110 2584 et
1141 2545 1261 2598 qua:
1287 2531 1446 2583 ambo
1483 2531 1618 2593 haec,
1653 2539 1766 2584 tum
1799 2531 2004 2583 uuctio-
2050 2548 2052 2550 ν

434 2625 580 2683 nem,
622 2631 734 2673 tum
777 2620 960 2688 plagas
1011 2622 1241 2689 accepit.
1291 2620 1474 2690 luquit
1519 2622 1706 2686 enim,
1762 2639 1779 2670 ι
1838 2622 2002 2675 Panis

429 2727 590 2782 quem
617 2728 716 2781 ego
747 2712 907 2775 dabo,
940 2726 1070 2765 caro
1100 2726 1216 2765 mea
1253 2723 1353 2777 est,
1385 2728 1547 2780 quam
1580 2730 1679 2780 ego
1725 2713 1866 2766 dabo
1898 2713 2002 2783 (ri-

429 2806 626 2858 delicet
652 2801 992 2871 sacriﬁcans)
1026 2817 1122 2872 pro
1163 2804 1347 2857 mundi
1383 2804 1490 2856 vita
1523 2805 1592 2858 ¹’.
1633 2824 1650 2854 ι
1692 2806 1812 2860 Ideo
1842 2805 1999 2860 oﬁ‘er-

435 2907 526 2950 tur
553 2894 772 2964 quidem
807 2903 866 2948 ut
891 2895 1068 2961 pani’s,
1097 2893 1254 2949 oﬁ‘ert
1283 2905 1465 2949 autem
1513 2908 1572 2950 ιιι
1617 2906 1953 2967 unguentum
1981 2938 1996 2962 ,

431 3000 484 3040 et
520 2996 692 3040 seruet
729 3001 946 3052 carnem
981 2986 1259 3052 deiﬁcaus,
1333 2999 1386 3041 et
1431 3005 1528 3042 nos
1563 2993 1837 3046 unctionis
1869 3007 1998 3046 con-

2103 509 2212 560 άπὸ
2243 510 2340 578 τῆς
2397 513 2676 580 ἀκηράτου
2705 515 2886 581 χειρὸς
2923 515 3136 583 ἐκείνης
3167 516 3403 584 Χριστοῦ
3442 520 3660 584 κομιζό-

2106 599 2242 666 μεθσ.
2277 601 2455 666 σῶμα,
2488 601 2581 651 καὶ
2611 602 2836 669 πίνομεν
2867 603 2961 655 τοῦ
3000 605 3227 672 αἵματος
3269 605 3456 670 αὑτοῦ,
3490 607 3660 660 καθά-

2103 707 2208 758 περ
2231 686 2311 754 οἷς
2349 691 2584 761 πρώτοις
2619 697 2644 746 ό
2673 695 2948 762 Δεσπότης
2993 696 3088 764 τῆς
3143 698 3294 764 ἱερᾶς
3336 699 3662 766 ἐκοινώνησε

2101 782 2403 852 τραπέζης,
2431 785 2526 850 τὴν
2556 787 2760 854 φρίκης
2787 786 3062 854 γέμουσαν
3113 788 3432 858 φιλοτησίαν
3462 793 3664 857 προπερ

2103 893 2229 928 νιιιν.
2274 877 2554 943 Ἐπεὶγὰρ
2595 879 2620 928 ὁ
2649 878 2808 940 αὐτὸς
2840 879 2934 930 καὶ
2979 880 3154 947 ἱερεύς
3198 881 3314 931 ἐστι
3356 881 3447 932 καὶ
3479 880 3666 934 ουσιαι

2105 967 2346 1036 στήριον,
2383 969 2472 1018 ιιιιὶ
2503 967 2662 1020 θυσία
2699 969 2792 1021 καὶ
2828 972 3141 1040 προσάγων,
3195 973 3291 1023 καὶ
3313 973 3380 1025 δι’
3405 965 3465 1025 οῦ
3500 991 3669 1042 προσ-

2104 1057 2225 1124 άγει
2262 1060 2353 1109 καὶ.
2374 1057 2401 1109 ὃ
2433 1060 2720 1127 προσάγει,
2749 1063 2859 1123 τοῖς
2894 1063 3213 1132 μυστηρίοις
3249 1063 3460 1127 διεῖλεν,
3489 1067 3668 1116 ἐκεῖνο

2108 1149 2207 1215 μὲν
2239 1151 2316 1220 τῷ
2363 1151 2463 1220 τῆς
2509 1151 2757 1218 εὐλογίας
2794 1154 2962 1224 ἄρτῳ.
3000 1155 3170 1208 ταῦτα
3195 1155 3250 1208 δὲ
3301 1156 3377 1224 τῷ
3413 1157 3564 1225 μύρῳ
3588 1157 3669 1208 δι-

2103 1238 2248 1300 δούς.
2281 1241 2386 1292 Καὶ
2413 1242 2520 1309 γὰρ
2548 1241 2926 1313 θυσιαστήριον
2958 1246 3054 1313 μέν
3076 1248 3221 1298 ἐστιν
3251 1249 3275 1299 ό
3315 1247 3526 1316 Σωτὴρ,
3564 1251 3663 1300 καὶ

2106 1328 2246 1382 θύων
2271 1329 2358 1383 διὰ
2380 1332 2439 1382 τὸ
2465 1334 2673 1401 χρίσμα
2693 1349 2704 1362 ·
2739 1337 2798 1385 τό
2826 1352 2884 1386 τε
2912 1335 3020 1406 γὰρ
3054 1336 3434 1407 θυσιαστήριον
3457 1339 3665 1391 ἄνωθεν

2103 1421 2246 1473 οὓτω
2273 1422 2566 1476 καθίστατο
2596 1425 2905 1494 χριόμενον,
2949 1429 3060 1490 τοῖς
3085 1445 3142 1479 τε
3170 1429 3374 1498 ίερεῦσι.
3414 1430 3570 1481 τοῦτο
3597 1426 3666 1499 ἦν

2109 1513 2345 1582 ἱερεῦσιν
2405 1510 2543 1566 εἶναι
2597 1517 2655 1566 τὸ
2690 1519 2928 1585 χριστοίς
2972 1514 3131 1580 εἶναι,
3179 1518 3337 1572 θυσία
3370 1521 3424 1572 δὲ
3447 1521 3532 1572 διά
3571 1522 3664 1571 τὸν

2112 1605 2345 1674 σταυρὸν
2369 1609 2458 1660 καὶ
2485 1608 2574 1659 τὸν
2605 1609 2852 1670 θάνατον,
2886 1608 3004 1661 ἀνθ’
3023 1603 3099 1662 ὧν
3129 1609 3268 1679 ὑπὲρ
3289 1611 3387 1680 τῆς
3415 1611 3506 1664 τοῦ
3526 1611 3663 1663 Θ;οῦ

2110 1696 2202 1748 καὶ
2238 1697 2446 1766 Ιιατρὸς
2499 1699 2736 1751 ἀπέθανε
2775 1700 2966 1770 δόξης·
3006 1701 3096 1750 τὸν
3119 1699 3345 1753 θάνατον
3371 1701 3426 1754 δὲ
3458 1717 3665 1767 καταγ-

2106 1788 2366 1856 γέλλομεν
2395 1791 2488 1842 καὶ
2515 1791 2613 1858 τὴν
2675 1792 2911 1860 σφαγὴν,
2943 1793 3159 1852 ὁσάκις,
3209 1793 3362 1861 φησι,
3389 1795 3476 1844 τὶν
3499 1793 3664 1862 ἄρτον

2104 1881 2291 1932 τοῦτον
2319 1880 2590 1949 ἐσθίομεν.
2628 1883 2747 1935 Ἔτι
2781 1883 2837 1936 δὲ
2878 1882 3046 1953 μύρον
3075 1882 3176 1950 μέν
3207 1886 3355 1937 ἐστιν
3378 1887 3404 1935 ό
3430 1886 3662 1953 Χριστὸς

2105 1972 2201 2023 καὶ
2254 1971 2463 2041 χρίσμα
2520 1974 2609 2025 διὰ
2641 1974 2701 2024 τὸ
2738 1973 2959 2043 Πνεῦμα
3011 1975 3071 2025 τὸ
3099 1974 3278 2040 ἅγιον,
3313 1975 3376 2028 δι’
3408 1975 3434 2027 ὃ
3465 1976 3663 2042 δρᾶσαι.

2109 2065 2206 2130 μὲν
2259 2067 2326 2113 τὰ
2364 2061 2634 2132 ἱερώτατα
2674 2065 2892 2116 πάντων
2923 2066 3015 2117 καὶ
3050 2066 3296 2131 ἁγιάσαι,
3327 2066 3660 2134 ἁγιασθῆναι

2103 2156 2159 2207 δὲ
2184 2157 2273 2206 καὶ
2299 2154 2477 2207 ότιοῦν
2510 2155 2704 2208 παθεῖν
2731 2156 2882 2208 οὐδὲν
2915 2153 3050 2225 εἶχε.
3080 2157 3265 2209 Ταῦτα
3283 2157 3339 2210 δὲ
3372 2158 3661 2226 θυσιαστη-

2109 2245 2226 2314 ρίου
2257 2263 2313 2298 τε
2364 2243 2431 2317 ἦν
2467 2248 2562 2300 καὶ
2592 2247 2810 2309 θύοντος
2864 2248 2958 2299 καὶ
2995 2250 3385 2318 προσάγοντος.
3415 2249 3475 2300 οὺ
3499 2265 3667 2315 προσ-

2106 2339 2375 2406 αγομένου
2412 2338 2800 2407 καὶθυομένου
2823 2355 2837 2368 ⁶
2873 2340 2965 2392 καὶ
3011 2340 3118 2409 γὰρ
3154 2339 3338 2392 καὶτὸ
3377 2340 3671 2408 θυσιαστή-

2109 2448 2222 2500 ριον
2249 2432 2494 2498 ἁγιάζειν
2522 2431 2762 2500 λέγεται,
2806 2451 2824 2483 ι
2862 2433 2936 2486 Τὸ
2961 2433 3337 2502 θυσιαστήριον
3362 2434 3488 2499 γάρ,
3508 2436 3664 2501 φησὶ,

2103 2525 2164 2575 τὸ
2195 2522 2424 2590 ἁγίαζον
2464 2524 2522 2576 τὸ
2574 2524 2768 2596 δῶρον,
2807 2541 2825 2576 ι
2859 2525 3022 2593 ἄρτος
3049 2525 3106 2578 δὲ
3140 2525 3236 2593 τῆς
3275 2525 3472 2594 σαρκὸς
3502 2523 3667 2576 ἕνεκα

2104 2615 2201 2682 τῆς
2234 2616 2588 2685 άγιασθείσης
2615 2618 2711 2669 καὶ
2746 2616 3048 2686 θεωθείσης
3079 2617 3171 2670 καὶ
3201 2616 3366 2686 ἄμφω
3391 2616 3581 2679 ταῦτα,
3604 2617 3670 2667 τό

2103 2720 2160 2755 τε
2221 2706 2429 2774 χρίσμα
2469 2705 2771 2775 δεξαμένης
2824 2712 2920 2760 καὶ
2957 2710 3058 2777 τὴν
3104 2708 3337 2776 πληγήν.
3393 2723 3412 2757 ι
3463 2707 3518 2759 '0
3555 2706 3670 2775 γάρ

2103 2796 2290 2864 ἄρτος,
2345 2797 2531 2864 φησὶν,
2569 2797 2627 2849 ὃν
2660 2797 2769 2864 ἐγὼ
2804 2799 2981 2863 δώσω,
3016 2799 3047 2868 ἠ
3085 2798 3220 2868 σάρξ
3255 2799 3354 2867 μού
3406 2800 3571 2857 ἐστιν,
3598 2798 3672 2866 ἢν

2103 2889 2214 2955 ἐγὼ
2243 2887 2398 2942 δώσω
2423 2930 2436 2954 ,
2475 2907 2492 2940 ι
2547 2891 2792 2960 δηλονότι
2827 2891 2971 2944 θύων
3025 2893 3163 2962 ὑπὲρ
3192 2891 3294 2959 τῆς
3327 2889 3421 2943 τοῦ
3456 2890 3671 2958 κόσμου

2105 2977 2268 3046 ζωῆς.
2297 2979 2397 3052 At;
2419 2979 2590 3032 ταῦτα
2618 2983 2955 3050 προσάγεται
2983 2983 3081 3052 μὲν
3105 2984 3178 3046 ὼς
3194 2984 3676 3052 ἄρτος,¹προσάγει

431 3091 615 3132 sortes
647 3079 944 3148 accipiens.
986 3077 1228 3145 Quorum
1264 3088 1446 3150 typum
1496 3080 1664 3136 Jacob
1710 3083 1998 3139 subostcu-

2105 3067 2262 3131 δὲὼς
2297 3069 2490 3140 μύρον,
2539 3072 2633 3124 καὶ
2690 3074 2884 3126 ἑαυτὸν
2913 3074 3012 3143 τὴν
3067 3076 3246 3144 σάρκα
3303 3075 3508 3137 θεώσας
3571 3077 3676 3128 καὶ

430 3170 590 3233 deus,
623 3184 748 3221 eum
781 3169 1015 3238 lapidem
1056 3171 1177 3225 oleo
1214 3173 1485 3238 unxisset,
1525 3172 1755 3229 Domino
1787 3175 2004 3229 dedica-

433 3259 507 3313 \‘il
537 3257 605 3322 ",
639 3261 686 3312 ei
723 3259 978 3328 uugendo
1009 3258 1244 3316 oﬁ'crens
1269 3277 1284 3313 :
1311 3263 1426 3316 sive
1449 3278 1669 3318 carnem
1701 3262 2005 3322 Salvatoris

429 3366 702 3404 summum
735 3351 1060 3420 angularem
1103 3351 1336 3421 lapidem
1380 3354 1688 3417 insinuans,
1732 3368 2002 3423 quatenus

428 3443 725 3496 divinitatis
777 3442 968 3496 eﬁ‘udit
1025 3456 1362 3512 unguentum
1419 3425 1580 3501 verus
1618 3447 1806 3511 Israel,
1850 3464 2004 3504 mens

429 3549 552 3603 qua-
583 3534 696 3588 sola
730 3538 879 3589 novit
907 3535 1147 3603 Patrem;
1183 3537 1296 3590 sive
1328 3552 1447 3603 nos,
1480 3555 1619 3606 quos
1650 3556 1711 3592 ex
1736 3540 2004 3608 lapidibus

428 3621 684 3674 excitat-it
713 3621 852 3676 ﬁlios
878 3624 1127 3689 Abrahaa,
1163 3627 1460 3696 participes
1484 3628 1742 3682 unctione
1769 3628 2001 3684 faciens.

433 3711 670 3781 Spiritus
705 3715 850 3768 enim
886 3727 1109 3770 sanctus
1139 3733 1303 3787 super
1340 3730 1532 3773 unctos
1564 3719 1792 3785 eﬁ‘usus,
1820 3731 1874 3775 ct
1901 3722 2003 3775 alia

430 3803 607 3868 nobis,
634 3813 693 3859 et-
715 3805 950 3874 Spiritus
985 3809 1299 3878 adoptionis
1334 3810 1568 3864 ﬁliorum
1601 3821 1683 3866 est
1711 3827 1724 3864 :
1764 3831 1782 3864 ι
1827 3813 1892 3866 Ει
1925 3824 2006 3867 te-

429 3897 770 3959 stimonium,
811 3899 1008 3968 inquit,
1038 3904 1218 3956 reddit
1247 3904 1460 3972 spiritui
1495 3915 1703 3969 nostro,
1736 3906 1879 3975 quod
1911 3907 2005 3960 ﬁlii

432 3985 520 4037 Itci
562 4001 775 4051 sumus,
811 3992 860 4042 in
894 3992 1150 4046 cordibus
1181 3996 1384 4049 nostris
1422 3997 1691 4059 clamans,
1714 3997 1864 4050 Abba
1900 3996 1999 4050 Pa-

431 4087 512 4124 ter
542 4075 613 4127 ἰ.
657 4094 675 4125 ι
710 4078 788 4128 Ad
835 4078 947 4130 haec
983 4080 1206 4147 prodest
1238 4084 1640 4138 sanctissimum
1669 4094 2002 4154 unguentum

430 4161 740 4218 volentibus
769 4165 820 4217 in
851 4165 1072 4221 Christo
1107 4171 1267 4223 vitam
1304 4172 1542 4243 exigere.

508 4508 547 4538 "
579 4509 750 4564 lCor.
776 4525 854 4575 ιιι,
895 4513 985 4568 26.
1065 4516 1107 4546 ³⁸
1143 4515 1328 4573 Matth.
1376 4535 1530 4589 χχιιι,
1567 4525 1652 4580 l9.

1733 4528 1773 4558 "
1811 4525 1972 4584 Joan.
2008 4547 2082 4599 vr,
2130 4533 2328 4588 53-33.

2105 3162 2253 3229 ἡμᾶς
2309 3162 2598 3230 λαμϐάνων
2632 3163 2724 3215 τοῦ
2759 3165 3056 3235 χρίσματος
3099 3170 3407 3229 κοινωνοὺς,
3440 3161 3514 3219 ὧν
3563 3168 3676 3218 ἰα-

2109 3251 2222 3304 κὼό
2253 3252 2570 3319 ὑποφαίνων
2600 3256 2692 3309 τὸν
2722 3257 2893 3311 τύπον
2943 3257 3108 3328 ἐλαίῳ
3147 3259 3294 3312 λίθον
3316 3259 3539 3328 ἀλείψας
3572 3263 3675 3311 άν-

2105 3346 2270 3415 έθηκε
2319 3347 2396 3416 τῷ
2451 3347 2590 3416 Θεῷ,
2626 3348 2800 3419 τούτῳ
2827 3349 2890 3419 δὴ
2942 3351 3018 3416 τῷ
3046 3357 3230 3420 χρῖσαι
3266 3353 3630 3421 προσαγαγών
3655 3371 3672 3384 ·

2105 3438 2214 3490 εἴτε
2241 3439 2340 3504 τὴν
2367 3441 2544 3508 σάρκα
2565 3443 2659 3492 τοῦ
2689 3443 2942 3513 Σωτῆρος
2965 3444 3056 3496 τὸν
3084 3445 3479 3513 άκρογωνιαίον
3501 3448 3677 3497 αἰνιτ-

2104 3528 2328 3597 τόμενος
2369 3530 2533 3596 λίθον,
2639 3531 2697 3584 τὸ
2746 3533 2842 3602 τῆς
2900 3533 3154 3602 θεότητος
3202 3537 3395 3606 ἐπέχεε
3437 3537 3608 3604 μύρον
3640 3539 3677 3589 ὁ

2104 3619 2356 3688 ἀληθινός
2402 3619 2637 3692 Ἰσραὴλ,
2670 3624 2697 3674 ὁ
2728 3622 2852 3686 νοῦς
2881 3626 2908 3677 ὁ
2941 3625 3104 3694 μόνος
3131 3625 3288 3689 είδὼς
3311 3628 3400 3678 τὸν
3427 3628 3673 3694 Πατέρα,

2106 3711 2214 3764 εἴτε
2247 3715 2417 3782 ἡμᾶς,
2452 3713 2544 3778 οὓς
2594 3716 2658 3767 ἐκ
2708 3717 2816 3772 τῶν
2847 3715 3010 3770 λίθων
3050 3717 3213 3782 αὐτὸς
3269 3719 3472 3787 ἐγείρει
3503 3721 3675 3770 τέκνα

2106 3805 2187 3875 τῷ
2217 3806 2473 3876 Ἀϐραὰμ
2504 3805 2581 3877 τῷ
2616 3807 2942 3876 μεταδοῦναι
2972 3811 3065 3862 τοῦ
3097 3811 3421 3879 χρίσματος.
3458 3811 3530 3862 Τὸ
3559 3813 3675 3880 γὰρ

2110 3897 2334 3967 Πνεῦμα
2366 3900 2427 3951 τὸ
2463 3900 2616 3967 ἅγιον
2647 3903 3002 3972 ἐπιχεόμενον
3026 3905 3336 3973 χριομένοις
3358 3907 3424 3957 τά
3447 3922 3508 3957 τε
3532 3906 3675 3958 ἄλλα

2111 3992 2241 4060 ἡμῖν
2279 3993 2373 4045 καὶ
2410 3993 2626 4062 πνεῦμα
2662 3995 2934 4060 υἱοθεσίας
2966 3999 3086 4051 ἐστὶ
3127 4002 3220 4052 καὶ
3257 4018 3273 4050 ι
3313 4003 3605 4070 μαρτυρεῖ,
3647 4020 3666 4051 ι

2108 4080 2264 4149 φησι,
2287 4099 2306 4131 ι
2331 4080 2408 4150 τῷ
2435 4083 2706 4152 πνεύματι
2738 4087 2917 4154 ἡμῶν,
2943 4089 3024 4139 ὅτι
3056 4090 3219 4160 ἐσμὲν
3245 4091 3406 4144 τέκνα
3427 4091 3584 4154 Θεοῦ,
3612 4099 3672 4143 ὲν

2106 4173 2227 4230 ταῖς
2288 4172 2536 4241 καρδίαις
2591 4174 2746 4244 ἡμῶν
2805 4180 3040 4246 κράζον·
3089 4181 3256 4236 ’Λὸὅᾶ
3307 4187 3334 4234 ό
3393 4185 3600 4252 Πατήρ.
3643 4205 3662 4235 ι

2109 4259 2347 4312 Τοιαῦτα
2381 4263 2568 4330 βοηθεί
2591 4263 2651 4316 τὸ
2683 4264 2958 4320 θειότατον
2995 4271 3168 4343 μύρον
3188 4275 3296 4334 τοῖς
3327 4272 3424 4344 ζῇν
3459 4277 3515 4325 ἐν
3537 4277 3644 4326 Xa:

2111 4353 2220 4423 στῷ
2248 4353 2614 4424 βουλομένοις.

2407 4536 2454 4568 ’⁸
2487 4537 2624 4592 Gen.
2659 4556 2847 4609 xxvut,
2883 4547 2966 4600 l9.
3045 4550 3088 4579 “
3134 4551 3290 4605 Rom.
3328 4568 3448 4617 vni,
3479 4553 3544 4609 15
