3838 6192
166 286 245 350 581

1171 290 1267 348 DE
1313 291 1483 348 VlTA
1523 289 1601 350 IN
1641 291 1975 352 CHRISTO
2011 294 2157 355 LIB.
2217 293 2312 354 IV-

3243 297 3274 355 5

3279 297 3312 357 8

3316 296 3347 356 2

604 601 998 729 ΠΕΡΙ
1074 604 1416 728 ΤΗΣ
1494 604 1700 728 ΕΝ
1756 604 2370 731 ΧΡΙΣΤΩ
2445 603 2888 730 ΖΩΗΣ

1223 842 1585 929 ΛΟΓΟΣ

1675 849 2258 932 ΤΕΤΑΡΤΟΣ.
2329 847 2335 852 ’

964 1015 1098 1066 Τίνα
1134 1016 1492 1066 συντέλειαι-
1525 1012 1677 1080 αὺτξῖ
1711 1013 1962 1068 δίδωσιν
1997 1018 2030 1083 ἡ
2071 1018 2195 1082 ιερὰ
2225 1017 2521 1070 κοινωνία.

934 1270 1129 1392 DE
1193 1270 1580 1396 VITA
1661 1271 1824 1392 IN
1885 1270 2576 1396 CHRISTO

1243 1521 1590 1608 LIBER
1671 1520 2261 1627 QUARTUS.

781 1703 976 1776 Quam
1011 1705 1065 1760 ei
1096 1703 1585 1763 commoditatem
1612 1702 1826 1780 pariat
1877 1711 2279 1762 sacrosancta
2327 1704 2711 1764 Communia.

232 1946 373 1997 Μετὰ
423 1944 478 1996 δὲ
519 1945 578 1994 τὸ
607 1945 775 2013 μύρον
801 1945 889 1994 ἐπὶ
912 1944 1009 2012 τὴν
1032 1944 1308 2016 τράπεζαν
1339 1940 1511 2014 εἶμεν,
1546 1947 1701 1999 τοῦτο
1731 1954 1772 2004 Α

173 2035 250 2100 τῆς
281 2034 420 2100 ζωῆς
448 2033 507 2084 τὸ
553 2036 744 2101 πέρας,
767 2027 828 2087 οὗ
884 2034 1194 2101 γενομένοις
1223 2034 1434 2098 οὐδενὸς
1459 2037 1560 2105 ἤδη
1588 2036 1710 2103 δεή-

177 2139 242 2173 σει
274 2124 403 2190 πρὸς
431 2122 529 2190 τὴν
583 2123 918 2192 ζητουμένην
970 2123 1331 2192 εὐδαιμονίαν.
1366 2126 1560 2178 Οὐκέτι
1606 2129 1712 2195 γὰρ

174 2212 378 2264 Θάνατον
410 2215 500 2264 καὶ
533 2215 700 2280 τάφον
733 2216 828 2266 καὶ
876 2214 1021 2282 ζωῆς
1071 2216 1354 2283 ἀμείνονος
1410 2217 1710 2281 κοινωνίαν,

174 2304 268 2353 ἀλλ’
294 2304 451 2355 αὐτὸν
473 2303 720 2355 ἐντεῦθεν
755 2304 1090 2372 κομιζόμεθα
1118 2305 1210 2356 τὸν
1263 2307 1588 2370 ἀναστάντα,
1622 2308 1714 2359 oo.

173 2391 218 2443 δὲ
243 2393 343 2444 τῶν
376 2393 467 2444 τοῦ
506 2392 822 2460 Πνεῦματος
856 2393 1061 2463 δώρων,
1107 2395 1206 2445 ὅσα
1249 2393 1430 2447 λαϐεῖν
1480 2395 1712 2463 ἔξεστιν,

172 2485 266 2536 ἀλλ’
299 2485 460 2536 αὐτὸν
486 2486 577 2538 τὸν
609 2485 925 2552 εὐεργέτην,
956 2486 1047 2538 τὸν
1081 2485 1217 2538 νεὼν
1267 2488 1448 2546 αὐτὸν,
1479 2481 1522 2554 ᾧ
1549 2491 1653 2550 πᾶς
1688 2491 1716 2542 ὁ

171 2573 262 2624 τῶν
280 2574 517 2642 χαρίτων
548 2573 756 2642 ἵδρυται
785 2574 1002 2636 κύκλος.
1037 2575 1192 2628 Ἔστι
1224 2576 1322 2643 μὲν
1343 2577 1448 2644 γὰρ
1479 2578 1562 2644 ἐφ’
1591 2577 1718 2629 ἐκά-

174 2681 265 2733 στῳ
303 2665 414 2719 τῶν
443 2665 778 2735 μυστηρίων,
815 2667 910 2717 καὶ
939 2665 1124 2719 τοῦτον
1153 2666 1313 2719 αὐτὸν
1363 2669 1454 2719 καὶ
1491 2668 1714 2736 χριόμε-

171 2753 228 2805 θσ
258 2756 352 2807 καὶ
382 2756 648 2825 λούμεθα,
682 2758 775 2808 καὶ
805 2750 956 2818 οὗτος
987 2758 1115 2824 ἡμῖν
1148 2757 1206 2809 τὸ
1235 2757 1444 2809 δεῖπνον
1466 2776 1480 2792 ο
1504 2759 1716 2811 σύνεστι

173 2847 216 2897 ίὲ
243 2851 347 2908 τοῖς
377 2849 748 2916 τελουμένοις,
780 2849 872 2900 καὶ
897 2850 1000 2901 τῶν
1032 2849 1195 2901 αὐτοῦ
1253 2851 1620 2918 μεταδίδωσιν,
1656 2852 1716 2904 οὐ

171 2938 246 2988 τον
270 2940 433 2991 αὐτὸν
465 2941 523 2990 ἐν
549 2939 719 2992 ἅπασι
770 2943 989 3009 τρόπον.
1014 2941 1149 2994 ἀλλὰ
1183 2943 1350 2994 λούων
1376 2941 1475 3010 μὲν
1523 2949 1720 3004 κακίας

172 3031 252 3079 τὸν
278 3031 453 3098 πηλὸν
479 3030 811 3084 ἀπαλλάττει
873 3032 964 3085 καὶ
1027 3034 1124 3102 τὴν
1179 3033 1389 3102 μορφὴν
1449 3033 1719 3103 ἐντίθησιν

171 3124 300 3190 αὐτῷ
331 3125 433 3192 τὴν
465 3123 652 3187 αὐτοῦ,
687 3123 856 3192 χρίων
881 3123 938 3176 δὲ
966 3123 1185 3193 ἐνεργὸν
1216 3127 1448 3177 ποιεῖται
1500 3127 1597 3188 τὰς
1625 3126 1718 3179 τοῦ

106 3244 118 3255 ι
172 3214 474 3285 Πνεῦματος
501 3216 801 3285 ἐνεργείαις,
836 3212 911 3268 ὧν
942 3217 1102 3278 αὐτὸς
1127 3218 1340 3282 ἐγένετο
1371 3219 1466 3286 τῆς
1522 3220 1721 3288 σαρκὸς

1892 1945 2021 1998 Post
2077 1957 2291 1997 sacram
2326 1941 2637 1996 unctionem
2694 1940 2760 1995 ad
2823 1950 3065 1996 sanctam
3126 1957 3372 1998 mensam

1812 2037 2212 2108 progredimur,
2244 2051 2364 2104 qua)
2400 2034 2522 2088 vita:
2555 2033 2738 2103 hujus,
2761 2031 2829 2088 de
2855 2049 2959 2102 qua
2989 2033 3219 2102 agimus,
3251 2034 3373 2088 linis

1811 2145 1872 2182 ac
1903 2135 2039 2180 meta
2091 2136 2224 2192 est;
2282 2141 2444 2195 quam
2495 2141 2620 2178 cum
2676 2124 3037 2191 attigerimus,
3089 2125 3220 2178 nihil
3261 2125 3373 2194 jam

1816 2219 1971 2272 nobis
2001 2218 2064 2271 ad
2097 2217 2379 2286 quaesitam
2421 2225 2472 2268 et
2516 2224 2754 2282 aptatam
2815 2213 3126 2267 felicitatem
3181 2215 3370 2267 deerit.

1815 2309 1929 2362 Non
1964 2308 2198 2376 amplius
2223 2307 2418 2375 quippe
2443 2315 2695 2368 mortem,
2729 2314 2780 2357 et
2811 2304 3146 2372 sepulcrum.
3181 2313 3235 2358 ct
3264 2321 3376 2359 me-

1815 2397 1965 2450 lioris
1998 2397 2120 2448 vita
2147 2395 2618 2455 communitatem,
2670 2393 2766 2447 sed
2804 2393 2985 2460 ipsum
3038 2391 3129 2461 qui
3195 2407 3376 2446 rosur-

1815 2490 1986 2552 rexit;
2013 2502 2186 2557 neque
2207 2486 2470 2540 donorum
2498 2483 2730 2553 Spiritus
2755 2494 3012 2552 quantum
3038 2485 3153 2554 capi
3183 2495 3380 2553 potest,

1815 2583 1906 2633 sed
1940 2581 2115 2643 ipsum
2155 2577 2582 2641 benefactorem,
2638 2579 2896 2646 templum
2933 2580 3134 2646 ipsum,
3185 2581 3235 2632 in
3268 2595 3378 2648 quo

1818 2679 1964 2724 totus
2013 2671 2311 2738 gratiarum
2370 2670 2522 2724 orbis
2562 2670 2700 2722 situs
2725 2680 2830 2734 est,
2884 2670 3009 2724 inde
3059 2671 3379 2739 accipimus.

1820 2764 1910 2816 Est
1938 2763 2080 2815 enim
2114 2762 2167 2814 in
2198 2776 2524 2830 unoquoque
2553 2763 2828 2830 mysterio,
2852 2772 2904 2815 et
2941 2763 2990 2814 in
3019 2764 3157 2816 hunc
3179 2764 3380 2832 ipsum,

1821 2865 1880 2909 ut
1919 2856 1991 2908 ita
2035 2856 2235 2917 dicam,
2271 2855 2526 2920 ttngintnr
2575 2861 2631 2908 et
2673 2852 2946 2907 abluimur
2983 2871 2996 2905 :
3040 2869 3158 2917 seu,
3203 2856 3386 2907 unctio

1819 2954 1871 2999 et
1897 2945 2102 2999 ablutio
2128 2955 2314 2998 nostra
2351 2945 2466 3013 ipse
2498 2951 2600 3010 est,
2633 2951 2684 2996 et
2718 2943 2860 2996 idem
2903 2944 3017 3011 ipse
3050 2944 3206 2996 nobis
3231 2959 3386 2997 οωικι

1820 3047 1928 3092 est.
1962 3037 2129 3091 Adest
2162 3047 2341 3090 autem
2374 3037 2459 3090 his
2486 3037 2577 3105 qui
2615 3035 2927 3098 initiantur,
2965 3051 3172 3103 suaque
3209 3036 3262 3088 in
3291 3050 3390 3089 eos

1832 3130 1941 3182 illis
1991 3144 2216 3182 munera
2265 3127 2501 3192 confert;
2546 3142 2652 3180 non
2706 3142 2837 3179 sane
2886 3127 3072 3181 eodem
3117 3128 3280 3180 modo
3331 3127 3384 3179 in

1825 3233 2040 3283 omnes,
2075 3220 2166 3272 sed
2197 3219 2422 3270 abluens
2449 3217 2617 3269 lutum
2657 3216 2911 3270 vitiorum
2945 3217 3105 3281 tollit,
3139 3232 3191 3270 et
3228 3217 3385 3270 ablu-

170 3305 309 3357 ἕνεκα
341 3307 642 3378 Θησαυρός.
684 3307 930 3361 Ἐπειδὰν
957 3308 1012 3361 δὲ
1038 3310 1129 3361 ἐπὶ
1155 3308 1252 3378 τὴν
1281 3309 1559 3379 τράπεζαν
1583 3313 1714 3379 ἀγά-

1834 3324 1879 3363 to
1926 3309 2152 3363 formam
2211 3324 2364 3363 suam
2403 3309 2650 3379 imponit;
2694 3325 2899 3381 ungcns
2953 3320 3154 3371 autem,
3181 3313 3231 3365 in
3264 3327 3391 3380 ope—

171 3413 230 3466 γῃ
251 3402 343 3451 καὶ
393 3400 478 3469 δῷ
514 3401 709 3468 φαγεῖν
754 3399 848 3451 τοῦ
904 3399 1175 3469 σώματος,
1217 3400 1336 3454 ὅλον
1387 3402 1601 3470 ἀμείϐει
1636 3403 1726 3456 τδν

167 3492 480 3544 τελεσθέντα
510 3493 604 3542 καὶ
639 3491 777 3560 πρδς
808 3491 905 3560 τὴν
935 3491 1142 3543 οἰκείαν
1196 3492 1547 3561 μετατίθησιν
1592 3494 1724 3560 ἕξιν,

167 3583 294 3632 καὶὸ
319 3583 499 3652 πηλὸς
535 3583 717 3634 οὐκέτι
759 3582 948 3653 πηλὸς,
1007 3583 1067 3636 τὸ
1116 3583 1394 3652 βασιλικὸν
1443 3585 1728 3653 δεχόμενος

163 3669 308 3736 εἶδος,
340 3675 469 3726 ἀλλ’
522 3674 687 3736 αὐτὸς
720 3674 820 3744 ἤδη
855 3675 1010 3743 σῶμα
1070 3673 1165 3727 τοῦ
1201 3675 1486 3743 βασιλέως,
1541 3677 1728 3730 τούτου

169 3766 579 3835 μακαριώτερον
634 3766 752 3817 οὐδὲ
814 3766 958 3818 ἐστιν
1009 3767 1402 3837 ἐνθυμηθῆναι.
1451 3770 1548 3822 Διὰ
1605 3771 1727 3823 τοῦ·

164 3871 216 3905 το
238 3858 328 3908 καὶ
365 3857 685 3910 τελευταῖον
712 3857 772 3910 τὸ
824 3859 1137 3927 μυστήριον,
1160 3860 1242 3912 ὅτι
1271 3861 1578 3928 περαιτέρω
1602 3878 1730 3928 προ·

165 3948 324 3999 ελθείν
361 3951 470 4002 οὐκ
505 3950 656 4000 ἔστιν
683 3949 804 4002 οὐδὲ
837 3951 1153 4018 προσθεῖναι
1180 3967 1194 3980 ·
1223 3951 1284 4004 τὸ
1330 3952 1427 4021 μὲν
1451 3953 1557 4022 γὰρ
1585 3954 1736 4022 πρῶ-

164 4054 243 4089 τον
274 4038 438 4108 δῆλόν
473 4041 596 4091 ἐστι
626 4038 720 4091 τοῦ
747 4039 912 4108 μέσου
941 4040 1194 4108 δεόμενον
1221 4041 1312 4094 καὶ
1343 4043 1618 4116 τοῦτοίτοῦ
1652 4062 1738 4096 τε·-

165 4129 428 4184 ὶευταίου.
469 4132 627 4184 Μετὰ
665 4130 722 4182 δὲ
748 4131 845 4199 τὴν
884 4129 1231 4200 εὐχαριστίαν
1295 4134 1394 4186 οὐκ
1447 4134 1592 4186 ἐστιν
1649 4141 1734 4207 ἐφ’

163 4220 188 4271 ὁ
208 4223 526 4290 χωροῦμεν,
557 4221 676 4273 ἀλλ’
706 4222 936 4275 ἐνταῦθα
962 4225 1042 4276 δεῖ
1074 4225 1306 4287 στάντας
1341 4231 1518 4281 ἐκεῖνα
1550 4233 1740 4301 πει-ρᾶ-

167 4313 278 4367 σθαι
322 4319 587 4378 σκοπεῖν,
623 4315 692 4367 δι’
723 4310 798 4368 ὧν
849 4315 915 4370 ἂν
965 4317 1175 4384 γένοιτο
1221 4319 1390 4374 σῶσαι
1421 4322 1511 4375 διὰ
1555 4325 1740 4389 τέλους

166 4404 244 4456 τὸν
279 4407 593 4476 Θησαυρόν.
631 4405 740 4458 Καὶ
763 4410 944 4459 τοίνυν
971 4409 1408 4479 βαπτισαμένους
1441 4415 1500 4464 τὸ
1533 4416 1742 4484 μυστή-

171 4512 270 4560 ριον
299 4498 402 4566 μὲν
437 4498 514 4550 τὰ
541 4497 712 4549 αὐτοῦ
753 4499 899 4565 ἡμᾶς
932 4499 1226 4567 εἰργάσατο
1252 4501 1428 4556 πάντα
1449 4520 1463 4536 ·
1493 4506 1653 4573 ἡμεῖς
1685 4504 1742 4556 δὲ

1829 3399 1980 3453 ribus
2028 3397 2266 3467 Spiritus
2313 3397 2487 3452 'sancti
2522 3410 2807 3453 actuosum
2835 3415 2898 3454 ac
2935 3410 3216 3454 strenuum
3241 3400 3390 3464 facit,

1829 3505 2060 3558 quormn
2100 3491 2213 3558 ipse
2244 3501 2463 3558 prepter
2492 3504 2709 3543 carnem
2762 3491 2935 3543 factus
2963 3499 3044 3545 cst
3080 3492 3392 3544 thesaurus.

1831 3581 2124 3648 Postquam
2164 3595 2290 3633 vero
2338 3581 2608 3634 lnitiatum
2682 3580 2748 3635 ad
2791 3595 3054 3642 mensam,
3093 3582 3157 3634 ad
3195 3595 3390 3649 corpo-

1832 3674 1906 3724 ris
1943 3671 2193 3723 videlicet
2221 3671 2303 3723 sui
2337 3671 2475 3722 dona
2514 3669 2844 3722 comedenda
2879 3668 3189 3732 adduxerit,
3223 3678 3392 3720 totmn

1834 3761 2106 3823 immutat,
2134 3767 2190 3812 et
2223 3759 2278 3812 in
2311 3760 2556 3812 habitum
2603 3775 2760 3812 suum
2804 3759 3090 3824 transfert,
3123 3773 3186 3811 ac
3219 3761 3391 3811 lntmn

1834 3853 1900 3904 de
1931 3858 2129 3903 cmtero
2160 3864 2268 3902 non
2305 3850 2479 3902 lutum
2529 3849 2724 3918 (regali.
2753 3847 3008 3902 nimirum
3067 3849 3238 3917 eﬂigie
3274 3865 3397 3902 sus-

1834 3942 2033 4009 cepta),
2093 3940 2187 3994 sed
2225 3940 2336 4008 jam
2378 3939 2552 4009 ipsius
2585 3938 2728 4006 regis
2754 3953 2951 4006 corpus
2979 3949 3080 4004 est,
3116 3955 3223 4007 quo
3266 3940 3396 3993 bea-

1839 4035 1945 4088 tius
1976 4035 2205 4102 cogitari
2258 4033 2393 4086 nihil
2434 4039 2633 4101 potest.
2685 4031 3054 4096 Qnau'iobrem
3097 4044 3152 4086 et
3198 4042 3398 4102 myste-

1837 4125 2045 4178 riorum
2078 4134 2380 4179 extremum
2423 4132 2527 4185 est,
2569 4124 2833 4192 quoniam
2885 4123 3026 4175 ultra
3065 4137 3170 4175 non
3220 4138 3404 4190 proce-

1839 4220 2030 4272 ditur:
2090 4232 2190 4271 nec
2241 4217 2438 4286 apponi
2485 4218 2780 4286 quidquam
2835 4225 3030 4286 potest.
3058 4216 3277 4270 Clarum
3321 4227 3404 4271 est

1841 4312 2006 4372 cnim,
2048 4307 2282 4377 primum
2320 4323 2476 4376 egere
2521 4309 2722 4372 medio,
2752 4315 2807 4361 et
2840 4309 2965 4373 hoc,
3015 4317 3279 4361 extremo.
3334 4309 3405 4358 At

1844 4415 1968 4453 vero
1997 4410 2116 4466 post
2147 4398 2552 4452 Eucharistium
2588 4399 2733 4452 haud
2789 4409 3037 4466 superest
3083 4412 3190 4472 quo
3223 4398 3407 4450 tenda-

1849 4507 1968 4544 mus
1991 4531 2006 4557 ,
2039 4505 2231 4543 verum
2266 4491 2352 4543 hic
2387 4491 2770 4552 consistentes,
2804 4492 2891 4542 illa
2923 4490 3196 4558 dispicere
3241 4505 3406 4558 Opul'o

167 4587 374 4651 τελείως
417 4589 506 4640 ἐτι
537 4588 732 4654 δέομεν
779 4588 940 4656 ἔχειν.
967 4589 1132 4642 Οὐπω
1165 4592 1271 4659 γὰρ
1324 4593 1390 4644 τὰ
1439 4593 1588 4663 δῶρα
1644 4597 1736 4649 τοῦ

1847 4594 1941 4644 tet.
1987 4599 2080 4653 per
2104 4597 2224 4652 qua!
2257 4583 2573 4636 thesaurum
2599 4584 2662 4633 ad
2691 4583 2848 4635 linem
2884 4597 3056 4649 usque
3083 4597 3408 4636 conservare

169 4676 308 4742 ἁγίου
334 4681 691 4744 Πνεύματος,
727 4678 762 4732 ἃ.
793 4679 884 4731 τοῦ
911 4681 1188 4747 παναγοῦς
1220 4682 1510 4753 ἐξήρτηται
1540 4685 1733 4755 μύρου.

1845 4677 2144 4745 possimus.
2201 4673 2500 4743 Baptizatis
2555 4676 2717 4742 igitur
2789 4675 2944 4727 nobis
3002 4687 3405 4728 sacramentum

170 4764 278 4828 Τοῖς
307 4768 420 4836 γὰρ
461 4768 576 4820 ὑπὸ
609 4766 701 4818 τοῦ
732 4767 996 4820 Φιλίππου
1022 4768 1445 4839 βαπτισαμένοις
1473 4776 1534 4825 οὐ
1566 4791 1734 4841 προσ-

172 4857 228 4924 ῆν
261 4859 478 4912 οὐδέπω
507 4859 571 4910 τὸ
598 4858 818 4924 Πνεῦμα
855 4861 917 4911 τὸ
948 4860 1103 4926 ἅγιον
1149 4862 1256 4915 τῶν
1307 4863 1542 4932 χαρίτων
1581 4866 1738 4918 ἕνεκα

172 4946 388 5011 τούτων,
420 4946 550 4999 ἀλλ’
583 4948 804 5014 ἐδέησεν
837 4947 978 5017 ὑπὲρ
1018 4950 1205 5002 τούτου
1228 4951 1336 5002 τῶν
1378 4953 1620 5006 Ἰωάννου
1650 4958 1740 5007 καὶ

177 5036 367 5106 Πέτρου
395 5041 609 5107 χειρῶν
631 5078 644 5091 .
684 5058 702 5090 ι
732 5037 896 5091 Οὔπω
936 5041 1044 5108 γάρ
1086 5037 1172 5110 ἦν,
1226 5047 1409 5112 φησιν,
1445 5048 1533 5096 ἐπ’
1566 5048 1742 5099 οὐδενὶ

179 5129 342 5182 αὐτῶν
374 5128 794 5193 ὲπιπεπτωκὺς,
827 5130 983 5198 μόνον
1009 5131 1064 5183 δὲ
1120 5133 1539 5200 βεὸατιτισμένοι
1605 5133 1744 5206 ἦσαν

180 5222 244 5280 εἰς
275 5222 334 5273 τὸ
361 5224 543 5291 ὄνομα
570 5221 662 5272 τοῦ
697 5223 900 5291 Κυρίου
946 5223 1142 5292 Ἰησοῦ.
1169 5226 1300 5278 Τότε
1333 5228 1613 5279 ὲπετίΘουν
1644 5231 1744 5290 τὰς

182 5316 350 5383 χεῖρας
388 5316 476 5366 ἐπ’
515 5315 719 5374 αὐτοὺς
761 5316 853 5366 καὶ
887 5316 1190 5385 ἐλάμϐανον
1241 5319 1460 5387 Πνεῦμα
1506 5320 1680 5385 ἅγιον.
1723 5339 1740 5369 ι

186 5405 280 5456 Καὶ
307 5408 505 5458 τούτου
536 5405 600 5456 δὲ
629 5406 878 5473 τυχόντες
909 5409 1002 5460 καὶ
1032 5410 1130 5478 τῆς
1159 5410 1381 5478 τελετῆς
1402 5411 1502 5479 τὴν
1553 5413 1751 5482 ἑαυτῆς

188 5495 401 5569 εὔοσμα
435 5499 495 5550 ὲν
557 5499 690 5566 ἡμῖν
743 5500 1178 5569 ἐπιδειξαμένης,
1212 5503 1309 5570 τὴν
1343 5503 1440 5571 μὲν
1503 5503 1747 5554 δοθεῖσαν

193 5592 364 5657 ἒλουεν
391 5593 584 5661 χάριν,
621 5590 781 5642 τᾶλλα
810 5591 864 5642 δὲ
894 5593 951 5644 οὐ
986 5595 1123 5647 πάνυ
1156 5595 1475 5664 συμϐλίειειν
1535 5596 1744 5663 ἀνάγκη

253 5711 293 5741 ’³
329 5711 455 5762 Act.
488 5720 614 5767 vui,
660 5704 833 5760 16-17.

1847 4769 1978 4821 illud
2017 4781 2138 4836 quae
2168 4767 2331 4820 debet
2361 4775 2580 4834 praistat
2615 4767 2796 4818 omnia
2853 4784 2866 4819 :
2905 4782 3004 4819 nos
3053 4776 3230 4821 tamen
3286 4785 3407 4834 por-

1850 4861 1975 4914 fecti
2015 4859 2255 4911 nondum
2289 4873 2502 4911 sumus.
2536 4858 2786 4910 Nondum
2819 4859 3016 4926 quippe
3062 4859 3200 4912 dona
3235 4861 3405 4913 sancti

1846 4951 2083 5018 Spiritus
2118 4951 2410 5007 habemus.
2447 4964 2567 5016 quze
2621 4964 2650 5001 a
2704 4951 3076 5003 sacratissimo
3134 4965 3412 5018 unguem.»

1847 5045 2100 5112 pendent.
2122 5041 2165 5094 Α
2188 5040 2434 5109 Philippo
2460 5043 2604 5093 enim
2633 5042 2937 5108 baptizalis,
2963 5053 3182 5110 propter
3207 5043 3412 5096 benefi-

1846 5136 1988 5187 cium
2029 5137 2169 5187 istuc
2193 5135 2431 5186 nondum
2452 5132 2684 5200 Spiritus
2711 5145 2930 5186 sam-tus
2954 5137 3291 5200 contigerat;
3321 5134 3412 5185 sed

1849 5227 2071 5292 insuper
2101 5227 2246 5277 Petri
2281 5235 2334 5278 ct
2363 5223 2588 5277 Joannis
2615 5225 2866 5278 manibus
2892 5241 3026 5294 opus
3067 5239 3208 5278 erat.
3240 5223 3421 5276 (Νυμ-

1845 5318 1972 5369 dum
2009 5318 2174 5380 cnim,
2215 5316 2409 5383 inquit,
2439 5313 2676 5381 Spir-itus
2701 5325 2916 5369 sanctus
2967 5318 3015 5368 in
3076 5329 3407 5382 quemquam

1849 5425 2036 5463 eorum
2072 5418 2311 5470 venerat,
2342 5407 2434 5460 sel
2467 5407 2720 5474 baptizati
2749 5417 2956 5459 tantum
3010 5419 3163 5461 erant
3213 5409 3267 5458 in
3307 5423 3405 5458 no-

1858 5501 2002 5554 mine
2037 5500 2244 5553 Domini
2272 5499 2422 5552 Jesu.
2457 5492 2610 5552 Tunc
2638 5499 2986 5566 imponebant
3029 5514 3217 5552 manus
3248 5515 3412 5561 suuer

1859 5595 1999 5659 illos,
2021 5590 2689 5661 etaccipiebantSpiritum
2719 5593 3046 5644 Sdtlt‘llilli“.
3077 5610 3094 5639 ι
3121 5590 3196 5643 ΕΟ
3223 5592 3285 5643 :uJ
3327 5608 3422 5660 p10
