3982 6208
460 295 601 379 εει

1701 255 2007 356 Nicomt
2054 295 2442 356 CABASILE

3610 302 3707 363 5‘34

460 420 516 464 et
550 408 855 469 initiatione
911 422 1066 462 suam
1118 409 1172 461 in
1228 407 1383 462 nobis
1438 409 1690 463 virtutem
1738 418 2037 472 cxserente,

2150 408 2223 478 τῷ
2261 410 2541 479 εὐεργέτῃ,
2567 408 2679 461 ἀλλ’
2703 409 2961 464 ἀδύνατον
2991 411 3177 465 οὐδέν·
3216 412 3360 466 ἐστιν
3397 407 3473 468 ὧν
3521 415 3613 467 καὶ
3637 416 3707 468 διο

463 498 695 567 gratiam
764 496 982 567 quidem
1043 496 1225 549 datam
1281 507 1551 562 tt'ttctnus,
1596 508 1795 552 caatera
1854 509 2034 554 autem

462 589 708 658 praestari
734 604 764 642 a
789 588 1131 643 benefactore
1164 602 1269 642 non
1328 588 1620 642 admodum
1677 606 1901 645 necesse
1934 603 2036 645 est.

465 681 610 736 Fieri
642 681 787 735 enim
831 686 1028 745 potest,
1062 694 1164 733 nos
1195 680 1559 748 quorumdam
1588 696 1778 749 poenas
1806 682 2035 747 debere;

466 787 566 825 nec
602 770 851 837 prohibet
885 769 1210 839 quidquam.
1245 780 1295 824 et
1336 772 1459 825 data
1510 787 1608 826 nos
1660 786 2036 841 corrumpere,

463 872 515 918 et
548 862 707 916 oliicii
740 877 1001 916 numeros
1032 877 1137 915 non
1171 861 1407 931 explere.

533 953 703 1022 Cujus
738 952 812 1006 rei
844 953 998 1006 multi
1028 960 1155 1006 sunt
1184 964 1375 1018 testes,
1426 966 1481 1007 et
1506 954 1807 1012 Corinthiis
1836 957 1886 1011 id
1913 975 2043 1028 apo-

466 1045 623 1100 ειυιῐε
653 1044 949 1099 etiamnum
980 1044 1377 1107 vivis,accidit.
1409 1045 1541 1098 Nam
1575 1063 1639 1100 ex
1676 1049 1758 1101 his
1789 1048 1881 1118 qui
1912 1050 2036 1118 Spi—

472 1138 580 1189 ritu
637 1147 793 1189 erant
842 1135 1004 1203 pleni,
1055 1136 1157 1205 qui
1224 1137 1647 1205 prophetahant,
1695 1140 1788 1207 qui
1837 1140 2038 1208 linguis

472 1226 860 1296 loquebantur,
913 1225 1144 1294 aliisque
1177 1229 1516 1283 ornamentis
1548 1231 1826 1296 conspicui
1859 1242 2035 1295 erant,

470 1326 683 1370 tantum
721 1326 899 1369 tamen
930 1317 1143 1377 aberat,
1182 1325 1240 1368 ut
1288 1332 1517 1385 prorsus
1563 1319 1731 1372 divini
1774 1328 1829 1374 et
1881 1322 2041 1388 spiri-

468 1410 606 1462 tales
632 1415 836 1471 essent,
868 1417 924 1460 ut
958 1406 1182 1468 invidia,
1216 1407 1510 1460 ambitione
1538 1410 1869 1478 importuna.
1907 1427 2038 1465 con-

471 1502 733 1560 tentione,
768 1508 822 1553 et
846 1498 1224 1567 hujuscemodi
1265 1498 1410 1552 vitiis
1443 1499 1775 1555 laborarent.
1813 1501 1877 1554 Et
1919 1503 2033 1555 haec

464 1591 574 1645 illis
600 1588 938 1657 exprobrans
971 1587 1195 1651 Paulus,
1237 1607 1255 1639 (
1292 1590 1483 1643 Adhuc
1535 1594 1803 1656 carnales,
1844 1593 2037 1660 inquit,

2141 518 2243 563 κας
2272 501 2531 570 ὀφείλειν,
2560 504 2657 554 καὶ
2681 502 2833 555 οὐδὲν
2862 502 3060 555 κωλύει
3114 505 3174 556 τό
3205 521 3264 556 τε
3300 506 3599 576 μυστήριον
3627 524 3711 559 τεο

2138 591 2394 660 λεσθῆναι
2442 593 2538 644 καὶ
2565 592 2633 644 τὰ
2678 592 2903 646 δοθέντα
2956 594 3034 664 μὴ
3085 593 3394 665 διαφθεῖραι
3456 597 3549 649 καὶ
3608 596 3716 650 τῶν

2140 682 2368 737 δεόντων
2402 683 2667 748 ἐλλειπεῖς
2703 681 2865 741 εἶναι.

2212 943 2428 995 Τούτων
2453 943 2641 995 πολλοὶ
2677 944 2982 1015 μάρτυρες,
3024 948 3119 999 καὶ
3159 947 3465 1015 Κορινθίοις
3516 947 3572 1001 δὲ
3626 952 3721 1003 ιτι

2138 1033 2245 1086 τῶν
2267 1034 2579 1086 ἀποστόλων
2609 1034 2805 1104 συνέϐη
2831 1051 2844 1065 ·
2877 1035 2986 1088 τῶν
3019 1037 3126 1106 γάρ
3155 1037 3246 1088 τοῦ
3283 1037 3598 1104 [Ῑνεύματος
3618 1041 3717 1104 γέ-

2142 1142 2331 1193 μοντες
2359 1127 2451 1177 καὶ
2485 1125 2944 1195 προφητεύοντες,
2981 1129 3072 1179 καὶ
3112 1127 3384 1194 γλώσσαις
3406 1128 3718 1191 λαλοῦντες,

2141 1217 2238 1269 καὶ
2261 1217 2432 1270 τᾶλλα
2463 1217 2899 1284 ἐπιδεικνύμενοι
2930 1219 3182 1273 τοσοῦτον
3233 1222 3459 1290 ἀπεῖχον
3500 1222 3716 1291 ἀμέλει,

2141 1308 2298 1371 θείως
2350 1307 2607 1374 καθάπαξ
2665 1310 2757 1362 καὶ
2795 1313 3184 1378 πνευματικῶς
3234 1312 3397 1381 ἔχειν,
3439 1312 3579 1366 ὥστε
3641 1313 3719 1384 μὴ

2141 1401 2328 1471 πόρρω
2362 1400 2663 1470 βασκανίας
2704 1404 2796 1454 καὶ
2825 1404 3135 1472 φιλοτιμίας
3188 1405 3420 1475 ἀκαίρου
3460 1406 3557 1459 καὶ
3599 1405 3717 1475 ἐρι-

2138 1494 2226 1553 δος
2278 1493 2370 1545 καὶ
2411 1493 2521 1546 τῶν
2570 1494 2826 1546 τοιούτων
2877 1496 3100 1547 ἑστάναι
3154 1497 3359 1550 κακῶν.
3405 1497 3514 1551 Καὶ
3541 1498 3714 1549 ταῦτα

2140 1586 2322 1647 αὐτοῖς
2353 1586 2643 1655 προφέρων
2684 1589 2712 1639 ό
2748 1586 2980 1652 Παῦλος,
3013 1607 3031 1638 ι
3060 1587 3341 1657 Σαρκικοὶ,
3375 1591 3560 1659 φησὶν,
3594 1590 3718 1642 ἐστὲ

463 1682 621 1744 esus,
684 1688 739 1734 et
797 1680 1097 1733 secundum
1133 1680 1408 1734 hominem
1470 1681 1763 1736 ambulatis
1811 1684 1909 1737 ⁸³.»
1947 1685 2037 1736 At-

2148 1678 2243 1728 καὶ
2274 1680 2413 1729 κατά
2442 1677 2728 1746 ἄνθρωπον
2778 1682 3164 1748 περιπατεῖτε·
3201 1698 3219 1730 ι
3254 1680 3432 1732 καίτοι
3468 1697 3716 1748 πνευμα-

465 1772 559 1839 qui
593 1769 906 1838 spirituales
928 1782 1102 1832 erant,
1134 1772 1277 1839 quod
1306 1772 1375 1825 ad
1404 1784 1609 1842 partem
1641 1775 1879 1844 aliquam
1910 1793 2033 1844 gra-

468 1863 667 1915 tiarum
706 1862 900 1915 attinet
931 1878 947 1927 ;
978 1863 1072 1915 sed
1105 1862 1208 1916 hoc
1240 1864 1318 1917 eis
1359 1868 1425 1918 ad
1470 1881 1686 1919 omnem
1735 1868 2032 1937 nequitiam

466 1972 531 2009 ex
560 1956 743 2008 anima
774 1954 1097 2022 ejiciendam
1130 1955 1356 2010 minime
1392 1956 1711 2013 subiciebat.
1741 1958 1797 2011 ln
1827 1960 2039 2012 Eucha-

467 2047 619 2100 ristia
668 2060 796 2099 vero
825 2045 932 2099 tale
983 2045 1120 2098 nihil
1156 2056 1258 2099 est.
1317 2047 1374 2100 ln
1429 2048 1629 2116 quibus
1687 2050 1832 2104 enim
1883 2052 2038 2118 panis

468 2136 589 2188 vitm
619 2151 683 2188 ca
726 2142 986 2202 operatus
1015 2142 1118 2199 est,
1156 2150 1252 2203 per
1289 2151 1411 2205 quae
1457 2148 1686 2191 mortem
1737 2140 2035 2205 evitarttnt,

467 2238 521 2279 et
549 2240 723 2293 neque
745 2236 1022 2279 ccenantes
1047 2225 1152 2279 ullo
1179 2227 1381 2280 scelere
1409 2228 1655 2282 obstricti
1684 2240 1831 2294 sunt,
1864 2247 2039 2300 neque

470 2318 637 2372 ullum
656 2318 1170 2386 superinduxerunt,
1197 2335 1354 2373 nemo
1380 2323 1513 2376 tales
1543 2326 1894 2379 accusavorit.
1921 2325 2036 2380 Non

469 2411 612 2464 rnim
639 2419 833 2478 potest,
856 2425 963 2464 non
988 2419 1184 2479 potest,
1210 2412 1454 2481 inquam,
1476 2414 1576 2470 hoc
1599 2418 1912 2485 mysterium
1946 2433 2040 2486 per

473 2502 655 2556 omnia
693 2501 930 2571 operari,
963 2512 1017 2557 et
1063 2502 1308 2558 initiatos
1341 2521 1371 2557 a
1424 2508 1793 2576 qualicunque
1845 2512 2041 2576 imper-

476 2595 711 2647 t‘ectione
748 2592 1044 2646 vindicare.
1079 2594 1155 2647 Cu
1178 2610 1201 2646 r
1238 2594 1307 2646 ita
1334 2595 1357 2647 ?
1389 2597 1655 2662 Quoniam
1688 2598 1789 2652 hoc
1818 2600 2041 2669 est'tny-

472 2686 696 2741 sterinm
720 2683 957 2752 operari,
989 2685 1210 2752 quando
1233 2700 1295 2738 co
1318 2685 1536 2741 allectos
1560 2688 1897 2744 nihileorum
1922 2707 2041 2760 quae

466 2775 661 2830 adesse
720 2782 974 2843 possunt,
1041 2775 1264 2833 defecit.
1310 2774 1508 2831 Mensa:
1540 2782 1686 2833 enim
1747 2784 2041 2850 promissio

468 2870 524 2921 in
589 2866 809 2922 Christo
870 2881 992 2931 nos,
1038 2875 1093 2920 et
1158 2866 1212 2920 in
1268 2868 1426 2923 nobis
1468 2868 1742 2924 Christmn
1796 2874 2042 2929 habitare

468 2957 621 3011 facit.
666 2956 757 3010 Ait
796 2956 939 3011 enim
992 2974 1005 3010 :
1043 2954 1129 3009 tln
1159 2972 1244 3011 me
1285 2967 1487 3024 manet,
1538 2970 1592 3014 ct
1621 2977 1719 3031 ego
1751 2963 1892 3019 ineo
1939 2967 2035 3020 ³⁸.»

467 3050 694 3104 Christo
730 3050 781 3102 in
813 3049 972 3103 nobis
1020 3061 1299 3115 manente,
1340 3052 1469 3119 quid
1520 3056 1755 3122 amplius
1793 3058 2036 3127 requira-

468 3140 600 3195 tur?
640 3152 734 3194 aut
786 3140 932 3209 quod
981 3140 1182 3195 bonum
1241 3157 1340 3195 nos
1380 3142 1659 3212 cll'ugiat?
1714 3146 1771 3200 ln
1821 3148 2038 3205 Christo

470 3244 751 3287 manentes
779 3231 909 3300 quid
950 3231 1097 3286 aliud
1131 3233 1604 3289 desiliet-abimus?
1638 3236 1731 3292 lite
1762 3239 2038 3296 habitator

468 3336 674 3387 noster,
707 3334 761 3379 et
786 3324 900 3393 ipse
931 3324 1194 3379 habitatio
1244 3335 1428 3380 nostra
1452 3339 1556 3382 est.
1597 3326 1641 3384 0
1671 3346 1771 3385 nos
1811 3331 1900 3385 tali
1951 3334 2039 3387 ha-

472 3418 737 3471 bitatione
768 3416 962 3470 beatos
993 3430 1008 3467 :
1040 3424 1094 3469 et
1128 3416 1313 3469 beatos
1344 3416 1559 3482 iterum,
1596 3425 1723 3487 quia
1766 3420 2033 3489 ejusmoii

468 3508 665 3562 domus
698 3506 888 3561 incolae
912 3505 1035 3559 t'acti
1057 3521 1275 3561 sumus.
1306 3506 1427 3571 Quo
1450 3525 1681 3578 namque
1711 3512 1855 3565 bono
1879 3530 2038 3583 egere

469 3607 726 3666 poterunt
755 3598 835 3651 sic
861 3596 1039 3650 atl‘ecti
1074 3605 1127 3650 et
1163 3598 1493 3650 constituti?
1548 3596 1689 3664 Quid
1730 3602 2030 3665 vitiositati.

471 3700 525 3744 et
579 3690 634 3743 in
687 3696 836 3743 tanta
894 3688 1166 3741 charitate
1208 3689 1553 3744 versantibus
1594 3706 1882 3748 commune
1924 3698 2037 3750 sit?

470 3784 610 3851 Quid
655 3783 870 3837 tandem
943 3781 1073 3835 mali
1147 3790 1299 3836 tanto
1359 3782 1625 3838 bonorum
1695 3788 1914 3842 eiunnlo
1980 3805 2038 3844 se

469 3877 740 3948 opponat?
782 3874 923 3940 Quid
962 3873 1104 3927 cnim
1162 3874 1245 3928 vel
1293 3892 1533 3945 praesens
1598 3879 1913 3940 Subsistere.
1954 3882 2037 3935 vel

473 3972 672 4024 absens
698 3969 954 4037 ingruere
981 3975 1168 4034 queat,
1197 3969 1416 4035 quando
1437 3968 1690 4029 Christus
1712 3972 1847 4025 adeo
1883 3971 2041 4025 fami-

476 4062 681 4114 liariter
706 4059 992 4113 nobiscum
1024 4067 1128 4121 est,
1156 4066 1210 4111 et
1244 4073 1345 4111 nos
1381 4068 1525 4113 totos
1560 4069 1824 4126 penetrat,
1856 4062 2037 4115 ninnia

472 4151 733 4205 interiora
777 4149 1041 4219 possidet,
1072 4156 1127 4202 et
1156 4162 1257 4201 nos
1304 4147 1475 4217 cingit
1503 4164 1566 4202 ac
1593 4150 1867 4219 protegit?
1902 4151 2035 4204 Nam

472 4243 576 4297 tela
604 4242 947 4296 extrinsecus
985 4238 1189 4306 jactata
1259 4254 1325 4291 ne
1367 4240 1417 4290 in
1467 4254 1567 4291 nos
1629 4239 1870 4296 incidant
1910 4257 2037 4312 pro-

2135 1771 2275 1820 τικοὶ
2318 1764 2479 1839 ἦσαν,
2521 1771 2581 1822 τό
2632 1787 2694 1838 γε
2746 1771 2856 1823 τῶν
2898 1773 3136 1843 χαρίτων
3182 1774 3368 1842 μέρος,
3400 1772 3514 1825 ἀλλ’
3565 1775 3717 1827 οὐδὲν

2136 1863 2366 1931 ἤρκεσεν
2401 1863 2581 1924 αὐτοῖς
2620 1863 2754 1931 πρὸς
2788 1863 2847 1914 τὸ
2874 1866 2980 1916 πᾶν
3006 1863 3209 1931 φαῦλον
3245 1865 3350 1916 ἀπὸ
3397 1864 3495 1932 τῆς
3538 1863 3719 1933 ψυχῆς

2138 1954 2407 2008 ἐκϐαλεῖν.
2446 1954 2569 2005 Ἐπὶ
2597 1954 2651 2006 δὲ
2685 1958 2781 2023 τῆς
2810 1954 3169 2023 Εὐχαριστίας
3192 1955 3394 2007 τούτων
3417 1955 3569 2008 οἰδέν
3587 1971 3603 1987 ·
3634 1949 3719 2019 οἷς

2136 2046 2245 2113 γὰρ
2271 2048 2296 2097 ὁ
2318 2046 2413 2115 τῆς
2448 2043 2592 2113 ζωῆς
2616 2044 2779 2113 ἄρτος
2823 2045 3045 2115 ἐνεργὸς
3095 2045 3336 2113 ἐγένετο,
3357 2045 3423 2098 δι’
3453 2039 3529 2100 ὧν
3577 2048 3710 2115 ἐφυ-

2137 2137 2366 2201 λὰξαντο
2394 2136 2485 2189 τὸν
2516 2137 2763 2199 Θάνατον,
2792 2138 2885 2189 καὶ
2908 2138 3031 2190 οὔτε
3082 2138 3425 2202 δειπνοῦντες
3470 2140 3715 2207 πονηρὸν

2138 2227 2290 2280 οὐδὲν
2322 2223 2488 2295 εἶχον,
2510 2226 2622 2279 οὔτ’
2654 2228 3040 2297 ἐπεισήγαγον.
3066 2230 3165 2281 οὐκ
3187 2229 3250 2281 ἄν
3280 2246 3363 2291 τις
3383 2229 3532 2282 οὐδὲν
3553 2231 3720 2297 ἐγκα-

2137 2321 2291 2373 λέσαι
2320 2319 2579 2373 τοιοῦτον.
2613 2322 2686 2372 Ού
2714 2321 2822 2390 γὰρ
2855 2320 3021 2388 ἔστιν,
3057 2321 3157 2375 οὐκ
3183 2321 3320 2389 ἔστι,
3348 2323 3444 2393 τὴν
3492 2322 3723 2393 τελετὴν

2140 2412 2363 2483 ἐνεργὸν
2418 2412 2767 2464 παντάπασιν
2823 2408 2963 2464 εἶναι
3017 2413 3113 2464 καὶ
3165 2416 3277 2475 τοῖς
3337 2415 3723 2485 μεμνημένοις

2141 2503 2456 2573 ἡστινοσοῦν
2492 2505 2732 2571 μετεῖναι
2787 2502 3151 2571 φαυλότητος·
3180 2503 3268 2556 διὰ
3298 2505 3526 2569 τί;”οτι
3551 2503 3720 2557 τοῦτό

2141 2596 2256 2646 ἐστι
2287 2593 2385 2665 τὴν
2415 2593 2634 2663 τελετὴν
2665 2592 2887 2663 ἐνεργὸν
2913 2590 3078 2657 εἶναι,
3118 2594 3176 2645 τὸ
3202 2594 3328 2656 τοὺς
3356 2595 3720 2664 τελουμένους

2140 2686 2352 2748 οὐδενὸς
2380 2685 2491 2737 τῶν
2522 2686 2859 2754 γιγνομένων
2889 2685 3174 2739 ἐλλείπειν.
3211 2686 3284 2738 Ἣ
3323 2687 3429 2754 γὰρ
3460 2688 3557 2756 τῆς
3578 2705 3715 2757 τρα·

2141 2778 2310 2847 πέζης
2344 2778 2642 2845 ἐπαγγελία
2672 2777 2748 2846 τῷ
2782 2777 3003 2847 Χριστῷ
3030 2778 3127 2845 μὲν
3157 2779 3327 2848 ἡμᾶς,
3358 2780 3490 2848 ἡμῖν
3511 2778 3565 2831 δέ
3618 2778 3723 2831 τὶν

2143 2872 2376 2941 Χριστὸν
2427 2870 2702 2933 ὲνοικίζει.
2744 2888 2761 2921 ι
2804 2872 2892 2923 Ἐν
2946 2870 3071 2939 ἐμοὶ
3155 2871 3287 2938 γὰρ,
3333 2869 3488 2941 φησὶ,
3534 2870 3721 2939 μένει,

2147 2961 2303 3025 κάγὼ
2329 2962 2386 3011 ἐν
2413 2959 2561 3029 αὑτῷ
2580 2976 2594 2989 ·
2625 2980 2644 3012 ι
2685 2959 2780 3012 τοῦ
2803 2960 3036 3027 Χριστοῦ
3084 2960 3141 3014 δὲ
3172 2962 3229 3012 ἐν
3288 2963 3420 3029 ἡμῖν
3461 2962 3722 3032 μένοντος

2144 3055 2285 3114 τινος
2315 3050 2396 3103 ἔτι
2423 3051 2625 3119 δεήσει,
2652 3052 2705 3103 τί
2730 3051 2772 3105 δ’
2808 3053 2873 3105 ἂν
2904 3052 3014 3106 τῶν
3045 3055 3267 3120 ἀγαθῶν
3296 3055 3576 3124 διαφύγοις
3616 3056 3717 3110 Ἑν

2139 3147 2216 3212 τῷ
2251 3142 2470 3212 Χριστῷ
2499 3144 2555 3196 δὲ
2588 3144 2836 3211 μένοντες
2867 3145 3011 3208 τίνος
3036 3146 3450 3217 ἐπιθυμήσομεν
3504 3146 3668 3201 ἄλλου
3697 3165 3717 3213 ;

2140 3237 2232 3289 καὶ
2271 3234 2475 3297 ἕνοικός
2503 3235 2651 3287 ἐστιν
2685 3237 2818 3305 ἡμῖν
2846 3236 2940 3288 καὶ
2976 3237 3145 3300 οἰκία,
3176 3238 3252 3300 ὡς
3292 3239 3552 3309 μακάριοι
3610 3240 3723 3307 μὲν

2138 3328 2237 3395 τῆς
2314 3329 2509 3391 οἰκίας,
2563 3328 2826 3397 μακάριοι
2880 3328 2937 3381 δὲ
2971 3329 3052 3382 ὅτι
3116 3329 3340 3399 τοιούτῳ
3413 3331 3725 3400 γεγόναμεν

2138 3420 2304 3473 οἰκία.
2338 3420 2403 3471 Τί
2437 3421 2546 3489 γὰρ
2583 3420 2692 3471 τῶν
2722 3420 2943 3485 ἀγαθῶν
2993 3422 3055 3473 οὐ
3120 3423 3354 3492 πάρεστι
3411 3425 3523 3477 τοῖς
3571 3422 3725 3475 οῦτω

2136 3511 2462 3576 διατεθεῖσι;
2523 3512 2575 3563 τί
2601 3512 2777 3564 κοινὸν
2815 3512 2903 3564 καὶ
2942 3513 3239 3582 φαυλότητι
3310 3518 3421 3577 τοῖς
3477 3514 3723 3567 ἐνταῦθα.

2138 3604 2450 3675 γενομένοις
2494 3604 2880 3675 λαμπρότητος
2906 3621 2921 3668 ;
2953 3604 3006 3656 τί
3047 3606 3164 3657 ποτ’
3190 3606 3257 3658 ἂν
3281 3607 3438 3676 σταίη
3480 3608 3726 3677 πονηρὸν

2140 3697 2274 3767 πρὸς
2312 3694 2565 3748 τοσοῦτον
2593 3693 2768 3759 σωρὸν
2800 3693 3054 3760 ἀγαθῶν;
3086 3694 3137 3746 τί
3172 3694 3270 3764 μὲν
3298 3694 3470 3765 παρὸν
3508 3695 3724 3748 δύναιτ’

2141 3790 2207 3841 ἂν
2248 3788 2452 3857 μένειν,
2481 3785 2614 3837 τίδὲ
2645 3783 2783 3838 ἀπὸν
2841 3783 3059 3853 ἰσχύσαι
3116 3788 3505 3854 προσαγαγεῖν,
3531 3786 3659 3838 ὅταν
3690 3788 3725 3838 ὁ

2139 3877 2369 3947 Χριστὸς
2394 3875 2565 3938 οὕτως
2594 3875 2841 3945 ἀκριϐῶς
2869 3877 2998 3943 ἡμῖν
3025 3878 3155 3945 συνῇ
3183 3875 3276 3928 καὶ
3303 3877 3372 3929 δι’
3393 3859 3527 3929 ὅλων
3553 3876 3725 3946 ἡμῶν

2140 3972 2289 4039 χωρῇ
2320 3969 2412 4021 καὶ
2443 3968 2628 4021 τᾶνδον
2673 3972 2848 4019 παντά
2888 3969 3136 4037 κατέχων
3167 3970 3258 4022 καὶ
3284 3972 3413 4039 περὶ
3460 3970 3604 4038 ἡμᾶς
3701 4012 3722 4034 ,

2140 4063 2223 4113 Τὰ
2254 4060 2350 4129 μὲν
2382 4062 2491 4129 γὰρ
2540 4059 2740 4122 ἔξωθεν
2786 4060 3007 4112 ἐπιόντα
3064 4059 3193 4131 βέλη
3256 4058 3453 4112 κωλύει
3515 4060 3722 4128 ψαύειν

2141 4151 2295 4219 ἡμῶν
2323 4150 2660 4219 πανταχόθεν
2698 4148 3164 4219 προϐεϐλημένος,
3199 4150 3351 4203 οἰκία
3376 4150 3484 4218 γάρ
3529 4152 3676 4202 ἐστιν
3699 4166 3719 4181 ·

2139 4238 2270 4291 εἴτι
2306 4238 2351 4289 δ’
2383 4238 2532 4290 ἐστιν
2565 4237 2783 4305 (ἔνδον)
2808 4236 3031 4305 φαῦλον,
3057 4237 3417 4307 διωθούμενος
3465 4236 3725 4290 ἀπελαύο

474 4332 642 4395 hibet,
679 4330 1041 4395 undecunque
1089 4340 1149 4380 se
1198 4326 1496 4393 ohjiciens:
1549 4338 1634 4381 est
1660 4331 1804 4384 enim
1834 4333 2037 4401 domus,

2158 4351 2256 4398 νει,
2300 4332 2507 4391 ἐνοικος
2533 4330 2639 4399 γάρ
2668 4331 2783 4383 ἐστι
2813 4330 2991 4382 πᾶσαν
3022 4328 3215 4383 ἑαυτοῦ
3248 4329 3472 4401 πληρῶν
3510 4329 3608 4397 τὴν
3633 4331 3724 4382 οῖ-

470 4434 526 4477 et
577 4424 621 4478 si
655 4422 789 4492 quid
829 4421 975 4475 intus
1000 4420 1253 4475 vitiosum
1303 4431 1407 4486 est,
1459 4420 1660 4489 disjicit
1696 4433 1751 4477 et
1781 4426 2041 4492 expellit;

471 4526 555 4570 est
583 4516 729 4577 enim
764 4516 964 4576 incola.
1033 4524 1088 4570 et
1152 4515 1374 4570 domum
1422 4530 1577 4570 suam
1629 4524 1795 4570 totam
1834 4516 2039 4586 implet.

475 4607 594 4659 Non
616 4606 759 4659 enim
790 4604 997 4673 aliquid
1025 4604 1164 4673 ejus,
1197 4604 1292 4659 sed
1321 4620 1445 4658 eum
1474 4605 1650 4673 ipsum
1675 4606 2038 4671 continemus,

474 4713 575 4753 nec
606 4696 814 4751 radium
846 4698 1079 4765 aliquem
1130 4710 1195 4750 ac
1250 4694 1453 4760 lumen,
1506 4694 1601 4751 sed
1636 4695 1807 4751 solem
1859 4697 2039 4767 ipsum

478 4792 531 4844 in
564 4790 776 4844 animas
828 4789 1144 4858 recipimus,
1186 4799 1245 4843 ut
1300 4788 1665 4844 inhabitemus
1693 4798 1746 4845 et
1771 4788 2040 4846 inhabite-

480 4896 621 4944 ntur,
660 4892 719 4933 ut
761 4880 1050 4933 induantur
1074 4888 1128 4932 et
1161 4877 1450 4932 induantus
1488 4887 1542 4932 et
1585 4882 2035 4946 permisceantur,

476 4983 533 5028 et
565 4989 708 5026 unus
737 4971 963 5042 spiritus
993 4987 1116 5023 cum
1143 4986 1208 5023 eo
1243 4969 1559 5023 evadamus.
1592 4968 1804 5024 Etenim
1856 4970 2039 5025 anima

480 5076 534 5120 ct
573 5081 795 5131 corpus,
824 5075 875 5119 et
911 5064 1197 5119 facultates
1230 5078 1422 5118 omnes
1461 5073 1683 5132 repente
1728 5063 2042 5133 spirituales

489 5156 787 5217 exsistunt,
819 5155 1078 5223 quoniam
1105 5155 1284 5208 anima
1329 5153 1547 5216 animae,
1586 5168 1784 5223 corpus
1803 5154 2040 5223 corpori,

476 5260 529 5304 et
562 5249 784 5316 sanguis
814 5246 1061 5313 sanguini
1090 5243 1368 5299 coalescit.
1408 5244 1547 5309 Quid
1571 5243 1738 5298 inde?
1772 5252 2035 5313 praestan-

476 5343 615 5394 tiora
649 5337 947 5408 prau'alent
982 5335 1387 5399 humilioribus,
1424 5348 1477 5389 et
1508 5350 1536 5387 a
1567 5333 1767 5388 divinis
1796 5335 2033 5387 humana

473 5440 831 5500 superantur,
918 5427 1171 5496 quodque
1240 5425 1306 5480 de
1359 5425 1762 5484 resurrectione
1829 5422 2032 5479 Paulus

2151 4429 2297 4483 κίαν.
2329 4426 2404 4478 Οὐ
2469 4428 2577 4495 γάρ
2611 4443 2662 4477 τι
2684 4425 2793 4477 τῶν
2819 4425 3008 4489 αὑτοῦ,
3037 4423 3156 4477 ἀλλ’
3203 4424 3365 4477 αὑτὸν
3395 4425 3721 4495 μετέχομεν,

2147 4517 2269 4570 οῦδὲ
2299 4517 2495 4570 ἀκτῖνά
2526 4533 2647 4569 τινα
2678 4519 2771 4569 καὶ
2806 4516 2941 4585 φῶς,
2996 4515 3131 4570 ἀλλά
3185 4518 3277 4569 τὶν
3315 4517 3496 4570 δίσκον
3552 4517 3725 4570 αὐτὸν

2147 4609 2265 4671 ταῖς
2294 4605 2495 4676 ψυχαῖς
2522 4605 2812 4675 δεχόμεθα,
2840 4605 2983 4657 ὥστε
3013 4607 3107 4660 καὶ
3133 4605 3353 4673 οἰκῆσαι
3402 4607 3494 4658 καὶ
3552 4607 3728 4657 εἰσοι-

2148 4698 2402 4752 κίσασθαι
2456 4701 2551 4751 καὶ
2586 4696 2644 4749 ἓν
2683 4696 2899 4765 πνεῦμα
2924 4697 3196 4765 γενέσθαι.
3242 4699 3361 4751 Καὶ.
3398 4698 3504 4768 γὰρ
3565 4697 3721 4769 ψυχὴ

2149 4788 2427 4857 καὶσῶμα
2468 4787 2562 4839 καὶ
2595 4786 2766 4840 πᾶσαι
2814 4787 3076 4857 δυνάμεις
3105 4788 3301 4841 αὐτίκα
3348 4791 3718 4859 πνευματικὰ,

2146 4883 2228 4934 ὅτι
2265 4879 2411 4949 ψυχὴ
2446 4879 2543 4949 μὲν
2570 4878 2736 4949 ψυχῇ.
2774 4877 2934 4949 σῶμα
2965 4877 3023 4931 δὲ
3061 4878 3294 4947 σώματι,
3328 4880 3420 4933 καὶ
3456 4874 3593 4947 αἷμα
3623 4880 3719 4933 αἴ-

2151 4989 2281 5042 ματι
2338 4971 2634 5040 μίγνυται·
2663 4969 2755 5023 καὶ
2813 4968 2865 5021 τι
2927 4970 2989 5021 τὸ
3048 4967 3332 5035 ἐντεῦθεν;
3401 4969 3470 5022 τά
3518 4969 3721 5038 βελτίω

2149 5063 2383 5133 κρείττω
2413 5060 2522 5113 τῶν
2556 5059 2853 5113 ἐλαττόνων
2881 5059 2978 5114 καὶ
3007 5061 3076 5112 τὰ
3125 5059 3245 5113 θεῖα
3287 5060 3395 5114 τῶν
3440 5060 3719 5131 ἀνθρωπί-

2150 5172 2257 5207 νων
2310 5153 2636 5221 ἐπικρατεῖ·
2670 5151 2761 5204 καί
2797 5152 2825 5205 ὅ
2863 5168 2995 5221 φησι
3039 5154 3166 5221 περὶ
3221 5154 3315 5216 τῆς
3366 5154 3719 5217 ἀναστάσεως

2152 5243 2380 5303 Παῦλος.
2416 5261 2434 5293 ι
2464 5243 2536 5294 Τὸ
2598 5241 2791 5312 θνητὸν
2828 5243 2935 5296 ὑπὸ
2986 5243 3083 5313 τῆς
3130 5244 3275 5313 ζωῆς
3297 5246 3709 5307 unxive-rat,»

2144 5335 2202 5386 τὸ
2239 5333 2292 5386 δὲ
2328 5333 2481 5403 ἑξῆς·
2514 5354 2531 5384 ι
2559 5334 2647 5387 Ζῶ
2673 5333 2733 5387 δὲ
2761 5334 2943 5386 οὐκέτι
2977 5338 3107 5404 ἐγὼ,
3135 5337 3289 5407 φησὶ,
3328 5336 3393 5408 ζῇ
3420 5337 3474 5390 δέ
3499 5338 3557 5389 ἐν
3584 5338 3715 5407 ἐμοὶ

2141 5424 2396 5492 Χριστός.
2429 5443 2447 5475 ι

469 5526 717 5597 scripsit:
746 5540 765 5574 ι
791 5522 1011 5577 Mortale
1024 5521 1391 5575 absorbetura
1410 5520 1518 5575 vita
1534 5521 1600 5573 “.
1627 5538 1645 5570 ›
1675 5519 1747 5575 De
1772 5531 2003 5575 caetero:
2033 5539 2049 5571 ι
2075 5519 2207 5576 Vivo
2228 5520 2341 5589 jam
2367 5534 2473 5573 non
2492 5535 2616 5590 ego.
2637 5521 2832 5592 inquit,
2857 5521 2990 5580 vivit
3008 5538 3134 5577 vero
3156 5524 3206 5578 in
3233 5539 3318 5579 me
3332 5523 3581 5580 Christus
3600 5524 3701 5577 ".n

544 5704 589 5734 "
619 5703 637 5755 ι
675 5704 797 5757 Cor.
825 5716 906 5766 tu,
939 5699 989 5755 5.
1066 5700 1111 5730 ⁸·
1143 5697 1299 5753 Joan.
1327 5714 1400 5762 vr,
1430 5698 1517 5751 57.
1594 5698 1638 5729 "
1668 5698 1707 5750 ll
1750 5698 1873 5751 Cor.
1918 5714 1964 5761 v,
1994 5699 2041 5751 4.
2120 5700 2164 5732 ¹⁶
2200 5698 2375 5753 Calat.
2417 5715 2476 5763 tt,
2500 5700 2589 5753 20.
