3982 6208
307 278 415 345 585

1336 287 1433 347 DE
1475 285 1764 348 VITAVIN
1793 286 2125 347 CHRISTO
2164 287 2310 351 LIB.
2361 288 2461 350 IV.

3436 288 3548 352 ’586

379 397 443 450 Ὢ
496 396 589 451 τοῦ
668 398 933 469 μεγέθους
984 399 1094 453 τῶν
1174 401 1527 471 μυστηρίωνί
1585 396 1709 454 Οἷον
1765 401 1871 470 γάρ

2044 400 2088 455 Ο
2119 402 2502 472 mysteriorum
2531 400 2981 470 magnitudinem!
3009 402 3281 468 Quantum
3299 412 3381 457 est
3399 407 3544 461 enim

308 492 426 544 ἔστι
478 490 569 543 τὸν
628 492 723 546 τοῦ
781 494 1018 562 Χριστοῦ
1084 493 1208 548 νοῦν
1258 494 1337 562 τῷ
1364 494 1618 565 ἡμετέρῳ
1677 494 1878 563 συμμί-

308 583 396 649 ξαι
431 582 532 651 νῷ,
572 585 667 636 καὶ
724 584 941 654 θελήσει
970 585 1187 648 θέλησιν
1210 586 1424 657 ἐκείνην
1455 588 1546 640 καὶ
1578 586 1736 655 σῶμα
1775 586 1879 639 σῶ-

308 692 440 743 ματι
474 676 570 727 καὶ
607 674 745 743 αἷμα
772 677 962 747 αἵματι
994 679 1358 748 κερασθῆναι’
1389 672 1500 741 οἷος
1563 677 1663 746 μὲν
1701 680 1727 730 ὁ
1750 677 1874 739 νοῦς

307 767 439 833 ἡμῖν
471 766 565 820 τοῦ
591 766 735 819 θείου
773 770 1291 839 κατακρατήσαντος
1320 770 1432 835 νοῦ,
1465 768 1556 823 οἶα
1609 770 1665 823 δὲ
1701 770 1728 839 ἡ
1790 768 1878 821 θέ-

305 858 462 925 λησις
500 857 597 926 τῆς
629 858 905 926 μακαρίας
932 860 1209 929 θελήσεως
1255 859 1713 929 περιγενομένης,
1766 852 1878 922 οἷος

304 947 359 998 δὲ
395 946 526 1015 χοῦς
582 946 677 1000 τοῦ
714 948 884 1017 πυρὸς
935 950 1428 1020 ὑπερνενικηκότος
1486 950 1730 1002 ὲκείνουί
1773 949 1879 1002 Καὶ

309 1038 414 1107 μὴν
447 1038 532 1091 ὅτι
577 1038 748 1092 ταῦτα
787 1038 932 1093 οὕτω
990 1042 1278 1109 συμϐαίνει
1340 1041 1583 1094 δείκνυσι
1647 1041 1877 1105 Παῦλος,

308 1128 430 1181 οὔτε
466 1129 593 1181 νοῦν
616 1131 776 1193 αὐτὸς
808 1129 952 1200 ἔχειν
989 1130 1079 1185 τὸν
1103 1130 1303 1185 ἑαυτοῦ
1351 1132 1477 1185 οὕτε
1508 1132 1723 1202 θέλησιν
1781 1132 1882 1201 φά-

310 1237 455 1274 σκων
478 1221 603 1275 οὔτε
637 1222 805 1293 ζωὴν,
834 1223 967 1279 ἀλλὰ
1008 1225 1185 1278 πάντα
1230 1222 1402 1278 ταῦτα
1425 1224 1575 1294 αὐτῷ
1625 1224 1879 1293 γενέσθαι

307 1312 566 1381 Χριστόν
595 1314 688 1366 καὶ
759 1314 889 1384 γὰρ,
944 1334 962 1365 ι
986 1316 1129 1367 Νοῦν
1165 1315 1402 1384 Χριστοῦ
1467 1316 1685 1386 ἔχομεν,
1712 1334 1729 1367 ι
1765 1317 1878 1380 καὶ,

316 1404 611 1474 (Δοκιμὴν
665 1405 901 1473 ζητεῖτε,
961 1406 1117 1474 φησὶ,
1183 1406 1277 1459 τοῦ
1316 1408 1373 1459 ὲν
1426 1408 1550 1476 ἐμοὶ
1597 1407 1884 1470 λαλοῦντος

308 1495 351 1545 Χ
368 1493 578 1561 ριστοῦ,
594 1517 611 1547 ο
653 1498 770 1557 καὶ,
797 1476 1222 1567 «Δοκῶῐινεῦμα
1239 1497 1371 1551 Θεοῦ
1391 1498 1557 1567 ἔχειν.
1586 1518 1603 1551 ι
1628 1500 1740 1565 καὶ,
1763 1500 1884 1553 «Φι-

307 1584 385 1636 λῶ
417 1587 561 1654 ὑμᾶς
595 1588 651 1637 ὲν
688 1588 978 1654 σπλάγνοις
1020 1589 1194 1658 Ἰησοῦ
1226 1591 1485 1659 Χριστοῦο
1520 1590 1694 1644 vase»
1725 1591 1883 1658 δῆλος

307 1673 373 1745 ἦν
404 1678 505 1747 τὴν
537 1678 702 1748 αὐτὴν
733 1680 926 1749 ἐκείνῳ
954 1681 1168 1750 θέλησιν
1206 1680 1343 1752 ἔχων
1363 1699 1377 1715 ο
1410 1684 1504 1735 καὶ
1525 1682 1700 1736 πάντα
1758 1698 1884 1734 συν-

1982 491 2186 547 Christi
2219 503 2455 548 mentem
2488 508 2552 547 ac
2581 507 2805 549 sensum
2851 506 3051 549 nostra:
3083 495 3251 550 menti
3282 498 3547 565 copulari,

1982 593 2036 637 et
2084 583 2345 638 voluntati
2396 593 2598 639 nostrae
2648 585 2796 639 illius
2854 587 3211 649 voluntatem,
3248 596 3301 642 et
3348 604 3550 658 corpus

1980 670 2124 724 illius
2146 680 2337 727 nostro
2358 671 2572 739 corpori
2605 672 2892 726 admisceri
2915 674 2926 725 ί
2950 672 3135 738 Qualis
3154 685 3339 729 nostra
3370 693 3549 743 mens,

1980 762 2161 816 divma
2194 771 2369 816 mente
2407 763 3025 833 obtinentcimperium!
3059 765 3246 831 Qualis
3278 770 3551 840 voluntas,

1981 853 2139 909 beata
2186 853 2276 909 illa
2320 855 2599 909 voluntate
2651 868 2969 931 superante.
3037 858 3227 924 Qualis
3262 870 3422 927 terra,
3482 866 3552 919 ab

1981 946 2105 1015 igne
2132 946 2224 1001 illo
2258 948 2415 1016 longe
2444 948 2607 1001 victa.
2640 946 2764 1002 Haec
2787 962 2951 1016 porro
2980 949 3052 1003 ita
3087 953 3305 1007 evenire
3332 954 3549 1010 ‘Paulus

1981 1037 2323 1102 testiﬁcatur,
2374 1036 2501 1090 dum
2556 1050 2615 1089 se
2653 1051 2752 1091 nec
2798 1048 3032 1092 mentem
3081 1055 3143 1093 ac
3177 1055 3421 1107 sensum,
3452 1060 3552 1099 nec

1981 1128 2337 1195 voluntatem,
2373 1144 2472 1184 nec
2500 1128 2663 1182 vitam
2706 1144 2858 1183 suam
2896 1130 3115 1195 habere,
3156 1134 3249 1187 sed
3282 1135 3397 1189 haec
3428 1152 3551 1190 om-

1981 1220 2071 1275 nia
2090 1220 2365 1277 Christum
2389 1221 2490 1276 sibi
2526 1220 2729 1277 factum
2760 1238 2881 1278 esse
2914 1225 3220 1281 confirmat.
3247 1230 3335 1282 Ait
3364 1230 3507 1284 enim
3532 1247 3546 1284 :

1988 1312 2127 1367 «Nos
2164 1329 2383 1368 sensum
2416 1313 2617 1368 Christi
2650 1315 2970 1369 habemus"
2995 1332 3010 1379 ;
3039 1335 3057 1367 ι
3087 1326 3159 1382 et,
3191 1336 3209 1369 ι
3237 1321 3318 1373 Αη
3348 1325 3554 1392 experi-

1984 1412 2225 1457 mentum
2267 1404 2510 1473 quaeritis
2542 1405 2683 1473 ejus,
2714 1406 2807 1473 qui
2867 1407 2921 1459 in
2972 1422 3058 1460 me
3109 1408 3352 1477 loquitur
3392 1413 3555 1466 Chri-

1983 1504 2103 1551 stus
2126 1495 2170 1525 ¹⁸
2194 1495 2216 1548 ?
2236 1495 2299 1547 Et
2329 1512 2343 1547 :
2376 1495 2543 1549 «Puto
2572 1506 2755 1551 autem
2776 1497 2921 1565 quod
2962 1506 3018 1551 et
3045 1513 3145 1567 ego
3175 1497 3438 1567 Spiritum
3461 1503 3552 1557 Dei

1984 1586 2212 1641 habeam
2238 1588 2326 1652 ";
2365 1605 2385 1637 ι
2440 1596 2495 1640 et
2531 1604 2545 1640 :
2578 1606 2595 1637 ι
2620 1587 2790 1656 Diligo
2828 1603 2922 1642 vos
2974 1589 3026 1642 in
3075 1589 3375 1647 visceribus
3421 1594 3552 1648 Jesu

1985 1676 2185 1731 Christi
2212 1677 2301 1743 '°;
2338 1694 2355 1729 ι
2395 1691 2464 1732 ex
2509 1691 2620 1747 quo
2652 1685 2816 1746 patet,
2878 1679 2926 1732 ei
2967 1694 3235 1733 summam
3284 1698 3407 1736 cum
3462 1683 3555 1738 illo

306 1768 468 1834 ελὼν,
510 1788 528 1821 ι
567 1771 653 1822 Ζῶ
684 1771 741 1824 δὲ
765 1772 948 1824 οὐκέτι
978 1772 1107 1840 ἐγὼ,
1137 1774 1290 1844 φησὶ,
1322 1773 1387 1843 ζῇ
1430 1774 1485 1827 δὲ
1515 1777 1572 1827 ὲν
1599 1774 1721 1844 ἐμοὶ
1748 1772 1882 1842 Χρι-

1989 1769 2323 1823 voluntatem
2388 1772 2920 1839 consensionemque
2951 1770 3120 1827 fuisse
3161 1774 3212 1827 in
3247 1776 3507 1832 omnibus
3536 1793 3552 1831 :

307 1862 457 1924 στός.
485 1879 503 1913 ι
534 1861 690 1916 Οὕτω
727 1863 934 1917 τέλειόν
960 1866 1074 1918 ὲστι
1113 1867 1412 1935 μυστήριον
1456 1866 1677 1935 τελετῆς
1734 1865 1880 1919 ἀπά-

307 1969 412 2021 σης
443 1953 814 2023 διαφερόντως
851 1956 948 2009 καὶ
991 1956 1098 2010 τῶν
1146 1956 1368 2025 ἀγαθῶν
1415 1956 1502 2011 ἐπ’
1548 1957 1718 2027 αὐτὴν
1757 1957 1881 2024 ἄγει

306 2043 408 2112 τὴν
450 2044 715 2114 κορυφὴν,
754 2046 875 2099 lusi
899 2047 994 2100 καὶ
1029 2047 1209 2119 πάσης
1266 2046 1614 2119 ἀνθρωπείας
1646 2047 1882 2116 σπουδῆς

306 2134 542 2187 ἐνταῦθα
571 2135 636 2207 δὴ
670 2136 729 2188 τὸ
755 2136 983 2207 ἔσχατον
1011 2139 1183 2200 τέλος.
1216 2137 1355 2192 Θεοῦ
1391 2136 1499 2207 γὰρ
1528 2137 1695 2191 αὐτοῦ
1755 2153 1883 2205 τυγ-

305 2226 545 2293 χάνομεν
576 2228 633 2278 ἐν
664 2228 809 2298 αὐτῷ
842 2230 938 2282 κα)⁸
972 2229 1104 2292 Θεὸς
1125 2231 1157 2298 ἡ
1167 2231 1257 2298 μίν
1292 2228 1507 2283 ἑνοῦται
1555 2228 1652 2297 τὴν
1685 2227 1882 2280 ἕνωσιν

306 2316 409 2384 τὴν
436 2315 771 2387 τελεωτάτην
798 2335 814 2353 ο
841 2320 937 2373 τοῦ
973 2321 1080 2390 γὰρ
1112 2320 1171 2373 ἓν
1201 2321 1417 2391 πνεῦμα
1445 2319 1584 2391 μετά
1616 2317 1711 2372 τοῦ
1744 2318 1881 2373 Θεοῦ

306 2408 585 2473 γενέσθαι,
607 2410 690 2475 τίς
724 2410 791 2465 ἂν
829 2411 1198 2483 ἀκριὸεστέρα
1229 2414 1437 2481 γένοιτο
1468 2412 1712 2483 συναφή;

380 2684 481 2735 Διά
506 2682 683 2736 ταῦτα
723 2683 955 2746 καὶτοῖς
982 2682 1161 2748 ἄλλοις
1195 2683 1519 2753 μυστηρίοις
1555 2682 1614 2736 τὸ
1656 2680 1884 2744 τελείοις

310 2768 452 2826 εἶναι
477 2776 775 2844 παρέχεται
834 2776 968 2845 μόνη
1011 2775 1242 2830 τελετῶν
1282 2778 1315 2847 ἡ
1375 2773 1747 2845 Εὑχαριστίαο
1793 2772 1886 2826 καὶ

312 2864 501 2935 βοηθεῖ
536 2866 635 2934 μὲν
688 2865 871 2929 αὐτοῖς
896 2866 1026 2936 παρ’
1051 2866 1181 2919 αὐτὸ
1229 2866 1288 2919 τὸ
1344 2864 1618 2921 τελεῖσθαι
1668 2862 1886 2917 τελέσαι

312 2958 392 3027 μὴ
430 2957 749 3026 δυναμένοις
791 2958 961 3029 χωρὶς
1008 2958 1197 3027 αὐτῆς,
1255 2957 1441 3027 βοηθεῖ
1492 2956 1548 3010 δὲ
1600 2955 1740 3027 μετά
1788 2954 1886 3024 τὴν

309 3050 594 3107 τελείωσιν
656 3052 713 3103 ἐν
767 3052 879 3113 τοῖς
918 3048 1274 3112 τελεσθεῖσιν,
1324 3048 1542 3101 ἐπειδὰν
1597 3045 1886 3117 ἁμαρτιῶν

313 3142 498 3196 σκότει
537 3143 635 3210 τὴν
662 3141 771 3195 ἀπὸ
800 3140 910 3194 τῶν
947 3139 1268 3211 μυστηρίων
1298 3139 1495 3192 ἀκτῖνα
1529 3136 1886 3207 συγχεθεῖσαν

310 3233 704 3288 ἀνακαλεῖσθαι
791 3232 986 3303 δεήσῃ.
1044 3231 1117 3283 Τὸ
1169 3228 1279 3300 γὰρ
1360 3228 1711 3291 ἐκλείποντας
1791 3229 1885 3281 καὶ

310 3325 714 3395 νεκρουμὲνους
738 3323 1040 3393 ἁμαρτίαις
1071 3320 1226 3384 αὖθις
1270 3319 1730 3382 ἀναϐιώσκετθαι,
1785 3318 1883 3388 μό-

310 3434 410 3489 νης
431 3418 532 3486 τῆς
556 3418 836 3488 τραπέζης
865 3415 1029 3485 ἔργον
1044 3414 1141 3484 τῆς
1175 3414 1348 3483 ἱερᾶς.
1380 3413 1453 3466 Οὐ
1478 3412 1585 3483 γάρ
1621 3412 1766 3465 ἔστιν
1794 3413 1886 3465 ἀν-

310 3511 566 3580 θρωπεία
594 3510 822 3579 δυνάμει
852 3509 946 3561 τὸν
971 3507 1257 3577 ἄνθρωπον
1288 3505 1584 3573 ἀναστῆναι
1625 3504 1883 3570 πεσόντα,

310 3600 437 3654 οὐδὲ
480 3600 683 3653 κακίαν
718 3598 1024 3669 ἀνθρώπων
1060 3596 1374 3666 ἀνθρωπεία
1406 3596 1635 3665 λυθῆναι
1682 3596 1886 3649 δικαιο-

312 3693 451 3761 σύνη
471 3706 485 3721 ο
514 3690 576 3743 τὸ
609 3690 717 3763 γάρ
750 3690 1087 3760 ἁμαρτάνειν
1116 3689 1197 3749 είς
1229 3687 1389 3741 αὑτὸν
1446 3689 1536 3741 τὸν
1567 3687 1698 3741 Θεὸν
1729 3688 1884 3758 φέρει

310 3781 413 3851 τὴν
463 3779 621 3851 ὓϐριν
643 3799 656 3812 ·
690 3799 706 3831 ι
732 3779 833 3832 Διά
863 3778 964 3848 τῆς
999 3777 1367 3848 παραϐάσεως
1401 3777 1528 3846 γὰρ,
1585 3778 1739 3846 φησὶ,
1788 3776 1883 3829 τοῦ

315 3874 490 3941 νόμου
541 3872 634 3924 τὸν
698 3873 830 3926 Θεὸν
884 3871 1194 3941 ἀτιμάζεις,
1232 3888 1250 3923 ι
1286 3870 1379 3922 καὶ
1436 3868 1518 3921 δεῖ
1578 3868 1882 3938 μείζονοςῆ

315 3963 464 4016 κατά
523 3963 807 4032 ἄνθρωπον
836 3962 1064 4033 ἀρετῆς,
1101 3965 1134 4034 ἢ
1177 3962 1237 4014 τὸ
1292 3961 1545 4029 ἔγκλημα
1597 3958 1885 4028 δυνήσεται

312 4056 500 4108 λῦπαι.
531 4056 633 4107 Τὸν
664 4055 774 4124 γὰρ
799 4054 1078 4123 ἐλάχιστον
1114 4054 1195 4116 είς
1221 4053 1311 4105 τὸν
1359 4051 1619 4121 μέγιστον
1668 4047 1885 4118 ὑϐρίσαι

316 4149 423 4217 μὲν
454 4148 689 4215 μάλιστα
740 4148 834 4199 κα)⁸
865 4147 1231 4216 διαφερόντως
1291 4144 1534 4213 εὐχερὲς,
1576 4140 1885 4212 ἀντισηκῶ-

316 4256 410 4292 σαι
445 4240 502 4292 δὲ
535 4242 668 4308 τιμῇ
706 4238 805 4306 τὴν
838 4237 995 4308 ῦῦριν
1028 4238 1336 4307 ἀμήχανον,
1362 4237 1459 4288 καὶ
1512 4231 1727 4304 μάλισθ’
1758 4233 1887 4284 ὅταν

314 4335 522 4395 ἐκεῖνος
555 4331 765 4383 πολλῶν
802 4331 902 4401 μὲν
950 4330 1231 4399 ὀφειλέτην
1281 4329 1381 4399 ἔχῃ
1446 4327 1535 4379 τὸν
1600 4324 1884 4395 ὐδρικότα,

1995 1858 2163 1916 «Vivo
2188 1870 2368 1915 autem
2396 1861 2507 1931 jam
2538 1876 2647 1916 non
2674 1877 2794 1932 ego,
2824 1864 3022 1931 inquit,
3058 1864 3193 1919 vivit
3226 1882 3355 1923 vero
3388 1869 3440 1923 in
3469 1885 3557 1925 me

1987 1953 2291 2008 Christusn
2328 1953 2479 2008 Adeo
2517 1953 2821 2023 perfectum
2864 1965 2948 2011 est
2989 1956 3093 2011 hoc
3145 1969 3555 2015 sacramentum

1987 2055 2042 2099 et
2071 2044 2219 2098 omni
2267 2054 2616 2100 sacramento
2658 2046 3037 2111 excellentius,
3093 2048 3362 2105 honorum
3406 2051 3558 2108 fasti-

1989 2134 2143 2204 gium
2190 2142 2246 2189 et
2279 2135 2489 2205 apicem
2524 2136 2890 2204 complectens
2922 2154 2938 2203 ;
2994 2138 3263 2208 siquidem
3298 2151 3352 2195 et
3375 2145 3554 2199 omnis

1992 2226 2242 2280 humanae
2273 2225 2554 2282 industria:
2587 2226 2712 2282 ﬁnis
2746 2228 2972 2284 ultimus
3007 2227 3092 2285 hic
3124 2234 3413 2301 reperitur.
3448 2236 3556 2291 Deo

1989 2319 2134 2373 enim
2170 2318 2288 2387 ipso
2320 2320 2373 2373 in
2400 2322 2584 2388 seipso
2646 2320 2908 2389 petimur,
2943 2328 3000 2375 et
3032 2322 3179 2381 Deus
3224 2326 3383 2382 nobis
3425 2343 3557 2383 con-

1985 2408 2273 2480 jnnctione
2324 2410 2739 2466 absolutissima
2792 2413 3168 2483 conjungitur.
3206 2418 3382 2472 Unum
3408 2421 3555 2474 enim

1990 2513 2114 2554 eum
2170 2498 2280 2554 Deo
2329 2500 2582 2569 spiritum
2626 2500 2785 2566 eﬂici,
2830 2503 2961 2573 quid
3011 2505 3114 2560 hac
3151 2511 3558 2568 consociatione

1992 2590 2167 2660 possit
2186 2605 2307 2647 esse
2330 2590 2621 2661 perfectius
2646 2593 2669 2645 !

2061 2682 2242 2749 Quare
2267 2690 2322 2739 et
2346 2683 2467 2738 aliis
2499 2686 2859 2743 sacramentis
2892 2691 3279 2758 perfectionem
3308 2698 3424 2750 sola
3449 2694 3560 2753 Eu-

1994 2772 2250 2827 charistia
2300 2772 2573 2841 impertit,
2605 2788 2778 2845 eaque
2812 2777 3075 2846 adjuvat,
3114 2781 3243 2835 dum
3297 2784 3557 2849 initiant,

1993 2862 2436 2933 quandoquidem
2478 2864 2597 2920 sine
2628 2881 2693 2921 ea
2727 2868 2966 2937 perfecte
2992 2886 3100 2924 non
3131 2872 3372 2928 initiant.
3400 2874 3562 2932 Juvat

1993 2952 2157 3008 etiam
2187 2954 2486 3009 secundum
2516 2956 2870 3014 initiationem
2899 2961 2950 3014 in
2984 2960 3117 3031 ipsis
3146 2964 3393 3033 initiatis,
3430 2984 3557 3024 cum

1998 3043 2209 3098 radium
2240 3059 2270 3099 e
2300 3048 2659 3103 sacramentis
2690 3059 3034 3105 emanantem
3061 3093 3075 3114 ,
3123 3062 3175 3107 et
3206 3065 3556 3123 peccatorum

1914 3110 1957 3165 δ
1991 3135 2228 3192 tenebris
2262 3151 2594 3207 oppressum
2640 3155 2964 3210 recuperare
2993 3158 3131 3211 opus
3156 3110 3261 3200 est.
3289 3146 3426 3202 Nam
3456 3151 3555 3205 de-

1987 3226 2230 3285 ﬁcientes
2276 3237 2331 3284 et
2373 3231 2673 3285 sceleribus
2732 3233 3031 3290 exstinctos
3066 3236 3134 3290 ad
3177 3238 3341 3292 vitam
3397 3255 3560 3295 revo-

1986 3335 2130 3386 care,
2161 3321 2322 3375 unius
2356 3337 2523 3378 sacrae
2554 3339 2755 3380 mensae
2790 3340 2991 3380 munus
3021 3336 3122 3381 est.
3158 3326 3335 3385 Homo
3361 3332 3562 3402 quippe

1987 3411 2174 3483 lapsus
2209 3429 2313 3468 non
2346 3424 2527 3484 potest
2574 3417 2831 3472 humanis
2861 3419 3071 3472 viribus
3119 3421 3275 3489 erigi,
3309 3436 3410 3477 nec
3459 3425 3560 3478 im-

1987 3504 2235 3579 probitas
2282 3502 2565 3560 hominum
2615 3506 2853 3561 humana
2895 3509 3108 3578 justitia
3158 3512 3389 3580 expiari.
3423 3513 3557 3569 Nam

1986 3610 2238 3665 peccare,
2297 3610 2387 3650 res
2434 3596 2490 3649 in
2533 3596 2711 3665 ipsum
2749 3598 2922 3654 Deum
2976 3602 3375 3658 contumeliosa
3427 3613 3559 3658 est:

1992 3705 2010 3738 ι
2051 3686 2154 3741 Per
2185 3686 2690 3754 praevaricationem
2727 3690 2875 3743 enim
2932 3690 3083 3758 legis,
3141 3692 3336 3761 inquit,
3390 3694 3558 3749 Deum

1988 3777 2291 3832 inhonoras
2324 3778 2390 3831 δι.
2430 3796 2448 3829 ι
2488 3778 2556 3832 Et
2586 3781 2761 3849 major
2806 3780 3077 3850 quaedam,
3114 3798 3277 3851 quam
3325 3800 3422 3853 pro
3460 3788 3562 3842 ho-

1988 3871 2133 3924 mine
2162 3870 2335 3924 virtus
2383 3871 2639 3942 exigitur,
2672 3888 2793 3941 qua:
2838 3875 3047 3930 crimen
3104 3877 3343 3932 abolent.
3385 3879 3552 3933 Mini-

1988 3978 2137 4017 mum
2173 3962 2317 4017 enim
2341 3962 2605 4018 adversus
2671 3965 2966 4019 maximum
2996 3982 3056 4022 se
3087 3968 3349 4037 injuriose
3377 3984 3441 4024 ac
3473 3986 3558 4037 pc-

1988 4056 2226 4109 tulanter
2272 4071 2482 4125 gerere.
2520 4056 2757 4111 immane
2806 4067 3070 4126 quantum
3109 4069 3193 4115 est
3226 4060 3403 4115 facile.
3447 4061 3553 4115 Sed

1987 4148 2342 4217 petulantiam
2376 4150 2515 4204 hanc
2564 4158 2618 4203 ct
2642 4149 2897 4218 injuriam
2929 4154 3041 4218 pari
3071 4152 3275 4207 honore
3307 4169 3561 4223 compen-

1986 4252 2132 4301 sare,
2170 4240 2272 4293 hoc
2300 4253 2429 4292 vero
2455 4253 2620 4293 nemo
2646 4250 2839 4308 potest,
2866 4244 3168 4309 praesertim
3190 4246 3237 4300 si
3262 4246 3557 4315 injuriosus

1989 4329 2221 4398 plurium
2272 4330 2347 4384 illi
2415 4331 2626 4385 debitor
2668 4330 2854 4396 fuerit,
2882 4343 2937 4387 et
2999 4334 3223 4403 quidem
3273 4346 3380 4390 tam
3423 4338 3559 4392 insi-

314 4422 570 4475 τοσοῦτον
603 4422 658 4474 δὲ
712 4422 983 4493 ὑπερέχῃ,
1018 4422 1093 4483 ὠς
1155 4420 1290 4490 μηδὲ
1349 4420 1547 4490 μέτρον
1595 4413 1736 4471 εἶναι
1788 4416 1883 4469 τοῦ

1994 4422 2201 4490 gnium,
2232 4432 2286 4475 ut
2314 4436 2382 4476 ne
2411 4422 2624 4476 dimidii
2656 4424 2877 4491 quidem
2910 4426 3017 4479 ulla
3047 4442 3301 4482 mensura
3335 4430 3428 4483 sit.
3454 4430 3559 4485 Ne-

317 4516 513 4584 μέσου.
571 4516 681 4570 Καὶ
711 4515 821 4584 γὰρ
874 4515 1114 4583 ἀνάγκη,
1153 4513 1215 4566 τὸ
1241 4513 1496 4583 ἔγκλημα
1534 4511 1729 4565 λύοντα
1791 4512 1888 4564 καὶ

316 4610 418 4678 τὴν
461 4610 853 4678 ἀπενεχθεῖσαν
943 4608 1113 4678 τιμὴν
1168 4606 1736 4677 ἀποκαταστῆσαιτῷ
1796 4622 1891 4658 πε-

322 4702 709 4769 παρῳνημένῳ
728 4698 992 4768 ζητοῦντα
1034 4700 1205 4752 πλείω
1225 4699 1335 4751 τῶν
1387 4698 1751 4767 ὀφειλομένων
1779 4696 1889 4748 είσ-

319 4793 602 4858 ενεγκεῖν,
627 4791 698 4843 τὰ
731 4790 830 4860 μὲν
860 4792 1197 4855 ἀποδιδόντα,
1249 4791 1318 4843 τὰ
1366 4791 1410 4844 δ’
1452 4790 1511 4857 ἐξ
1556 4788 1886 4859 ἀντιρῤόπου

316 4886 455 4953 περὶ
484 4880 558 4938 ὢν
591 4878 817 4955 ἠδίκησε
868 4884 1230 4954 προστιθέντα
1252 4898 1267 4914 ο
1299 4877 1343 4952 ᾧ
1368 4884 1425 4937 δὲ
1453 4885 1554 4937 οὒκ
1588 4882 1736 4934 ἔστιν
1778 4877 1887 4932 οὐδ’

315 4979 490 5044 ἐγγὺς
524 4977 808 5046 ἐφικέσθαι
835 4977 941 5030 τῶν
974 4976 1296 5046 γινομένων,
1324 4975 1405 5038 τίς
1450 4976 1533 5028 ἀν’
1568 4973 1777 5041 γένοιτο
1820 4969 1888 5022 τὰ

318 5069 499 5139 μείζω
535 5068 747 5122 διώκων
772 5084 788 5134 ;

395 5162 495 5215 Διά
527 5161 703 5216 ταῦτα
729 5161 830 5214 οὐκ
864 5155 933 5229 ἦν
964 5158 1155 5212 οὐδένα
1210 5155 1515 5227 ἀνθρώπων
1568 5152 1744 5222 ἑαυτῷ
1800 5152 1891 5204 τὸν

319 5252 459 5305 Θεὸν
495 5251 829 5316 καταλλάξαι
864 5249 964 5321 τὴν
1010 5247 1201 5303 ἑαυτοῦ
1254 5245 1602 5313 δικαιοσύνην
1650 5244 1889 5309 εἰσενεγ-

1991 4525 2147 4566 cesse
2174 4518 2254 4566 est
2282 4512 2452 4577 enim,
2479 4514 2574 4581 qui
2605 4514 2813 4567 crimen
2844 4516 2993 4583 piare
3032 4518 3234 4583 studet,
3265 4521 3428 4574 etiam
3457 4521 3554 4575 de-

1994 4609 2222 4656 traetum
2255 4603 2513 4657 honorem
2543 4603 2673 4659 laaso
2703 4620 2978 4673 reparare,
3004 4615 3059 4662 et
3088 4610 3211 4678 plus
3240 4611 3443 4667 debitis
3474 4629 3560 4667 re-

1993 4691 2226 4760 pendere
2271 4691 2865 4762 aliaque.restituere,
2915 4695 3020 4749 alia
3070 4699 3270 4765 quibus
3319 4700 3559 4769 iniquior

1991 4781 2117 4845 fuit,
2154 4782 2299 4836 velut
2338 4784 2533 4853 aequali
2584 4784 2828 4852 pondere
2875 4789 3257 4854 superaddere.
3304 4790 3459 4856 Quod
3507 4793 3553 4846 si

1992 4874 2310 4943 neutiquam
2343 4875 2494 4943 paria
2548 4876 2961 4946 consequimur,
3007 4879 3213 4948 majora
3259 4883 3383 4951 quis
3427 4897 3557 4937 cou-

1989 4966 2253 5022 sectetur?

2063 5142 2403 5215 Quapropter
2427 5146 2711 5201 hominum
2742 5146 2924 5201 nullus
2948 5147 3171 5205 sibimet
3194 5148 3381 5215 Deum,
3404 5164 3556 5203 suam

1995 5235 2344 5291 retribuendo
2369 5237 2634 5304 justitiam
2664 5239 3025 5294 reconciliare
3068 5248 3260 5310 potest.
3290 5240 3401 5295 Nec
3433 5254 3559 5293 vero

320 5343 658 5405 κόντα,ὄθεν
690 5342 866 5394 οὖτεό
923 5340 1149 5401 παλαιὸς
1212 5339 1375 5409 νόμος
1437 5335 1673 5406 ἐδυνήθη
1734 5332 1883 5385 λῦσαι

1996 5328 2256 5383 vetuslex
2281 5328 2599 5385 inimicitias
2630 5331 2762 5385 istas
2781 5347 3106 5401 componere
3138 5332 3342 5397 valuit;
3377 5346 3477 5385 nec
3504 5332 3556 5384 in

321 5432 423 5502 τὴν
462 5432 684 5502 ἔχθραν,
711 5433 836 5484 οὔτε
861 5434 972 5493 τοῖς
1014 5431 1073 5481 ὲν
1104 5428 1286 5498 χάριτι
1324 5426 1457 5490 ζῶσι
1492 5426 1626 5494 πρὸς
1656 5422 1754 5492 τὴν
1810 5424 1888 5473 εί-

1998 5418 2187 5488 gratia:
2212 5419 2327 5489 lege
2354 5419 2676 5484 viventibus,
2713 5419 2780 5472 ad
2827 5435 3013 5487 pacein
3048 5420 3189 5474 hanc
3216 5434 3559 5487 consequen-

327 5492 734 5588 ρηνηνπαύτην
755 5492 1041 5587 ἀρκέσειεν
1071 5492 1136 5569 ἂν
1220 5514 1443 5585 σπουδήο
1473 5492 1567 5566 καὶ
1597 5512 1704 5581 γὰρ
1737 5509 1883 5563 τοῦτο

1996 5511 2120 5565 dam
2152 5512 2394 5565 studium
2426 5520 2481 5564 et
2508 5509 2786 5578 diligentia
2825 5494 3120 5565 suﬂ‘ecerit.
3181 5512 3313 5565 Nam
3360 5522 3412 5565 et
3456 5492 3615 5567 hoc”

404 5699 449 5732 "
490 5697 530 5751 ll
562 5696 692 5752 Cor.
731 5710 793 5761 ιι,
831 5693 922 5747 16.
996 5694 1042 5725 ⁸⁸
1079 5693 1125 5747 ll
1164 5692 1291 5747 Cor.
1336 5704 1455 5756 xm,
1496 5690 1547 5744 5.
1628 5688 1671 5723 "
1713 5687 1734 5743 1
1774 5688 1883 5744 (Sor

1997 5704 2037 5754 ι,
2074 5689 2161 5744 40.
2240 5688 2283 5722 ³⁸
2319 5688 2556 5760 Philipp.
2592 5705 2632 5755 ι,
2677 5688 2729 5743 8.
2811 5690 2854 5721 ³⁸
2899 5688 3058 5743 Rom.
3097 5705 3158 5757 ιι,
3183 5691 3275 5749 25.

656 5796 741 5853 PA
758 5807 946 5852 TBOL.
975 5790 1091 5850 Gn.
1124 5788 1245 5848 CL.

3091 5789 3162 5845 19
