3982 6208
433 267 538 333 587

1666 266 1977 329 NICOLAI
2019 267 2104 327 CA
2116 268 2407 329 BASlL/E

3568 271 3670 334 5‘38

431 398 487 442 et
528 387 660 441 illud
692 382 910 439 virtutis
956 383 1211 437 humana:
1236 395 1401 449 opera
1432 389 1484 435 et
1548 380 1781 435 humana
1802 381 2011 450 justitia

2118 387 2340 437 κάκεῖνο
2368 380 2654 450 δυνάμεως
2686 380 2988 452 ἀνθρώπων
3033 382 3167 452 ἔργα
3225 384 3319 437 καὶ
3360 383 3676 454 ἀνθρωπεία

431 491 593 541 sunt;
615 476 886 546 siquidem
915 484 970 528 et
996 475 1168 543 legem
1205 474 1376 539 ipsam
1410 472 1467 526 Β.
1497 471 1703 527 Paulus
1726 474 2009 531 hominum

430 569 692 640 justitiam
742 567 1022 636 appellat:
1059 585 1075 617 ι
1124 556 1359 619 Iustitiae
1402 566 1546 619 enim
1603 565 1734 628 Dei,
1792 567 2009 635 inquit,

428 675 543 713 non
575 668 699 713 sunt
736 654 985 721 subjecti,
1020 670 1173 709 suam
1204 655 1477 725 justitiam
1507 657 1842 711 constituere
1867 672 2011 726 quae-

436 758 616 802 rentes
642 747 707 798 ".
747 763 765 796 ι
802 744 878 797 De
906 744 1073 798 veteri
1100 744 1217 814 lege
1250 744 1510 813 loquitur.
1545 744 1778 800 Tantum
1809 746 2011 816 quippe

422 837 699 891 duntaxat
727 845 913 889 contra
943 836 1076 889 vitia
1119 844 1313 889 nostra
1344 834 1594 901 valebat,
1630 847 1894 905 quantum
1928 844 2012 892 est

440 930 507 982 ad
551 928 840 982 sanitatem
878 942 1206 995 praeparare,
1255 926 1567 996 medicique
1603 943 1767 983 manu
1812 928 2011 998 dignos

426 1021 646 1075 efﬁcere
678 1036 692 1073 :
725 1038 742 1069 ι
774 1018 882 1072 Lex
916 1019 1083 1079 enim,
1124 1020 1321 1087 inquit,
1352 1019 1676 1091 pazdagogus
1702 1030 1884 1074 noster
1907 1018 2011 1074 fuit

430 1113 489 1165 in
519 1112 737 1165 Christo
768 1110 897 1164 Jcsu
931 1112 997 1162 ³³.
1039 1130 1056 1161 ι
1093 1108 1159 1163 Ει
1208 1120 1432 1164 sanctus
1481 1112 1724 1166 Joannes
1776 1113 1829 1166 in
1880 1127 2005 1167 eum

434 1202 531 1270 qui
583 1210 849 1256 venturus
898 1210 1016 1255 erat
1058 1213 1183 1270 post
1240 1201 1415 1268 ipsum
1481 1201 1789 1270 baptizabat
1833 1203 1901 1267 “,
1956 1210 2010 1257 et

434 1295 695 1349 universa
737 1294 1078 1363 philosophia
1125 1296 1384 1357 humana,
1422 1294 1711 1364 omnisque
1747 1295 1903 1350 labor
1940 1298 2005 1349 ad

434 1402 745 1457 germanam
772 1386 1039 1454 justitiam
1070 1387 1226 1451 quasi
1261 1388 1601 1440 initiamenta
1654 1395 1710 1440 et
1741 1401 2012 1457 prmpara-

436 1481 613 1533 tiones
652 1479 899 1544 quaedam
932 1487 1076 1531 sunt.
1107 1476 1286 1543 Quare
1314 1480 1571 1547 quoniam
1618 1493 1712 1546 per
1746 1493 1846 1533 nos
1899 1488 1954 1533 et
1977 1492 2009 1533 a

434 1572 600 1625 nobis
630 1570 762 1639 ipsis
796 1569 1062 1637 justitiam
1109 1570 1250 1623 hanc
1285 1579 1543 1637 praestare
1593 1570 1957 1637 nequibamus
1990 1608 2005 1634 ,

442 1682 462 1715 ι
496 1662 745 1716 Christus
782 1662 896 1729 ipse
940 1660 1095 1715 nobis
1121 1662 1331 1731 justi'ia
1374 1660 1552 1715 factus
1581 1672 1661 1714 est
1695 1676 1723 1712 a
1760 1659 1869 1715 Deo
1903 1659 2007 1713 Pa-

2111 470 2451 541 δικαιοσύνη.
2490 470 2602 524 Καὶ
2627 470 2736 542 γὰρ
2767 470 2986 525 καὶτὸν
3036 473 3198 541 νόμον
3246 473 3407 527 αὐτὸν
3467 472 3677 542 ἀνθρώ-

2112 574 2231 613 πων
2278 560 2633 629 δικαιοσύνην
2678 563 2709 614 ό
2747 562 3020 630 μακάριος
3073 561 3231 615 καλεῖ
3280 561 3524 624 Παῦλοςο
3556 580 3575 613 ι
3605 562 3678 614 Οὐ

2111 650 2220 719 γὰρ
2255 653 2633 721 ὑπετάγησαν,
2667 650 2824 720 φησὶ,
2856 654 2922 722 τῇ
2953 651 3265 722 δικαιοσύνῃ
3292 652 3384 704 τοῦ
3414 651 3551 704 Θεοῦ
3582 651 3682 722 τὴν

2114 743 2253 795 ἰδίαν
2310 742 2661 811 δικαιοσύνην
2719 745 2914 812 στῆσαι
2969 741 3282 814 ζητοῦντες,
3314 761 3334 795 ι
3371 743 3464 796 τὸν
3517 743 3682 811 νόμον

2112 832 2284 901 λέγων
2334 833 2429 885 τὸν
2479 833 2745 888 παλαιόν·
2791 832 3046 886 τοσοῦτον
3088 834 3196 905 γὰρ
3242 835 3474 905 ἐδυνήθη
3521 836 3682 904 μόνον

2113 923 2255 975 κατὰ
2306 922 2414 975 τῶν
2473 924 2764 993 ἡμετέρων
2820 923 3035 989 κακῶν,
3088 924 3216 977 ὅσον
3265 926 3684 994 παρασκευάσαι

2111 1020 2247 1091 πρὸς
2282 1021 2381 1092 τὴν
2408 1022 2599 1089 ὑγείαν
2627 1023 2722 1076 καὶ
2760 1022 2946 1089 ἀξίους
2981 1024 3205 1093 ποιῆσαι
3237 1023 3335 1092 τῆς
3360 1023 3451 1076 τοῦ
3496 1021 3683 1093 ἰατροῦ

2110 1115 2313 1183 χειρός.
2360 1133 2379 1165 ι
2414 1115 2473 1167 Ὀ
2510 1116 2619 1185 γὰρ
2655 1116 2820 1184 νόμος
2867 1114 3218 1182 παιδαγωγὸς
3276 1115 3432 1183 ήμῶν
3471 1117 3680 1181 γέγονε.

2110 1208 2295 1277 φησὶν,
2328 1209 2408 1271 είς
2432 1206 2671 1276 Χριστὸν
2710 1206 2937 1278 Ἰησοῦν,
2968 1227 2984 1259 ι
3021 1210 3116 1261 καὶ
3140 1211 3166 1261 ό
3199 1209 3467 1277 μακάριος
3506 1206 3685 1259 Ἰωάν-

2109 1312 2209 1366 νης
2244 1299 2324 1360 εἰς
2352 1297 2442 1350 τὸν
2469 1298 2764 1369 ἐρχόμενον
2794 1298 3078 1365 ἐϐάπτιζε,
3107 1301 3202 1352 καὶ
3254 1300 3402 1351 πᾶσα
3466 1298 3683 1365 φιλοσοο

2111 1391 2210 1459 φία
2233 1390 2537 1460 ἀνθρώπων
2565 1392 2661 1444 καὶ
2691 1391 2853 1454 πόνος
2882 1390 3027 1454 ἄπας
3059 1391 3196 1461 πρὸς
3238 1394 3333 1460 τὴν
3385 1390 3557 1459 ἀληθῆ
3604 1390 3682 1440 δι.-

2112 1483 2406 1551 καιοσύνην
2456 1483 2763 1552 προτέλειαί
2816 1484 2961 1546 τινές
3011 1484 3117 1536 είσι
3167 1484 3259 1537 καὶ
3310 1484 3680 1551 παρασκευαί.

2109 1575 2276 1629 Ταῦτ’
2309 1566 2530 1642 ἄρα’καὶ
2575 1576 2650 1638 ὡς
2675 1576 2743 1630 ἂν
2772 1575 2984 1630 οἴκοθεν
3010 1576 3104 1628 καὶ
3135 1576 3267 1643 παρ’
3299 1575 3452 1644 ἡμῶν
3502 1574 3568 1627 αὑ
3582 1574 3681 1625 τῶν

2111 1669 2479 1733 ἐπιδείξασθαι
2561 1669 2635 1738 μὴ
2700 1669 3024 1737 δυναμένοις
3096 1666 3447 1737 δικαιοσύνην
3519 1663 3685 1727 αὐτὸς

436 1764 541 1819 tre,
569 1764 621 1807 et
653 1752 1012 1807 sanctificatio
1039 1794 1052 1817 ,
1084 1763 1141 1807 et
1184 1754 1486 1823 redemptio
1514 1753 1579 1817 ³⁸,
1624 1772 1641 1804 ι
1676 1760 1730 1807 ct
1764 1752 1999 1806 inimici-

2116 1763 2240 1831 ἡμῖν
2292 1727 2576 1828 όΧριστδς
2624 1727 2854 1827 ἐγένετο.
2876 1727 3189 1827 δικαιοσύνη
3214 1757 3351 1811 una
3394 1727 3528 1808 Θεοῦ
3587 1762 3682 1807 aut

438 1840 546 1893 tias
591 1842 644 1893 in
698 1855 864 1893 carne
894 1856 990 1893 sua
1020 1841 1266 1895 dissolvit
1300 1843 1366 1908 ",
1398 1852 1451 1895 et
1488 1842 1654 1895 Deum
1689 1843 1845 1897 nobis
1886 1842 2001 1912 pla-

437 1944 551 1998 cat;
596 1950 704 1987 non
749 1933 923 1986 solum
963 1947 1084 1987 cum
1136 1942 1342 1986 natura:
1389 1933 1779 1999 communicat,
1826 1947 2003 2003 neque

428 2028 613 2079 solum
659 2026 883 2093 quando
928 2036 1100 2079 morte
1151 2025 1447 2089 occubuit,
1497 2025 1593 2080 sed
1657 2039 1895 2094 semper,
1950 2033 2005 2079 et

440 2117 738 2183 unicuique
788 2117 1113 2169 hominum:
1148 2127 1258 2169 tum
1305 2125 1361 2170 ut
1403 2116 1551 2172 cruci
1598 2115 1811 2181 afﬁxus,
1858 2131 2005 2173 nunc

441 2218 499 2261 ut
541 2208 760 2275 epulum
810 2208 967 2269 dans,
1019 2208 1065 2262 si
1112 2208 1493 2277 resipisrentes
1544 2211 1757 2263 veniam
1802 2211 2004 2280 rogite-

438 2316 583 2355 mus.
631 2298 796 2354 Solus
835 2300 978 2352 enim
1021 2309 1073 2353 et
1114 2300 1428 2355 universum
1475 2300 1744 2356 honorem
1785 2300 2005 2356 Parenti

439 2393 772 2455 refundere,
805 2402 859 2445 et
906 2392 973 2446 de
1014 2392 1193 2445 ablato
1239 2391 1556 2446 satisfacere
1603 2394 1815 2462 potuit;
1874 2393 2004 2447 illud

432 2487 571 2549 vita,
625 2486 726 2538 hoc
770 2498 909 2538 nece
950 2499 1069 2538 sua.
1108 2484 1330 2536 Mortem
1362 2483 1656 2552 siquidem,
1694 2499 1858 2553 quam
1906 2497 2008 2554 pro

435 2577 607 2646 gloria
654 2573 833 2628 Patris
878 2574 929 2626 in
990 2587 1156 2627 cruce
1215 2573 1476 2641 pertulit,
1535 2572 1925 2628 contumeliam
1976 2587 2005 2627 a

443 2667 602 2721 nobis
662 2666 866 2718 illatam
899 2652 1252 2733 aequantem,
1303 2663 1515 2733 majore
1560 2664 1783 2719 cumulo
1845 2678 2008 2733 repo—

441 2773 596 2820 nens,
632 2757 918 2818 honorem,
960 2770 1121 2822 quem
1165 2756 1213 2808 ei
1244 2755 1524 2825 peccando
1566 2769 1667 2810 nos
1705 2754 2010 2809 abstulera-

442 2867 565 2904 mus
606 2851 895 2919 reparavit.
942 2846 1196 2917 Magnum
1240 2848 1428 2916 utique
1460 2846 1719 2916 pretium.
1759 2846 1880 2899 Vita
1912 2861 2010 2899 au-

438 2953 548 2997 tem
596 2957 811 2995 omnem
858 2941 1120 2994 honorem
1164 2939 1418 3004 reddidit,
1462 2947 1517 2993 et
1558 2952 1667 3005 quo
1711 2938 1864 2991 illum
1916 2939 2012 2991 ho-

2107 1850 2377 1920 ἁγιασμὸς
2405 1850 2497 1903 καὶ
2528 1849 2923 1919 ἀπολύτρωσις,
2964 1851 3061 1901 καὶ
3098 1847 3214 1900 λύει
3248 1849 3347 1917 τὴν
3396 1846 3597 1915 ἔχθραν
3628 1847 3683 1897 ἐν

2062 1967 2066 1971 ·
2104 1944 2172 2013 τῇ
2206 1942 2368 2011 σαρκὶ
2396 1942 2488 1993 καὶ
2514 1941 2603 1992 τὸν
2627 1940 2759 1992 Θεὸν
2789 1940 2923 2009 ἡμῖν
2965 1937 3349 1997 καταλλάττει,
3386 1935 3447 1987 οὐ
3472 1936 3535 2004 τῇ
3585 1933 3684 2002 φύ-

2110 2050 2191 2087 σει
2222 2032 2416 2094 κοινῶς
2444 2030 2554 2085 οὐδ’
2579 2032 2668 2084 ὅτε
2703 2030 3001 2102 ἐπέθνησκε
3053 2030 3236 2099 μόνον,
3263 2027 3376 2081 ἀλλ’
3424 2028 3680 2080 ἑκάστοτε

2109 2125 2205 2178 καὶ
2235 2126 2452 2194 ἑκάστῳ
2482 2124 2591 2177 τῶν
2642 2123 2966 2193 ἀνθρώπων,
3011 2123 3198 2193 ὥσπερ
3268 2120 3676 2189 σταυρούμενος

2108 2220 2250 2285 τότε,
2328 2217 2424 2271 νῦν
2501 2215 2740 2286 εὖωχῶν,
2827 2215 3047 2268 ἐπειδὰν
3120 2215 3483 2286 μεταγνόντες
3549 2213 3680 2279 περὶ

2109 2305 2185 2365 ὧν
2218 2308 2541 2380 ἡμάρτομεν
2590 2306 3008 2376 παραιτώμεθα.
3066 2306 3246 2367 Μόνος
3298 2304 3407 2373 γὰρ
3446 2303 3679 2370 ἐδυνήθη

2110 2401 2203 2453 καὶ
2225 2398 2323 2468 τὴν
2352 2397 2714 2466 ὀφειλομένην
2764 2393 2986 2448 ἃπασαν
3048 2393 3342 2447 ἀποδοῦναι
3385 2390 3551 2461 τιμὴν
3606 2389 3688 2457 τῷ

2109 2490 2461 2562 γεγεννηκότι
2494 2490 2589 2542 καὶ
2614 2488 2744 2558 περὶ
2775 2488 2874 2557 τῆς
2902 2485 3294 2555 ἀπενεχθείσης
3339 2482 3687 2553 ἀπολογήσα-

2112 2585 2258 2643 σθαι,
2287 2579 2348 2631 τὸ
2374 2578 2472 2649 μὲν
2501 2579 2578 2648 τῷ
2619 2578 2738 2647 βίῳ,
2769 2578 2830 2627 τὸ
2879 2575 2937 2627 δέ
2996 2577 3061 2645 τῇ
3120 2574 3365 2644 τελευτῇ.
3413 2572 3516 2626 Τὸν
3573 2570 3686 2639 γὰρ

2110 2672 2358 2738 θάνατον,
2383 2669 2442 2724 ὃν
2468 2670 2607 2733 ὑπὲρ
2628 2668 2729 2738 τῆς
2747 2667 2899 2737 δόξης
2930 2666 3023 2719 τοῦ
3051 2665 3264 2736 Πατρός
3294 2663 3561 2718 ἀπέθανεν
3589 2665 3663 2714 ἐπ
3676 2684 3686 2709 ο.

2108 2764 2202 2819 τοῦ
2232 2762 2493 2832 σταυροῦ,
2526 2762 2624 2830 τῆς
2681 2760 2810 2829 παρ’
2841 2758 2999 2829 ἡμῶν
3067 2756 3279 2827 ὕϐρεως
3351 2756 3688 2827 ἀντίρροπον

2111 2852 2439 2924 εἰσενεγκὼν
2499 2852 2640 2924 μετὰ
2698 2853 2944 2922 μείζονος
3006 2851 3102 2920 τῆς
3172 2848 3548 2919 παρασκευῆς,
3616 2846 3690 2916 ἢν

2113 2951 2274 3020 ἡμεῖς
2308 2945 2634 3016 όφειλόμεθα
2669 2947 2836 3015 τιμὴν
2877 2943 2943 2997 δι’
2975 2939 3049 2996 ὧν
3098 2941 3517 3013 ἐξημάρτομεν,
3554 2939 3693 2990 ἁνα-

434 3050 638 3090 aorare
710 3044 762 3088 et
830 3032 1045 3087 Patrem
1098 3032 1359 3087 honorari
1409 3038 1838 3086 consentaneum
1889 3029 2009 3086 fuit.

2116 3042 2360 3096 καλεῖται
2410 3038 2592 3109 πολλῷ
2617 3037 2694 3108 τῷ
2723 3037 2837 3090 όντι
2861 3054 2875 3069 ·
2908 3036 2988 3106 τῷ
3018 3034 3078 3089 δὲ
3114 3035 3212 3105 βίῳ
3261 3035 3440 3087 πᾶσαν
3474 3030 3691 3085 ἀπέδω-

442 3128 652 3183 Etenim
688 3135 884 3197 praeter
919 3124 1087 3179 multa
1122 3138 1426 3195 magnaque
1473 3138 1641 3193 opera
1686 3137 1809 3192 quae
1852 3122 2011 3176 exhi-

441 3220 580 3285 buit,
623 3234 745 3285 quae
784 3216 929 3271 Patri
978 3216 1165 3287 gloria:
1209 3217 1456 3269 maxima:
1500 3216 1741 3279 fuerunt,
1772 3223 1887 3270 tum
1930 3215 2012 3269 vi-

436 3322 553 3367 tam
606 3323 774 3364 tutam
824 3310 897 3363 ab
949 3308 1095 3361 omni
1139 3315 1362 3376 peccato
1402 3320 1595 3376 puram
1652 3306 1853 3375 gessit;
1897 3314 2013 3359 tum

443 3403 859 3461 accuratissime
908 3411 962 3455 et
1021 3399 1417 3469 perfectissime
1465 3398 1609 3467 leges
1656 3396 1760 3451 sibi
1829 3397 1899 3450 ab
1945 3410 2012 3452 eo

436 3498 600 3553 datas
642 3503 939 3551 exsecutus
982 3502 1110 3557 est,
1157 3507 1264 3545 non
1319 3498 1530 3545 tantum
1584 3489 1653 3543 iis
1713 3503 1851 3559 quas
1895 3488 2013 3557 ipse

444 3589 679 3646 servavit
732 3586 955 3657 (etenim
1012 3601 1030 3635 ι
1070 3582 1245 3636 Patris
1286 3580 1390 3634 mei
1427 3586 1691 3649 praecepta
1732 3576 2009 3641 servavi,»

436 3682 625 3753 inquit
656 3682 749 3749 "),
779 3681 874 3735 sed
918 3681 1080 3733 etiam
1123 3689 1264 3745 quas
1304 3671 1585 3727 hominum
1613 3671 1735 3725 vitae
1763 3670 2017 3739 praeseri-

443 3777 568 3845 psit,
602 3774 755 3828 solus
783 3771 1060 3827 ctelestem
1091 3764 1495 3837 philosophiam
1547 3771 1705 3818 terra:
1741 3775 2016 3831 praemon-

444 3878 624 3920 strans
668 3870 722 3917 et
768 3862 1030 3925 inserens,
1058 3866 1316 3928 praeterea
1361 3852 1642 3908 miraculis
1685 3852 1841 3921 ipsis,
1883 3866 2018 3921 quo-

441 3972 565 4012 rum
602 3968 824 4010 causam
866 3960 921 4006 et
951 3958 1233 4005 auctorem
1266 3944 1481 4001 Patrem
1515 3942 1847 4015 praedicavit.

512 4227 719 4280 Prater
748 4222 865 4275 haec
885 4217 1091 4281 omnia,
1116 4214 1242 4284 quis
1270 4227 1378 4267 non
1408 4210 1571 4273 videt,
1604 4212 1706 4265 hoc
1738 4225 1846 4265 uno
1902 4211 2018 4266 solo

444 4332 571 4372 cum
628 4310 944 4368 hominibus
992 4312 1269 4359 versatum
1312 4316 1456 4366 esse,
1511 4310 1568 4354 et
1618 4300 1756 4354 adeo
1813 4302 2018 4371 integre

447 4405 603 4461 carni
637 4399 959 4467 implicitum
995 4394 1163 4449 fuisse
1184 4429 1200 4455 ,
1240 4406 1350 4460 quo
1387 4391 1726 4445 clementiam
1754 4400 1806 4447 et
1834 4393 2025 4464 benig-
2050 4385 2102 4445 Ι)

451 4500 671 4552 nitatem
710 4488 973 4545 mittentis
1030 4502 1089 4541 se
1120 4484 1437 4555 plenissime
1485 4494 1543 4539 et
1583 4484 2024 4543 manifestissime

448 4582 873 4647 demonstravit,
907 4579 1158 4650 gloriam,
1187 4590 1354 4645 quam
1385 4589 1581 4630 omnes
1605 4576 1655 4629 ei
1687 4578 2021 4632 convenien-

450 4691 533 4733 tes
574 4677 813 4729 tribuere
858 4671 1150 4733 debebant,
1188 4666 1534 4721 conciliatatn
1580 4665 1739 4719 esse?
1770 4663 1826 4720 Si
1875 4667 2018 4721 enim

2114 3149 2176 3185 κε
2208 3131 2391 3200 τιμὴν,
2415 3128 2509 3181 καὶ
2543 3128 2607 3199 ἣν
2641 3126 2786 3189 εἰκὸς
2813 3120 2880 3197 ἦν
2906 3124 3131 3195 τιμῆσαι
3162 3125 3261 3193 μὲν
3326 3123 3552 3184 ἐκεῖνον,
3604 3138 3693 3174 τι-

2118 3221 2354 3293 μηθῆναι
2380 3219 2435 3273 δέ
2481 3219 2568 3271 τὸν
2620 3218 2866 3287 Πατέρα.
2900 3218 3062 3269 ’Ᾱνευ
3098 3216 3203 3285 γὰρ
3264 3210 3337 3267 ὧν
3376 3212 3691 3277 ἐπεδείξατο

2115 3313 2326 3367 πολλῶν
2373 3313 2466 3365 καὶ
2499 3310 2748 3381 μεγάλων
2778 3308 2978 3378 ἔργων,
3018 3307 3053 3362 ἃ
3086 3307 3162 3376 τῷ
3198 3307 3369 3375 [Ιατρλ⁵
3396 3306 3493 3375 τὴν
3528 3304 3688 3374 μεγί-

2117 3421 2249 3475 στην
2278 3398 2388 3473 εἶχε
2421 3402 2604 3472 τιμὴν,
2643 3398 2799 3452 τοῦτο
2830 3400 2927 3468 μὲν
2959 3399 3233 3470 ἁμαρτίας
3266 3399 3483 3465 ἁπάσης
3508 3397 3687 3449 καθα-

2122 3495 2213 3566 ρὸν
2239 3490 2653 3565 παρασχόμενος
2686 3489 2775 3543 τὸν
2809 3491 2942 3559 βίον,
2972 3490 3127 3544 τοῦτο
3157 3490 3213 3543 δὲ
3255 3489 3322 3542 δι’
3358 3483 3433 3542 ὧν
3461 3488 3693 3558 ἀκριϐέ-

2117 3598 2289 3637 στατα
2319 3582 2411 3634 καὶ
2442 3580 2746 3634 τελεώτατα
2800 3582 2925 3642 τοὺς
2979 3581 3185 3633 ἐκεῖθεν
3235 3579 3402 3633 ἔσωσε
3464 3582 3689 3649 νόμους,

2116 3675 2213 3746 οὐχ
2249 3670 2329 3737 οἷς
2355 3673 2514 3735 αὐτὸς
2534 3671 2823 3743 είργάσατο
2856 3673 3013 3742 μόνον
3069 3675 3115 3741 (ι
3141 3674 3251 3728 Καὶ
3278 3674 3384 3741 γὰρ
3417 3672 3511 3734 τὰς
3542 3672 3695 3725 ἐντο-

2119 3764 2217 3827 λὰς
2244 3763 2337 3816 τοῦ
2369 3762 2582 3831 Πατρός
2628 3778 2754 3830 μου,
2784 3764 2938 3831 φησι,
2998 3764 3271 3833 τετήρηκα
3308 3764 3379 3829 ι),
3412 3762 3545 3815 ἀλλὰ
3594 3763 3693 3815 καὶ

2118 3851 2200 3918 οἷς
2218 3854 2298 3925 τῷ
2344 3853 2444 3925 βίῳ
2502 3853 2612 3906 τῶν
2673 3852 2976 3922 ἀνθρώπων
3018 3853 3345 3920 ἐνομοθέτει,
3386 3853 3543 3923 μόνος
3587 3852 3690 3923 τὴν

2118 3945 2366 4015 οὐράνιον
2383 3948 2449 4015 τῇ
2484 3946 2556 4013 γῇ
2589 3941 2875 4012 προδείξας
2909 3943 3000 3995 καὶ
3033 3942 3302 4009 φυτεύσας
3342 3941 3687 4012 φιλοσοφίαν,

2119 4036 2201 4090 ἔτι
2226 4035 2281 4088 δὲ
2311 4036 2489 4089 αὐτῶν
2516 4035 2625 4088 τῶν
2649 4035 2963 4104 θαυμάτων,
2988 4029 3063 4089 ὧν
3095 4037 3266 4089 αἴτιον
3293 4036 3556 4105 ἐκήρυττε
3595 4034 3692 4087 τὸν

2119 4146 2346 4200 γεγεννη
2356 4128 2508 4181 κότα.

2192 4221 2351 4292 Παρὰ
2370 4226 2548 4274 πάντα
2577 4219 2642 4289 δὴ
2664 4217 2837 4272 ταῦτα
2868 4218 2951 4281 τίς
2976 4219 3076 4272 οὐκ
3096 4212 3257 4283 οῐδεν,
3283 4217 3360 4281 ὡς
3375 4217 3507 4270 αὐτὸ
3530 4216 3695 4271 τοῦτο

2130 4313 2290 4382 μόνον
2322 4312 2380 4365 τὸ
2413 4311 2550 4383 μετὰ
2575 4311 2878 4381 ἀνθρώπων
2905 4309 3157 4379 γενέσθαι
3192 4312 3284 4363 καὶ
3314 4308 3487 4372 οὕτως
3523 4312 3688 4378 ἀκριο

2130 4403 2237 4466 σῶς
2282 4403 2446 4472 σαρκὶ
2481 4402 2849 4472 συναφθῆναι,
2896 4404 2995 4470 τὴν
3042 4401 3137 4454 τοῦ
3175 4402 3493 4470 πέμψαντος
3553 4418 3695 4471 χρη-

2126 4497 2359 4565 στότητα
2407 4495 2501 4548 καὶ
2548 4495 2962 4564 φιλανθρωπίαν
2997 4492 3373 4564 ἀκριϐέστατα
3404 4494 3500 4546 καὶ
3530 4508 3696 4559 φανε-

2127 4586 2349 4659 ρώτατα
2414 4585 2682 4649 διαδείξας
2732 4587 2832 4655 τὴν
2892 4586 3022 4655 περὶ
3083 4584 3252 4639 αὑτοῦ
3302 4585 3693 4655 προσήκουσαν

2123 4679 2349 4748 ἐνέθηκε
2375 4678 2571 4743 δόξανς
2608 4678 2673 4730 Εί
2698 4678 2806 4747 γὰρ
2832 4676 2910 4747 τῷ
2933 4671 2991 4730 εὖ
3019 4678 3196 4729 ποιεῖν
3217 4676 3316 4747 τὴν
3340 4675 3692 4745 χρησεότητα

448 4770 666 4824 bonitas
695 4768 816 4835 ejus
855 4761 1152 4819 benefactis
1176 4758 1449 4813 metienda
1482 4767 1587 4825 est,
1621 4766 1675 4812 et
1707 4759 1892 4825 generi
1923 4758 2011 4813 hu-

2122 4771 2204 4823 δεῖ
2236 4772 2480 4842 μετρεῖν,
2508 4769 2655 4823 οὕτω
2682 4769 2739 4822 δέ
2772 4769 2833 4822 τὸ
2862 4770 3018 4837 γένος
3048 4770 3139 4821 ἐπὶ
3158 4768 3258 4838 τῆς
3287 4768 3603 4837 οίκονομίας
3627 4763 3689 4821 εὖ

443 4875 611 4917 inane
646 4875 739 4928 per
762 4854 1126 4913 tneonomiam
1172 4852 1316 4906 Deus
1363 4849 1502 4904 adeo
1550 4848 1836 4917 benefecit,
1871 4858 1929 4904 ut
1957 4867 2021 4907 eo

444 4951 838 5022 pertinentium
870 4948 1005 5002 nulli
1028 4953 1296 5015 parceret,
1318 4942 1413 4997 sed
1435 4956 1626 4997 onmes
1647 4943 1867 4998 divitias
1891 4959 2020 4999 suas

449 5055 656 5097 natura:
688 5041 940 5094 humanae
993 5033 1298 5089 includeret
1325 5032 1570 5101 (etenim,
1602 5031 1689 5085 tln
1723 5033 1838 5102 ipso
1870 5034 2022 5088 habi‘

440 5141 546 5197 ttat,
580 5132 772 5200 inquit,
822 5127 1001 5181 enmis
1050 5122 1331 5190 plenitudo
1377 5122 1680 5177 divinitatis
1719 5125 2021 5191 corporali-

440 5235 529 5278 ter
540 5222 671 5293 ³⁸ι),
696 5220 1041 5291 perspicuum
1062 5225 1167 5281 est,
1188 5229 1289 5268 nos
1329 5212 1382 5266 in
1398 5211 1680 5269 Salvatore
1708 5228 2018 5284 supremam

444 5327 500 5371 et
526 5315 790 5370 extimam
847 5307 1236 5377 benignitatem
1272 5304 1392 5373 ejus
1426 5304 1792 5373 cognovisse;
1829 5314 1883 5361 et
1923 5324 2019 5375 per

444 5421 509 5461 ea
536 5421 659 5475 quae
682 5401 960 5475 praestitit,
1007 5399 1157 5453 solus
1188 5395 1439 5447 homines
1484 5396 1738 5461 erudivit,
1785 5409 2018 5466 quanto.

444 5440 509 5461 ς..
579 5440 659 5458 ...ιν
724 5440 936 5457 ηυντ...
1007 5440 1157 5453 ..ν-..-
1191 5440 1438 5447 μνη----τ-
1487 5440 1738 5461 -----....,
1788 5440 1994 5466 Ἵππην

402 5440 574 5567 \per‘;
602 5440 775 5551 Betis.
801 5440 1065 5548 munitum
1116 5484 1391 5550 dilexerit,
1421 5495 1736 5554 quantaque
1778 5492 1848 5542 sit
1898 5490 2017 5558 ejus

2128 4860 2428 4930 πεποίηκεν
2467 4861 2496 4913 ό
2548 4861 2704 4927 Θεὸς,
2734 4861 2809 4924 ὡς
2844 4861 3072 4931 μηδενὸς
3123 4860 3413 4929 φείσασθαι
3457 4861 3569 4914 τῶν
3607 4861 3691 4922 είς

2125 4950 2286 5003 τοῦτο
2328 4954 2623 5021 φερόντων,
2659 4951 2796 5005 ἀλλὰ
2829 4952 3009 5006 πάντα
3054 4950 3147 5003 τὸν
3192 4947 3421 5003 πλοῦτον
3446 4949 3683 5002 ἐνθεῖναι

2125 5046 2192 5113 τῇ
2220 5042 2383 5110 φύσει
2412 5042 2503 5095 τὸν
2532 5040 2747 5105 ἐαυτοῦ,
2780 5042 2873 5094 καὶ
2898 5042 3005 5112 γὰρ
3038 5061 3058 5094 ι
3104 5043 3194 5095 Ἐν
3224 5040 3373 5111 αὐτῷ
3414 5042 3683 5101 κατοικεῖ,

2128 5135 2286 5204 φησι,
2320 5134 2427 5186 πᾶν
2453 5133 2515 5186 τὸ
2543 5133 2817 5204 πλήρωμα
2849 5134 2950 5203 τῆς
2989 5133 3243 5201 θεότητος
3276 5131 3628 5200 σωματικῶς,
3660 5149 3677 5179 ι

2125 5223 2393 5294 πρόδηλον
2422 5224 2503 5277 ὅτι
2545 5222 2638 5276 τὸν
2662 5224 2887 5293 ἔσχατον
2918 5222 3020 5293 τῆς
3062 5223 3216 5284 θείας
3270 5220 3686 5291 φιλανθρωπίας

2121 5315 2247 5384 ὅρον
2275 5316 2361 5366 ἐπὶ
2415 5313 2511 5368 τοῦ
2544 5315 2798 5384 Σωτῆρος
2846 5315 3115 5385 ἔγνωμεν,
3152 5315 3246 5367 καὶ
3286 5312 3357 5366 δι’
3382 5306 3459 5364 ὧν
3495 5313 3687 5381 εἰργά-

2124 5422 2258 5457 σατο
2291 5404 2451 5475 μόνος
2495 5403 2733 5470 ἐδίδαξεν
2776 5406 3121 5478 ἀνθρώπως,
3161 5406 3307 5466 ὅπως
3345 5403 3635 5472 ὴγάπησεν
3662 5404 3689 5453 ό

2120 5494 2253 5557 Θεὸς
2288 5495 2381 5547 τὸν
2434 5495 2637 5565 κόσμον
2664 5497 2758 5550 καὶ
2804 5498 2902 5568 ὅση
2950 5498 3033 5561 τίς
3072 5498 3220 5550 ἐστιν
3271 5495 3421 5563 αὺτῴ
3471 5492 3687 5561 περὶτό

518 5611 561 5641 ³¹
602 5610 846 5678 Bonnx,
881 5606 938 5659 3.
1015 5604 1057 5635 ⁸³
1103 5600 1279 5678 Galat.
1314 5612 1397 5662 tu,
1462 5599 1550 5653 24.
1627 5601 1812 5656 "Act.
1855 5608 2011 5670 “3,4

2130 5605 2373 5662 "lCor.
2436 5607 2594 5673 n30.
2672 5608 2717 5641 “
2747 5608 2925 5678 Ephes
3008 5625 3064 5674 ιι,
3135 5611 3217 5672 l-i,
3282 5605 3369 5660 l6.
3451 5602 3686 5659 "Joan.

452 5695 542 5741 xv,
577 5678 661 5731 10.
741 5677 785 5709 ³⁸
807 5678 1021 5731 Coloss.
1062 5672 1232 5737 11,19.
