3982 6208
331 203 439 266 58’)

1407 209 1500 268 DE
1540 210 1718 271 VITA
1750 209 1831 269 IN
1872 210 2207 274 CIIRISTO
2244 216 2390 278 LIB.
2418 220 2518 279 IV.

3472 228 3578 293 590

331 319 487 387 γένος
534 315 1038 389 κηδεμονία.”Οθεν
1088 317 1181 370 καὶ
1229 316 1318 369 τὸν
1370 317 1682 389 Νικόδημον
1713 318 1805 373 ἐπὶ
1849 337 1883 372 τι

2011 338 2134 395 erga
2181 341 2353 395 genus
2386 336 2633 384 nostrum
2666 344 2797 386 cura
2844 341 2899 388 ct
2944 333 3278 391 sollicitudo.
3330 334 3486 393 Unde
3529 344 3581 393 et

332 411 539 477 γνῶναι
570 410 667 479 τὴν
695 408 1108 479 φιλανθρωπίαν
1156 409 1252 462 τοῦ
1283 409 1494 479 Πατρδς
1538 411 1790 465 ἐντεῦθεν
1822 414 1906 467 ἐν·

327 507 475 571 ἀγει,
512 504 607 557 καὶ
638 503 797 554 τοῦτο
824 503 1045 571 σημεῖον
1071 500 1253 553 ἱκανὸν
1276 504 1510 555 ποιεῖται
1545 502 1641 571 τῆς
1672 505 1901 573 ἀπείρου

325 597 715 665 χρηστότητος,
746 595 840 645 καὶ
870 611 887 643 ι
924 591 1103 656 Οὕτω,
1144 594 1327 663 φησιν,
1362 594 1389 646 6
1415 592 1548 657 Θεὸς
1578 593 1667 647 τὸν
1698 596 1900 666 κόσμον

322 688 640 756 ἠγάπησεν,
674 685 815 737 ὥστε
854 685 946 738 τὸν
989 685 1115 737 Υιὺν
1142 684 1306 738 αὑτοῦ
1343 685 1434 740 τὸν
1471 688 1737 757 μονογενῆ
1765 689 1897 741 ἐδωο

324 796 443 837 λεν,
479 778 568 830 ἵνα
617 779 724 839 πᾶς
757 778 785 826 6
836 774 1109 829 πιστεύων
1141 777 1224 839 εις
1282 776 1444 829 αὐτὸν
1492 781 1570 847 μὴ
1606 780 1896 849 ἀπόληται,

321 869 440 921 ἀλλ’
472 868 572 939 ἔχῃ
619 868 767 938 ζωὴν
814 867 1052 921 αἰώνιον.
1094 884 1112 918 ι
1152 868 1211 921 Ει
1268 865 1376 938 γὰρ
1403 861 1478 921 ὧν
1522 870 1784 923 κατέθετο
1830 874 1895 940 τῇ

326 961 491 1029 φύσει
530 963 770 1031 χαρίτων
796 960 890 1012 ἐπὶ
912 962 977 1029 τῇ
1010 959 1223 1029 καθόδῳ
1259 960 1350 1012 τοῦ
1383 961 1703 1029 μονογενοῦς
1729 963 1755 1013 ό
1783 965 1895 1016 Πα-

321 1054 449 1120 τὴρ,
489 1053 710 1120 μείζους
752 1051 784 1120 ἢ
823 1052 1075 1114 καλλίους
1111 1053 1211 1103 οὐκ
1243 1051 1354 1123 ἔχει
1384 1052 1589 1116 δοῦναι,
1631 1053 1788 1122 δῆλον
1822 1053 1896 1109 ὡς

320 1142 442 1195 οὐδὲ
501 1142 671 1210 μείζω
720 1142 879 1208 δόξαν
936 1144 1003 1197 ἂν
1051 1144 1326 1212 παράσχοι
1388 1146 1758 1215 χρηστότητος
1802 1147 1895 1199 καὶ

322 1235 758 1303 φιλανθρωπίας,
782 1231 849 1305 ἦς
888 1235 1097 1289 ἐκεῖθεν
1132 1234 1341 1305 ὑπῆρξε
1382 1237 1603 1289 λαϐεῖν’
1650 1238 1745 1290 καὶ
1771 1239 1892 1291 τού-

321 1345 414 1379 του
470 1328 632 1399 χάριν
660 1328 751 1379 τὸν
799 1329 1001 1397 τρόπον
1037 1326 1227 1380 τοῦτον
1279 1331 1306 1382 ὁ
1348 1330 1540 1401 Σωτὴρ
1585 1330 1652 1382 δι’
1697 1330 1891 1385 ἑαυτοῦ

321 1419 489 1486 ἀξίως
549 1419 745 1472 ἑαυτοῦ
792 1421 886 1473 καὶ
946 1419 1040 1472 τοῦ
1100 1423 1495 1490 γεγεννηκότος
1548 1421 1639 1475 τὸν
1674 1423 1892 1493 Πατέρα

321 1510 474 1578 τιμᾷ.
516 1509 663 1579 Τιμὴ
692 1511 799 1579 γὰρ
843 1509 978 1562 Θεοῦ
1019 1511 1069 1562 τί
1097 1510 1298 1578 γένοιτ’
1325 1510 1392 1565 ἂν
1421 1510 1568 1576 ἄλλο,
1601 1514 1632 1582 ἢ
1683 1513 1742 1567 τὸ
1774 1514 1891 1568 δια-

2016 416 2371 474 Nicodemum
2410 420 2480 473 ad
2526 420 2703 478 Patris
2736 424 3131 480 humanitatem
3174 430 3576 494 agnoscendatn

2007 506 2135 562 hinc
2169 508 2399 574 inducit,
2429 520 2484 565 et
2507 511 2650 567 istuc
2683 513 2947 569 bonitatis
2978 516 3098 585 ejus
3140 517 3414 574 snﬂiciens
3442 521 3580 575 indi-

2003 599 2147 653 cium
2178 616 2300 656 esse
2321 602 2477 657 vult:
2508 620 2527 655 ι
2563 604 2656 660 Sic
2683 605 2824 661 Deus
2853 606 3041 663 dilexit
3068 610 3354 673 mundum,
3381 612 3577 681 inquit,

1988 702 2062 763 ,ιιι
2097 691 2290 747 Filium
2327 711 2485 750 suum
2537 698 2878 765 unigenitum
2924 698 3097 763 daret,
3153 708 3213 755 ut
3258 702 3439 756 omnis
3482 702 3575 771 qui

2002 782 2178 836 credit
2201 784 2252 837 in
2282 784 2460 854 ipsum
2491 803 2599 842 non
2632 798 2839 857 pereat,
2876 788 2969 843 sed
3000 788 3197 843 habeat
3224 790 3392 845 vitam
3418 800 3577 845 teter-

1984 887 2125 925 .nam
2160 873 2226 926 ”.
2266 892 2285 925 ι
2332 876 2387 928 Si
2415 877 2560 930 enim
2596 875 2755 931 Pater
2783 878 2992 946 majora
3026 885 3081 933 et
3110 879 3335 933 meliora
3377 881 3580 935 beneti-

1998 962 2082 1017 cia
2134 963 2187 1016 in
2240 974 2495 1020 naturam
2544 967 2820 1022 collocare
2881 983 2989 1020 non
3048 969 3256 1037 potuit,
3308 986 3472 1039 quam
3522 971 3574 1025 in

1998 1052 2119 1106 Filii
2152 1054 2218 1107 ad
2247 1070 2346 1108 nos
2373 1055 2640 1111 descensu
2666 1056 2975 1124 collocavit,
3002 1057 3222 1126 planum
3254 1069 3358 1126 est,
3378 1059 3574 1115 Filium

1995 1148 2044 1197 ei
2089 1146 2351 1213 majorem
2388 1146 2615 1216 gloriam
2672 1148 2933 1205 bonitatis
2975 1158 3027 1203 et
3079 1150 3435 1209 humanitatis
3485 1169 3577 1223 pa-

1996 1251 2116 1291 rere
2144 1254 2252 1292 non
2288 1239 2555 1307 potuisse,
2590 1255 2754 1308 quam
2786 1241 2915 1295 hinc
2949 1250 3033 1296 est
3068 1253 3418 1298 consecutus.
3461 1244 3572 1299 Ilac

1994 1327 2060 1381 de
2084 1344 2249 1383 causa
2281 1330 2390 1383 isto
2424 1332 2586 1386 modo
2623 1331 2873 1387 Salvator
2934 1347 3030 1401 per
3084 1334 3327 1399 seipsum
3353 1376 3367 1399 ,
3404 1345 3461 1388 ut
3515 1350 3574 1388 se

1992 1426 2045 1470 et
2090 1419 2338 1486 genitore
2384 1420 2604 1491 dignum
2653 1430 2755 1484 est,
2807 1436 2932 1475 eum
2969 1422 3221 1474 honorat.
3252 1422 3394 1487 Quid
3424 1424 3570 1476 enim

1990 1509 2138 1563 aliud
2173 1510 2264 1565 Dei
2307 1512 2484 1567 honor
2518 1513 2609 1574 sit,
2647 1527 2815 1580 quam
2858 1513 3212 1567 excellentem
3245 1514 3364 1581 ejus
3407 1513 3567 1567 boni-

321 1603 597 1670 δειχθῆναι
620 1602 988 1670 διαφερόντως
1017 1604 1220 1669 ἀγαθὸν
1244 1604 1371 1655 ὄντα
1395 1621 1409 1666 ;
1445 1605 1554 1657 Καὶ
1580 1604 1719 1675 αὕτη
1745 1608 1883 1661 ἐστὶν

1995 1609 2157 1655 tatem
2188 1602 2584 1658 demonstrari?
2612 1604 2793 1674 Atque
2831 1604 2944 1659 hate
2973 1613 3059 1659 est
3085 1605 3279 1674 gloria,
3311 1620 3433 1673 quae
3460 1606 3573 1674 jam

322 1693 353 1761 ἡ
386 1692 513 1756 δόξα
548 1694 581 1761 ἢ
626 1692 911 1763 πόρρωθεν
941 1693 1204 1761 ὠφείλετο
1237 1694 1360 1763 μὲν,
1388 1694 1490 1748 οὐκ
1515 1696 1642 1764 ἐνῆν
1668 1697 1726 1750 δὲ
1758 1702 1883 1769 παρ⁴

1996 1690 2202 1759 pridem
2251 1692 2299 1745 ei
2340 1692 2641 1748 debebatur
2663 1733 2678 1758 ,
2710 1704 2763 1747 et
2800 1709 2831 1746 a
2863 1693 3174 1747 mortalium
3207 1692 3429 1747 nemine
3456 1708 3576 1761 pcr-

320 1785 536 1848 οὑδενδς
565 1785 870 1854 ἀνθρώπων
897 1786 1290 1855 εἰσενεχθῆναι,
1314 1788 1407 1841 καὶ
1437 1787 1523 1841 διὰ
1549 1788 1706 1841 τοῦτο
1724 1830 1741 1856 ,
1772 1808 1790 1842 ι
1819 1793 1881 1845 El

322 1878 533 1947 Πατὴρ,
570 1880 756 1948 φησὶν,
787 1879 905 1947 ειμι
933 1878 1066 1946 ἐγὼ,
1120 1878 1223 1931 ποῦ
1248 1881 1394 1933 ἐστιν
1432 1883 1464 1951 ἡ
1507 1881 1637 1947 δόξα
1678 1901 1816 1952 μου;
1858 1905 1874 1935 ι

320 1971 478 2040 Μόνῳ
532 1970 645 2040 γὰρ
692 1971 819 2041 ἐξῆν
872 1970 950 2040 τῷ
1002 1972 1301 2041 Μονογενεῖ
1340 1973 1410 2027 τὰ
1466 1975 1651 2028 εἰκότα
1709 1979 1883 2030 πάντα

317 2062 587 2115 διασῶσαι
620 2063 755 2131 πρὸς
782 2062 872 2115 τὸν
912 2064 1131 2131 Πατέρα
1154 2081 1167 2094 ·
1205 2066 1298 2119 καὶ
1339 2066 1516 2118 τοίνυν
1565 2068 1699 2120 αὐτὸ
1727 2070 1885 2123 τοῦτο

314 2153 552 2217 δεικνὺς,
603 2152 678 2216 ὡς
722 2153 828 2221 ἄρα
882 2154 1044 2221 μόνος
1089 2154 1315 2225 ἐδυνήθη
1359 2157 1574 2210 τουτονὶ⁵
1604 2159 1696 2212 τὸν
1722 2154 1882 2213 ἆθλον

315 2245 534 2310 ἁνύσαι,
593 2244 720 2298 ἐπεὶ
749 2244 810 2297 τὸ
846 2246 950 2298 πᾶν
978 2246 1219 2299 ἐτέλεσεν
1260 2247 1421 2316 ἔργον
1450 2251 1586 2319 πρὸς
1619 2251 1710 2303 τὸν
1735 2269 1881 2305 τετι-

317 2338 560 2406 μημένον
614 2335 853 2404 Πατέρα,
888 2356 907 2387 ι
955 2336 1114 2404 Ἐγὼ,
1168 2339 1351 2409 φησὶν,
1409 2340 1637 2407 ἐδόξασά
1675 2359 1735 2394 σε
1787 2343 1881 2395 ἐπὶ

314 2432 409 2499 τῆς
442 2432 570 2500 γῆς,
608 2431 927 2501 ἐφανέρωσά
956 2449 1048 2486 σου
1083 2434 1143 2486 τὸ
1166 2435 1338 2504 ὄνομα
1362 2439 1475 2498 τοῖς
1492 2437 1822 2507 ἀνθρώποις.
1853 2455 1872 2491 ι

311 2524 569 2584 Εἰκότως.
620 2523 795 2589 Λόγος
838 2526 947 2593 γάρ
998 2526 1145 2578 ἐστιν
1191 2527 1415 2597 ἀκριϐὲς
1460 2528 1553 2582 τοῦ
1611 2545 1875 2600 γεγεννη-

312 2618 463 2680 κότος
513 2617 697 2686 φέρων
744 2614 806 2667 τὸ
848 2612 1006 2679 εἶδος,
1044 2619 1388 2689 ἀπαύγασμα
1423 2620 1524 2689 τῆς
1569 2621 1729 2690 δόξης
1779 2625 1877 2676 καὶ

313 2711 600 2779 χαρακτὴρ
634 2710 735 2779 τῆς
789 2709 1141 2772 ὑποστάσεως
1166 2711 1330 2766 αὐτοῦ
1353 2728 1367 2742 ·
1409 2714 1503 2766 καὶ
1547 2714 1669 2766 ἐπεὶ
1698 2713 1765 2767 δι’
1796 2709 1873 2770 ὧν

313 2801 480 2871 σαρκὶ
511 2802 921 2881 συνήφθηατοῖς
952 2805 1010 2856 ἐν
1048 2803 1298 2872 αἰσθήσει
1335 2801 1470 2867 ζῶσι
1506 2806 1723 2867 συνετὸς
1756 2806 1881 2874 ἐγέο

310 2908 449 2954 vero,
484 2893 663 2944 πᾶσαν
691 2881 787 2945 τοῦ
814 2891 1239 2963 προενεγκόντος
1259 2892 1352 2945 νοῦ
1379 2895 1478 2961 τὴν
1502 2894 1714 2964 ἀγαθὴν
1740 2895 1880 2964 ἐμή-

310 3001 437 3038 νυσε
487 2984 746 3051 θέλησιν·
781 2985 915 3054 πρὸς
962 2984 990 3037 ὃ
1024 2985 1247 3039 κάκεῖνο
1296 2984 1483 3052 φέρειν
1535 2986 1800 3055 ἡγοῦμαι.
1848 2985 1880 3041 ὃ

313 3077 448 3145 πρὸς
495 3076 586 3128 τὸν
644 3076 932 3139 Φίλιππον,
971 3075 1100 3128 ἰδεῖν
1143 3076 1235 3128 τὸν
1292 3076 1518 3147 Πατέρα
1578 3076 1873 3145 ζητοῦντα,

311 3168 471 3236 φησιν
495 3168 524 3219 ό
555 3168 770 3239 Σωτὴρ,
806 3186 826 3220 ι
874 3168 934 3222 Ὀ
972 3164 1237 3235 ἑωρακὼς
1268 3167 1369 3238 ἐμὲ
1398 3168 1617 3239 ἑώρακε
1643 3168 1735 3221 τὸν
1763 3170 1876 3222 Πα-

310 3264 461 3329 τέρα,
506 3280 524 3311 ι
562 3264 655 3313 καὶ
687 3261 776 3314 διὰ
798 3259 957 3313 τοῦτό
982 3276 1149 3329 φησιν
1187 3260 1440 3324 Ἡσαΐας,
1465 3276 1484 3312 ι
1524 3261 1784 3315 Καλεῖται
1814 3261 1877 3314 τὸ

308 3351 475 3418 ὄνομα
506 3351 672 3405 αὐτοῦ
706 3350 946 3420 μεγάλης
976 3350 1463 3421 βουλῆςἊγγελοςι
1504 3368 1524 3403 ι

374 3443 533 3495 Οὕτω
565 3444 745 3497 τοίνυν
807 3444 946 3513 πρὸς
990 3444 1090 3513 τὴν
1125 3443 1286 3508 δόξαν
1324 3444 1420 3496 τοῦ
1458 3444 1669 3514 Πατρὸς
1722 3444 1878 3499 οὐδὲν

313 3535 639 3605 παραλιπὼν
676 3536 704 3587 6
757 3535 1075 3607 Μονογενὴς
1114 3538 1279 3606 μόνος
1323 3534 1584 3606 καθαιρεῖ
1620 3537 1681 3590 τὸ
1717 3537 1885 3607 μεσόί

308 3645 487 3696 τοιχον
528 3628 629 3696 τῆς
678 3626 900 3695 ἔχθρας,
950 3627 1046 3681 καὶ
1080 3626 1197 3680 λύει
1246 3626 1354 3680 τῶν
1379 3628 1738 3699 ἐγκλημάτων
1788 3631 1878 3684 τὸν

312 3717 617 3787 ἄνθρωπον.
675 3715 829 3768 Ἐπεὶ
854 3716 913 3768 δέ
955 3716 1099 3768 κατὰ
1125 3715 1227 3786 τὴν
1268 3716 1466 3784 ἑτέραν
1490 3716 1601 3769 τῶν
1638 3716 1875 3786 φύσεων,

312 3810 405 3877 τὴν
434 3809 731 3879 ἡμετέραν.
755 3808 899 3875 λέγω
928 3808 1025 3875 τὴν
1051 3807 1419 3877 ἀνθρωπείαν,
1453 3808 1482 3861 6
1514 3808 1735 3871 διπλοῦς
1775 3808 1881 3877 ἰη-

312 3899 433 3964 σοῦς
461 3901 552 3953 τὸν
584 3900 806 3969 Πατέρα
836 3899 1069 3968 ἐτίμησε
1101 3899 1195 3953 καὶ
1224 3898 1334 3953 ἀπὸ
1362 3897 1457 3952 τοῦ
1493 3900 1744 3968 σώματος
1774 3900 1879 3953 αὐ-

309 3991 399 4044 τοῦ
431 3993 529 4045 καὶ
558 3991 652 4045 τοῦ
684 3991 918 4059 αἵματος
948 3990 1038 4043 τὸν
1074 3989 1389 4058 θαυμαστὸν
1434 3991 1643 4042 εκεῖνον
1671 3988 1876 4059 στέφα-

313 4100 397 4135 νον
430 4083 530 4152 τῆς
559 4081 717 4150 δόξης
744 4080 944 4144 ,ἔπλεξε
995 4080 1074 4149 τῷ
1112 4081 1321 4150 Πατρι·
1375 4078 1465 4133 διὰ
1499 4079 1673 4133 ταῦτα
1717 4080 1879 4148 μόνον

313 4174 409 4241 μέν
432 4175 554 4225 ἐστι
578 4173 722 4226 κατὰ
750 4172 849 4240 τῆς
880 4172 1158 4241 ἁμαρτίας
1201 4174 1491 4242 φάρμακον
1529 4170 1591 4223 τὸ
1618 4170 1710 4224 τοῦ
1746 4172 1879 4242 Χρι-

309 4266 434 4318 στοῦ
472 4265 656 4334 σῶμα,
688 4265 830 4335 μόνη
857 4265 915 4319 δὲ
945 4265 980 4334 ἡ
1005 4263 1161 4326 λύσις
1184 4263 1602 4333 ἁμαρτημάτων
1626 4266 1687 4316 τὸ
1710 4259 1872 4333 αἷμα.

1995 1784 2135 1839 solvi
2166 1796 2399 1854 poterat.
2434 1787 2589 1850 Hinc,
2633 1805 2651 1839 ι
2691 1788 2745 1842 Si
2778 1786 2958 1850 Pater,
2992 1787 3165 1856 inquit
3197 1828 3212 1852 ,
3258 1801 3361 1855 ego
3408 1802 3527 1840 sum
3555 1824 3573 1851 ,

1996 1874 2087 1927 ubi
2120 1882 2203 1929 est
2228 1875 2403 1931 homor
2438 1894 2592 1931 meus
2616 1877 2700 1930 ‘°?
2739 1897 2758 1929 ι
2792 1878 2904 1932 Soli
2952 1894 3186 1948 namque
3216 1877 3354 1932 Filio
3390 1877 3571 1931 omnia

1994 1976 2361 2024 consentanea
2403 1984 2530 2037 erga
2580 1968 2793 2023 Patrem
2844 1980 3111 2038 praestare
3157 1969 3335 2023 Iicnlt.
3386 1968 3573 2037 Itaque

1994 2061 2095 2115 hoc
2123 2059 2299 2129 ipsum
2337 2062 2651 2125 ostendens,
2684 2077 2743 2116 sc
2777 2064 2955 2117 solum
2990 2063 3233 2131 potuisse
3268 2062 3371 2115 hoc
3402 2075 3569 2128 nego-

1995 2151 2129 2205 tium
2158 2152 2430 2208 conlicere
2451 2194 2466 2219 ,
2497 2163 2785 2223 postquam
2823 2169 2962 2223 opus
2993 2167 3152 2208 omne
3183 2152 3437 2215 absolvit,
3468 2152 3569 2205 Pa—

1992 2253 2127 2298 trem
2164 2246 2374 2299 honore
2401 2245 2654 2301 ail’ectum
2689 2246 2774 2300 bis
2815 2246 2996 2300 verbis
3029 2245 3369 2313 alloquitur:
3404 2262 3422 2295 ι
3457 2242 3569 2313 Ego

1993 2346 2047 2390 te
2098 2337 2393 2392 clariﬁcavi
2437 2354 2602 2407 super
2662 2348 2902 2403 terram,
2960 2337 3307 2393 manifestavi
3366 2351 3569 2393 nomen

1989 2439 2141 2484 tuum
2182 2432 2496 2486 hominibus
2521 2431 2591 2486 δ’.
2621 2450 2641 2484 ι
2678 2430 2861 2486 Recte.
2897 2431 2995 2486 Est
3030 2431 3177 2485 enim
3208 2430 3483 2495 Verbum,
3514 2438 3569 2482 et

1987 2519 2262 2576 Genitoris
2291 2537 2605 2592 expressam
2633 2522 2739 2577 fert
2762 2522 3076 2595 imaginem,
3110 2541 3127 2574 ι
3161 2521 3435 2591 Splendor
3455 2519 3567 2590 glo-

1987 2612 2104 2677 riae,
2131 2620 2187 2665 et
2212 2611 2381 2682 ﬁgura
2414 2614 2732 2669 substantia:
2752 2615 2873 2684 ejus
2896 2616 2995 2669 δ’.»
3027 2615 3093 2670 Ει
3117 2616 3399 2685 quoniam,
3434 2612 3561 2681 quia

1989 2703 2140 2757 carni
2175 2704 2496 2773 copulatum
2534 2715 2659 2771 est,
2693 2722 2816 2761 cum
2851 2722 3017 2762 sensu
3048 2707 3358 2762 viventibus
3391 2705 3565 2760 evasit

1987 2791 2349 2866 intelligibile,
2380 2811 2602 2852 omnem
2638 2800 2834 2853 mentis
2864 2816 2985 2869 quin
3018 2802 3192 2871 ipsum
3223 2801 3433 2871 genuit.
3470 2801 3566 2854 bo-

1990 2903 2112 2942 nam
2151 2889 2481 2944 voluntatem
2522 2892 2818 2946 nuntiavit.
2863 2893 2941 2944 ΑιΙ
2977 2894 3123 2960 quod
3171 2903 3225 2948 et
3263 2894 3396 2947 illud
3445 2907 3570 2963 spe-

1985 2989 2133 3035 ctare
2160 2983 2375 3048 opinor,
2400 2983 2543 3052 quod
2577 2982 2826 3052 Philippo
2854 2982 3073 3037 Patrem
3108 2985 3290 3038 videre
3319 2986 3562 3050 cupienti

1982 3073 2060 3126 ait
2091 3089 2103 3124 :
2140 3091 2159 3124 ι
2196 3072 2300 3138 Qui
2336 3074 2493 3129 videt
2522 3088 2628 3138 me,
2660 3074 2809 3129 videt
2840 3085 2894 3130 et
2925 3076 3137 3130 Patrem
3167 3075 3236 3129 ⁸³.
3268 3095 3287 3127 ι
3331 3075 3397 3129 Et
3435 3076 3565 3131 hinc

1980 3174 2065 3219 est
2100 3166 2243 3234 apud
2275 3166 2474 3220 Isaiam
2530 3183 2547 3219 :
2588 3184 2607 3217 ι
2659 3164 2959 3222 Vocabitur
2992 3182 3191 3223 nomen
3224 3168 3346 3236 ejus
3380 3170 3561 3238 magni

1979 3256 2194 3312 consilii
2219 3255 2456 3328 Angelus
2480 3256 2543 3313 “.
2560 3276 2582 3312 ι

2051 3432 2143 3487 Sic
2174 3433 2336 3503 igitur
2367 3435 2504 3489 nihil
2533 3435 2597 3489 ad
2624 3436 2850 3505 gloriam
2886 3438 3068 3492 Patris
3098 3447 3547 3506 praetermittens,

1978 3524 2158 3579 solum
2201 3526 2442 3580 medium
2474 3527 2736 3595 parietem
2772 3528 3188 3583 inimicitiarum
3215 3530 3473 3596 destruit,
3498 3541 3554 3587 et

1980 3618 2258 3672 hominem
2275 3618 2603 3674 criminibus
2626 3618 2883 3675 absolvit.
2904 3620 3176 3686 Quoniam
3206 3635 3335 3677 vero
3362 3637 3557 3677 secun-

1978 3710 2107 3765 dum
2145 3710 2377 3765 alteram
2420 3718 2702 3777 naturam,
2759 3724 3025 3776 nostram,
3087 3715 3311 3783 inquam
3365 3724 3419 3770 et
3448 3716 3554 3771 hu-

1980 3812 2226 3867 manam,
2257 3801 2464 3871 duplici
2501 3809 2697 3855 natura
2730 3812 2989 3858 constans
3020 3802 3180 3860 Jesus
3210 3801 3426 3861 Patrem
3457 3808 3555 3863 ho-

1980 3892 2214 3955 noravit,
2246 3894 2397 3947 etde
2442 3906 2675 3962 corpore
2702 3894 2771 3962 {et
2812 3894 3080 3962 sanguine
3108 3911 3211 3952 suo
3259 3897 3555 3953 admirabi-

1980 3983 2087 4037 lem
2116 3981 2264 4036 illam
2301 3995 2565 4036 coronam
2594 3981 2644 4034 ei
2670 3981 2881 4047 nexuit,
2908 3980 3113 4037 idcirco
3145 3984 3325 4038 solum
3346 3985 3550 4041 Christi

1978 4085 2183 4140 corpus
2215 4070 2522 4126 remedium
2552 4070 2822 4125 adversus
2848 4080 3129 4139 peccatum
3176 4080 3279 4138 est,
3305 4082 3359 4128 et
3388 4075 3552 4130 unica

1981 4170 2335 4232 peccatorum
2364 4161 2597 4217 abolitio
2623 4162 2855 4232 sanguis
2876 4163 3016 4231 ejus.
3051 4160 3259 4233 Nempe
3300 4165 3371 4220 ob
3411 4168 3553 4221 hanc

1979 4269 2197 4324 quoque
2229 4267 2451 4309 causam
2485 4270 2515 4308 a
2547 4253 2820 4325 principio
2842 4254 3094 4311 conditus
3112 4264 3217 4321 est,
3250 4264 3309 4311 ut
3333 4256 3550 4311 Patrem

310 4357 412 4409 Καὶ
442 4356 549 4424 γὰρ
580 4356 669 4408 διὰ
705 4354 866 4408 τοῦτο
897 4355 1126 4423 συνέστη
1158 4354 1256 4422 τὴν
1289 4353 1487 4424 ἀρχὴν,
1522 4354 1613 4409 ἵνα
1642 4355 1733 4407 τὸν
1762 4356 1873 4409 [Iuv

1990 4347 2338 4416 gloriﬁcaret,
2365 4348 2513 4401 sicut
2558 4347 2676 4416 ipse
2708 4349 3101 4407 contitetur,sc
3131 4346 3200 4401 ad
3224 4349 3328 4403 hoc
3359 4358 3549 4403 natum

305 4448 435 4517 τέρα
467 4446 694 4517 δοξάσῃ,
720 4447 816 4498 καὶ
842 4447 871 4498 ὅ
910 4462 1074 4513 φησιν
1102 4444 1263 4507 αὐτὸς
1288 4446 1317 4497 6
1346 4444 1559 4515 Σωτὴρ,
1586 4446 1667 4508 εἰς
1704 4444 1869 4498 τοῦτο

1990 4455 2116 4504 asse,
2138 4450 2192 4495 et
2222 4441 2291 4493 ad
2348 4440 2450 4493 hoc
2476 4438 2695 4493 venisse
2725 4439 2779 4492 in
2814 4438 3075 4492 nnindum
3110 4454 3124 4491 :
3158 4448 3210 4493 et
3249 4454 3346 4506 per
3387 4455 3553 4494 omne

307 4539 628 4607 γεγέννηται
656 4537 750 4589 καὶ
783 4538 863 4599 εἰς
888 4535 1047 4607 τοῦτο
1096 4535 1354 4607 ἐλήλυθεν
1402 4538 1485 4596 εἰς
1525 4536 1617 4587 τὸν
1663 4535 1869 4605 κόσμον

1990 4544 2187 4598 empus
2202 4529 2477 4597 deinceps,
2497 4529 2877 4582 tantummodo
2901 4528 3164 4598 quidquid
3202 4530 3308 4583 huc
3339 4530 3550 4584 faceret

304 4631 392 4681 καὶ
445 4630 539 4681 τὸν
579 4627 705 4696 ἑξῆς
735 4628 951 4681 ἅπαντα
992 4606 1204 4697 χρόνον,
1264 4627 1424 4695 μόνον
1469 4626 1571 4695 μὲν
1622 4626 1684 4679 τὸ
1731 4625 1866 4697 πρὸς

1990 4618 2098 4690 egit,
2125 4620 2284 4689 hujus
2320 4620 2480 4674 unius
2505 4620 2583 4674 rei
2606 4619 2782 4688 gratia
2813 4619 2975 4673 etiam
3009 4628 3171 4688 atque
3193 4619 3356 4673 etiam
3379 4620 3554 4689 majo-

299 4721 456 4773 τοῦτο
482 4720 648 4789 φέρον
674 4719 819 4773 ἅπαν
843 4719 1092 4771 ἐτέλεσεν
1124 4716 1306 4787 ἔργον,
1345 4717 1505 4787 μόνον
1530 4716 1587 4770 δὲ
1617 4719 1705 4770 τὸν
1729 4716 1867 4787 ὑπὲρ

1990 4726 2190 4781 emque
2208 4711 2261 4765 in
2284 4711 2502 4765 modum
2527 4710 2815 4765 laboravit.
2831 4710 2943 4765 Hoc
2965 4726 3199 4778 namque
3241 4726 3443 4780 corpus
3466 4712 3552 4781 ple

299 4813 493 4864 τούτου
541 4810 907 4879 διαφερόντως
953 4810 1345 4880 ὑπομεμένηκε
1395 4809 1578 4862 πόνον.
1612 4807 1724 4861 Καὶ
1751 4807 1861 4877 γὰρ

1990 4804 2231 4858 titudinis
2257 4803 2557 4857 divinitatis
2580 4804 2870 4858 thesaurus
2908 4803 3029 4869 fuit,
3054 4812 3111 4857 et
3140 4806 3317 4859 omnis
3344 4806 3551 4874 peccati

302 4899 457 4951 τοῦτο
494 4896 557 4949 τὸ
593 4897 755 4967 σῶμα
802 4897 900 4950 τοῦ
941 4897 1313 4969 πληρώματος
1344 4896 1447 4965 τῆς
1482 4896 1733 4966 θεότητος
1754 4897 1870 4965 ἐγές

1990 4909 2179 4965 ιιρετε
2222 4903 2362 4959 erat,
2409 4908 2627 4949 omnem
2667 4894 2938 4963 justitiam
2999 4894 3280 4963 implebat,
3336 4911 3551 4966 generis

301 5005 419 5040 νετο
454 4988 728 5057 θησαυρὸς
751 4990 846 5041 καὶ
870 4990 1051 5057 πάσης
1078 4989 1177 5058 μὲν
1203 4985 1271 5058 ἦν
1288 4989 1551 5055 ἄγευστον
1572 4987 1868 5057 ἁμαρτίας,

1990 4985 2326 5041 consortibus
2362 4984 2723 5055 (hominibus)
2756 4983 2973 5038 Patrem
3006 5000 3165 5054 quem
3200 4986 3548 5054 ignorabant,

304 5081 594 5149 ἐπλήρωσε
626 5078 684 5131 δὲ
724 5080 906 5132 πᾶσαν
958 5078 1331 5147 δικαιοσύνην,
1376 5078 1612 5147 ἐκήρυξε
1653 5079 1709 5130 δὲ
1761 5081 1874 5143 τοῖς

301 5172 596 5240 όμογενέσι
632 5170 1002 5239 ἀγνοούμενον
1050 5169 1143 5223 τὸν
1180 5170 1420 5237 Πατέρα,
1472 5172 1569 5222 καὶ
1611 5162 1692 5231 οἷς
1723 5168 1876 5237 ἔλεγε

301 5263 392 5313 καὶ
428 5257 510 5323 οἷς
557 5261 924 5313 ἐπεδείκνυτο.
973 5260 1143 5313 Τοῦτό
1180 5262 1296 5312 ἐστι
1327 5259 1388 5311 τὸ
1421 5260 1627 5326 σφαγὲν
1663 5262 1754 5312 ἐπί
1782 5258 1877 5312 τοῦ

304 5351 571 5414 σταυροῦ·
605 5352 700 5404 καὶ
729 5350 759 5402 ὃ
815 5352 882 5421 τῇ
937 5352 1119 5419 σφαγῇ
1174 5350 1472 5418 προσάγον,
1522 5350 1726 5402 ἐδειλια
1783 5350 1877 5402 καὶ

304 5446 509 5512 ἠγωνία
550 5445 645 5498 καὶ
684 5444 872 5514 ἱδρῶσι
921 5448 1267 5516 περιερρεῖτο
1313 5446 1406 5497 καὶ
1458 5444 1731 5514 προύδόθη
1782 5443 1877 5496 καὶ

1980 5075 2382 5146 promuigabat,
2419 5084 2532 5129 tum
2560 5089 2655 5141 per
2688 5089 2750 5128 ea
2780 5089 2901 5143 qua:
2928 5074 3277 5143 loquebatur,
3309 5084 3424 5129 tum
3454 5090 3551 5143 per

1983 5182 2047 5222 ea
2081 5182 2203 5236 quae
2227 5167 2551 5235 patiebatur.
2586 5166 2931 5220 lmmolatnm
2958 5166 3319 5221 estnimirum
3343 5166 3395 5220 in
3419 5179 3548 5220 cru-

1983 5274 2067 5325 ce,
2097 5269 2291 5327 etquae
2343 5255 2770 5310 immolationem
2806 5267 3224 5322 praecesserunt,
3272 5257 3546 5326 pavidum,

1981 5349 2221 5406 anxium
2273 5347 2399 5415 fuit,
2454 5348 2658 5403 sudore
2704 5349 2935 5403 dililuxit
2978 5349 3551 5419 proditum,compre-

1984 5442 2216 5496 hensum
2266 5448 2370 5506 est,
2397 5441 2664 5508 judicium
2701 5441 2947 5510 iniquum
2985 5442 3174 5503 subiit,
3203 5441 3306 5494 sub
3351 5439 3547 5495 Pontio

392 5624 437 5652 ³⁹
474 5620 630 5675 Joan.
661 5635 742 5684 Ill,
784 5619 869 5675 16.
946 5622 992 5654 ’σο
1025 5618 1255 5673 Malach.
1288 5636 1322 5683 ι,
1358 5620 1411 5672 6.
1490 5619 1530 5650 δι
1558 5617 1712 5673 Joan.
1751 5634 1883 5686 xvn,

2043 5618 2087 5651 “
2130 5617 2295 5672 Hebr.
2330 5631 2366 5681 I,
2397 5616 2450 5669 '5.
2529 5616 2571 5647 ⁸³
2594 5615 2754 5670 Joan.
2784 5631 2893 5682 xrv,
2922 5614 2973 5668 9.
3052 5616 3095 5646 “
3132 5614 3236 5671 lsa.
3264 5630 3323 5684 ιι,
3347 5619 3399 5674 6.
