3982 6208
429 267 548 334 ’691

1672 267 1984 331 NlCOLAI
2027 268 2288 331 CABASI
2300 268 2411 331 LA!
3558 272 3648 335 592

446 382 624 436 Pilato
649 377 1024 433 testimonium
1050 375 1342 448 perhibuit,
1368 378 1563 430 bonam
1594 379 2022 445 confesswnem,

2128 379 2439 450 συνελήφθη
2500 380 2596 433 καὶ
2648 377 2854 451 κριτῶν
2899 376 3156 450 ἠνέσχετο
3205 377 3526 448 παρανόμων
3567 365 3653 436 καί

444 485 506 528 ιιι
557 471 757 526 Paulus
784 470 1075 540 inquit‘“,
1109 482 1413 537 pmnasquc
1457 467 1822 526 confessionis
1853 471 2013 540 hujus

447 566 501 620 in
534 579 698 618 cruce
727 562 968 616 moriens
1009 559 1160 613 dedit
1188 576 1202 624 ;
1239 569 1294 615 et
1329 558 1534 630 ﬂagella
1565 569 1736 631 tergo,
1765 562 2018 622 manibus

443 665 499 712 et
535 656 762 724 pedibus
787 653 1000 717 clavos,
1036 651 1204 706 latere
1265 651 1511 707 lanceam
1539 655 1776 724 excepit.
1808 653 2020 726 Flagris

443 755 758 814 conpertum
789 745 982 806 doluit,
1011 750 1065 797 et
1085 743 1358 799 conﬁxum
1394 745 1561 801 clavis
1581 747 1885 801 cruciatum
1914 757 2018 804 est.

428 833 801 903 Hicsamguis
833 849 880 886 re
930 833 1252 888 vulneribus
1291 849 1605 903 erumpens
1658 834 1789 890 solis
1837 835 2019 890 lumen

445 925 790 987 obscuravit,
816 933 872 977 et
900 933 1102 977 terram
1138 923 1452 987 concussit,
1482 933 1534 978 et
1562 939 1753 993 aerem
1781 923 2024 979 sanctifi-

445 1016 609 1076 cavit,
651 1022 704 1068 et
748 1013 1007 1067 mundum
1061 1014 1378 1068 universum
1435 1028 1465 1068 a
1523 1014 1730 1080 peccati
1765 1015 2021 1072 sordibus

445 1107 598 1162 lavit.
639 1103 826 1173 Itaque
856 1102 998 1158 sicut
1054 1103 1270 1172 scriptae
1321 1103 1424 1172 legi
1476 1104 1702 1159 omnino
1751 1105 2022 1174 spirituali

448 1199 565 1263 lege
617 1194 921 1265 opus-fuit,
979 1193 1316 1263 imperfecta:
1367 1193 1626 1263 perfecta,
1662 1195 1712 1250 ei
1759 1211 1881 1265 qua-
1915 1210 2020 1250 non

448 1290 626 1360 potuit
660 1287 959 1358 pcrfcctum
985 1287 1163 1341 facere
1199 1288 1547 1352 servientem,
1572 1303 1634 1342 ea
1658 1303 1779 1356 quae
1807 1297 2018 1356 potest:

2124 471 2475 541 ἐμαρτύρησε
2517 471 2620 541 μὲν
2674 471 2767 543 επὶ
2815 469 3040 524 Ποντίου
3091 469 3321 528 Πιλάτου
3365 469 3461 540 τὴν
3499 471 3653 543 καλὴν

2119 539 2428 632 ὁμολογίαν,
2520 539 2660 632 ήφησι
2689 539 2928 625 ίῖαῦλος,
2959 559 3124 614 ἔδωκε
3155 559 3213 613 δὲ
3237 559 3393 630 δίκην
3413 539 3509 628 τῆς
3537 539 3653 629 δμο-

2118 655 2312 721 λογίας
2331 655 2580 720 θάνατον,
2612 655 2708 708 καὶ
2738 654 2928 707 τοῦτον
2948 653 3040 706 ἐπὶ
3069 652 3329 722 σταυροῦ,
3358 653 3446 705 καὶ
3479 653 3655 722 μάστι-

2120 765 2226 817 γας
2260 751 2358 816 μὲν
2386 748 2478 800 ἐπὶ
2523 747 2632 800 τῶν
2671 745 3054 816 μεταφρένων,
3089 745 3181 798 ἐπὶ
3232 745 3289 798 δὲ
3338 745 3442 798 τῶν
3478 747 3656 816 χειρῶν

2121 839 2216 892 καὶ
2263 838 2368 891 τῶν
2413 837 2591 892 ποδῶν
2646 838 2831 909 ἥλους,
2877 840 2943 908 τῇ
2996 837 3210 907 πλευρᾷ
3257 836 3313 888 δὲ
3351 835 3446 907 τὴν
3481 838 3658 909 λόγχην

2121 928 2337 996 ὲδέξατο
2394 931 2489 982 καὶ
2541 928 2750 999 ἤλγησε
2803 927 3240 998 μαστιγούμενον
3291 929 3384 980 καὶ
3433 927 3658 1000 ὡδυνήθη

2124 1021 2591 1092 προσηλούμενον,
2632 1021 2793 1075 τοῦτο
2822 1020 2883 1074 τὸ
2933 1014 3069 1090 αἷμα
3107 1018 3216 1072 τῶν
3264 1018 3482 1090 πληγῶν
3511 1021 3663 1092 ἐκπη-

2123 1113 2295 1181 δῆσαν
2327 1112 2420 1165 τδν
2443 1112 2598 1183 ἥλιον
2623 1111 2814 1166 ἔσϐεσε
2845 1111 2940 1165 καὶ
2966 1111 3067 1182 τὴν
3108 1111 3217 1180 γῆν
3249 1110 3424 1163 ἔσεισε
3458 1112 3547 1163 καὶ
3581 1113 3661 1166 τὸν

2125 1204 2264 1274 ἀέρα
2321 1204 2516 1274 ἡγίασε
2587 1205 2710 1258 καὶυ
2745 1203 2923 1257 πάντα
2996 1205 3087 1259 τὸν
3145 1204 3351 1273 κόσμον
3412 1205 3661 1258 ἀπέκλυσε

2123 1296 2215 1348 τοῦ
2265 1295 2436 1365 ῥύπου
2491 1295 2588 1365 τῆς
2630 1295 2924 1365 ἁμαρτίας.
2955 1294 3118 1349 Ὅθεν
3166 1296 3417 1364 καθάπερ
3459 1297 3657 1365 ἐδέησεν

449 1383 638 1433 eodem
672 1385 833 1434 modo
860 1379 950 1448 qui
983 1389 1106 1448 post
1131 1378 1460 1448 baptismum
1489 1379 1542 1432 in
1572 1379 1802 1449 gratiam
1835 1393 2025 1448 pecca-

448 1482 666 1534 verunt,
719 1470 1166 1538 suppliciumque
1202 1471 1588 1540 deprecantur,
1620 1470 1837 1523 illorum
1874 1471 2026 1524 laba-

450 1564 622 1626 ribus,
655 1561 953 1616 sudoribus
988 1569 1043 1614 ct
1092 1560 1346 1632 lacrymis
1375 1561 1638 1631 sanguine
1677 1559 1808 1614 Novi
1832 1561 2025 1615 Testa-

2125 1386 2312 1450 ἁπλῶς
2351 1387 2425 1457 τῷ
2476 1387 2708 1458 γραπτῷ
2753 1387 2902 1458 νόμῳ
2937 1387 3031 1441 τοῦ
3079 1386 3450 1456 πνευματικοῦ
3493 1388 3660 1456 νόμου,

2123 1478 2202 1549 τῷ
2233 1477 2441 1541 ἀτελῶς
2473 1478 2652 1548 ἔχοντι
2681 1478 2776 1531 τοῦ
2809 1478 3038 1543 τελείου,
3071 1477 3149 1548 τῷ
3181 1478 3388 1531 τέλειον
3415 1478 3662 1547 ἀποφῆναι

2125 1569 2217 1622 τὸν
2251 1568 2622 1638 κατορθοῦντα
2659 1569 2733 1640 μὴ
2782 1569 3064 1640 δυναμένῳ
3088 1567 3184 1622 τοῦ
3227 1569 3519 1638 δυναμένου
3542 1581 3556 1598 ⁶
3584 1569 3662 1622 τὸν

458 1654 647 1718 menti,
681 1663 733 1705 ct
800 1651 1154 1706 immaculato
1203 1665 1432 1720 corpore
1502 1667 1640 1722 opus
1684 1661 1787 1716 est,
1841 1661 2026 1722 utpote

2129 1658 2243 1712 ἴσον
2273 1659 2476 1730 τρόπον
2506 1661 2598 1713 καὶ
2644 1661 2750 1714 τῶν
2777 1662 2918 1730 μετά
2954 1660 3016 1714 τδ
3042 1661 3286 1732 λουτρὸν,
3317 1661 3442 1730 περὶ
3473 1654 3542 1713 ὧν
3583 1657 3662 1723 EE-

449 1746 583 1798 citra
623 1744 736 1797 haec
772 1743 880 1798 illis
907 1741 1040 1796 nihil
1075 1741 1403 1800 valentibus.

2127 1751 2396 1823 ἠμαρτον,
2435 1751 2518 1814 είς
2549 1751 2648 1823 τὴν
2701 1753 2863 1824 χάριν
2897 1752 3348 1822 παραιτουμένων
3376 1753 3480 1811 τοῖς
3505 1750 3665 1810 πόνοις

450 1840 543 1890 καὶ
574 1839 686 1900 τοῖς
713 1836 942 1905 δάκρυσι
980 1834 1073 1888 τοῦ
1105 1833 1335 1898 αἵματος
1360 1833 1442 1886 δεῖ
1465 1835 1563 1905 τῆς
1589 1834 1776 1908 κοινῆς
1809 1834 2087 1912 Διαθήκης
2116 1844 2212 1898 καὶ
2241 1841 2335 1896 τοῦ
2366 1843 2670 1913 σφαγέντος
2693 1841 2965 1914 σώματος,
3027 1842 3104 1906 ὡς
3165 1843 3320 1897 οὑδὶν
3381 1841 3564 1912 ὄφελος
3613 1838 3665 1891 δν

439 1928 673 1982 ἐκείνων
703 1928 907 1981 τούτων
939 1926 1128 1996 χωρίς.

507 2023 745 2078 ιθὶινίιιιιε
777 2038 940 2092 porro
978 2023 1266 2094 Dionysius
1295 2030 1350 2078 et
1381 2023 1526 2092 ipsas
1555 2022 1888 2082 initiationes
1920 2027 2025 2082 rite

2201 2028 2479 2091 Διονύσιος
2501 2029 2557 2082 δὲ
2590 2030 2617 2083 δ
2645 2029 2791 2094 θεῖος
2823 2028 2920 2083 καὶ
2944 2025 3045 2091 τὰς
3088 2025 3246 2097 ίεράς
3275 2025 3443 2088 αύτάς
3468 2021 3667 2086 τελετὰς

438 2119 730 2188 'peragi,el
776 2131 971 2170 munus
1020 2131 1182 2172 suum
1209 2117 1389 2172 facere
1405 2131 1565 2186 posse
1601 2126 1776 2186 negat,
1807 2117 1850 2172 si
1870 2133 2025 2174 sacra

2133 2119 2210 2190 μὴ
2237 2121 2304 2174 ἂν
2329 2120 2548 2173 τελέσαι
2587 2120 2743 2190 φησὶ,
2776 2121 2908 2190 μηδὲ
2949 2120 3017 2173 τά
3049 2118 3232 2172 αὐτῶν
3283 2116 3561 2186 δυνηθῆναι
3601 2116 3665 2185 μὴ

453 2223 609 2263 coena
640 2222 747 2261 non
779 2207 1068 2263 accesserit
1092 2224 1106 2262 :
1130 2208 1300 2263 multo
1353 2209 1536 2264 minus
1567 2209 1804 2264 laborem
1841 2217 1894 2264 et
1933 2209 2025 2278 ju-

2129 2212 2225 2266 τοῦ
2277 2212 2495 2266 δείπνου
2531 2212 2924 2284 προστεθέντος
2965 2211 3058 2264 τοῦ
3114 2208 3292 2281 ἱεροῦ,
3328 2209 3486 2279 σχολῇ
3529 2224 3586 2276 γε
3611 2207 3666 2272 δὴ

451 2300 650 2354 stitiam
685 2298 989 2362 hominum,
1012 2306 1230 2367 peccata
1259 2299 1563 2352 emaculare
1614 2306 1669 2352 et
1709 2298 1813 2352 alia
1841 2296 2024 2353 effice-

2131 2304 2294 2358 πόνον
2338 2305 2433 2358 καὶ
2461 2304 2811 2373 δικαιοσύνην
2859 2301 3164 2374 ἀνθρώπων
3211 2301 3476 2370 ἁμαρτίας
3524 2298 3666 2351 δύνα-

454 2405 512 2443 rc
533 2403 696 2458 posse
732 2388 1057 2444 credendum
1100 2398 1202 2444 est.
1271 2387 1474 2443 Deinde
1521 2397 1576 2442 et
1611 2389 1714 2444 hoc
1745 2404 1912 2444 unum
1943 2399 2026 2444 est

2133 2394 2257 2448 σθαι
2294 2395 2442 2464 λύειν
2481 2395 2574 2449 καὶ
2616 2395 2685 2448 τὰ
2731 2393 2955 2447 τοιαῦτα
3007 2397 3295 2462 περαίνειν
3350 2392 3488 2463 ἔχειν
3541 2390 3667 2451 εἰκός

452 2479 526 2536 de
560 2481 938 2546 sacramentis,
967 2483 1030 2534 de
1050 2481 1292 2550 peccatis
1312 2481 1658 2551 ptenitentes,
1709 2490 1763 2537 et
1811 2483 2024 2551 seipsos

2129 2487 2277 2541 ἐστιν
2300 2502 2314 2518 ο
2349 2487 2523 2550 ἄλλως
2555 2504 2614 2539 τε
2646 2486 2753 2538 τῶν
2790 2484 2958 2556 ἱερῶν
2989 2484 3050 2538 ἓν
3075 2485 3172 2539 καὶ
3201 2485 3358 2539 τοῦτο
3384 2485 3666 2556 μυστηρίων

450 2572 830 2626 Sacerdotibus
861 2571 1183 2641 aperientes,
1217 2572 1286 2626 ab
1321 2572 1468 2625 omni
1500 2586 1656 2640 poena
1682 2572 1822 2640 apud
1858 2572 2022 2628 Deum

2129 2578 2256 2639 τοὺς
2291 2579 2420 2648 περὶ
2453 2571 2528 2630 ὧν
2559 2576 2868 2646 ἐξήμαρτον
2912 2576 3285 2645 μεταγνόντας
3327 2577 3418 2629 καὶ
3447 2590 3664 2643 προσαγ-

457 2662 694 2731 jndiccm
731 2661 994 2725 eximere,
1015 2675 1122 2730 qua
1146 2661 1434 2715 efhcientia
1469 2659 1721 2715 similiter
1746 2662 1904 2731 potiri
1938 2678 2029 2717 ne-

2132 2668 2420 2736 γείλαντας
2464 2670 2686 2732 ἑαυτοὺς
2719 2669 2831 2730 τοῖς
2879 2666 3084 2738 ἱερεῦσι
3131 2669 3316 2737 πάσης
3364 2665 3664 2721 ἀπολύεσθαι

463 2755 716 2820 quibunt.
749 2754 838 2821 qui
878 2753 1049 2808 sacris
1075 2753 1249 2820 epulis
1285 2767 1390 2806 non
1445 2751 1818 2806 accubuerint.
1877 2754 2030 2818 Quo-

2133 2759 2294 2827 δίκης
2326 2763 2475 2830 παρᾶ
2521 2761 2641 2830 Θεῷ
2669 2761 2922 2832 δικαστῇ.
2953 2759 3170 2814 Οὐκοῦν
3218 2761 3339 2816 οὐδὲ
3373 2760 3549 2814 τούτου
3585 2758 3664 2827 γέ-

462 2843 610 2896 circa
640 2855 945 2910 quanquam
997 2841 1166 2894 semel
1191 2841 1504 2905 invitamur,
1533 2842 1732 2910 saepius
1756 2853 1932 2896 tamen
1965 2841 2032 2897 ad

2135 2855 2266 2905 νοιτ*
2297 2851 2364 2904 ἂν
2396 2854 2580 2922 τυχεῖν
2622 2851 2869 2923 ἐνεργοῦ,
2911 2854 2983 2922 μὴ
3014 2852 3075 2905 τὸ
3123 2853 3277 2927 ἱερὴν
3307 2853 3665 2921 δειπνήσαντας

466 2935 608 2987 hanc
652 2946 895 2986 mensam
918 2931 1263 2987 accedimus:
1297 2933 1739 3002 quandoquidem
1791 2935 2032 2989 homines

2137 2944 2374 2998 δεῖπνον.
2405 2947 2503 2998 Διά
2529 2946 2686 2999 τοῦτο
2711 2948 2803 2999 καὶ
2823 2947 3065 3016 λούμεθα
3099 2949 3202 3015 μὲν
3231 2946 3394 3013 ἅπαξ,
3428 2946 3663 3014 πρόσιμεν

461 3034 622 3079 natos
637 3038 852 3093 semper
870 3022 1034 3078 Deum
1055 3022 1328 3078 offendere
1355 3025 1639 3095 contingit,
1674 3025 1830 3081 noxis
1854 3036 2037 3080 autem

460 3117 613 3171 exire
654 3124 932 3179 conantes,
960 3115 1300 3183 poenitentia,
1332 3116 1612 3172 laboribus
1673 3126 1726 3172 et
1758 3119 2032 3188 triumpho

2131 3129 2250 3199 Θεῷ
2287 3132 2654 3199 προσκρούειν
2685 3131 3004 3202 ἀνθρώπους
3028 3132 3212 3198 δντας,
3257 3131 3402 3186 λύειν
3436 3132 3489 3186 δὲ
3519 3129 3570 3182 τὸ
3589 3129 3662 3194 ἔγ-

459 3207 698 3278 quodam
719 3207 786 3261 de
824 3213 1048 3276 peccato
1073 3206 1338 3277 indigent.
1357 3207 1534 3277 Atque
1559 3209 1661 3264 hoc
1681 3217 1871 3264 contra
1903 3223 2030 3278 pec-

2131 3221 2318 3290 κλημα
2346 3222 2714 3291 πειρωμένοις
2744 3222 3035 3290 μετανοίας
3061 3225 3227 3294 χρείᾳ
3277 3225 3370 3278 καὶ
3399 3224 3562 3276 πόνων
3586 3217 3664 3273 καὶ

465 3311 644 3355 catum
679 3299 904 3364 facient,
943 3299 1013 3366 si,
1057 3301 1200 3368 quod
1233 3300 1408 3355 solum
1443 3311 1527 3357 est
1559 3301 1820 3357 adversus
1855 3303 2030 3358 homi-

2129 3275 2628 3379 τοῦηθριαμδεῦισαι
2799 3275 3111 3381 ἁμαρτίαν,Ἴ
3447 3311 3663 3380 δράσειεν

462 3407 593 3445 num
626 3399 847 3459 peccata
876 3389 1357 3458 medicamentum,
1398 3389 1699 3449 adhibitum
1743 3390 1921 3447 fuerit.

2131 3398 2199 3453 ἂν
2224 3399 2366 3452 κατά
2411 3399 2513 3470 τῆς
2545 3401 2846 3472 ἁμαρτίας,
2883 3402 2949 3469 ἢν
2973 3401 3033 3455 τὸ
3068 3402 3237 3473 μόνον
3281 3403 3388 3457 τῶν
3418 3398 3664 3471 ἀνθρωπί-

2129 3508 2238 3547 νων
2274 3492 2464 3546 κακῶν
2489 3491 2778 3563 φάρμακον
2804 3495 3099 3565 προστεθῇ.

2205 3582 2468 3655 Καθάπερ
2495 3584 2604 3654 γὰρ
2634 3585 2734 3654 τὴν
2760 3585 3077 3654 ἀγριέλαιος»
3099 3587 3133 3656 ἡ
3162 3587 3512 3651 καλλιέλαιος,
3539 3585 3665 3637 ἒπει-

2131 3673 2230 3727 δάν
2251 3674 2636 3746 ἐγκεντρισθῇ,
2664 3675 2801 3746 πρὸς
2833 3676 3037 3745 ἑαυτὴν
3071 3677 3330 3744 καθάπαξ
3355 3676 3558 3747 ἀμείϐει
3585 3676 3666 3728 καὶ

2133 3767 2164 3819 ὁ
2199 3767 2410 3837 καρπὸς
2458 3766 2754 3837 οὐδαμόθεν
2805 3769 3002 3840 κοτίνῳ
3047 3771 3375 3841 προσήκωνο
3433 3772 3518 3823 τὸν
3570 3769 3665 3819 ίσον

2135 3857 2335 3929 τρόπον
2369 3859 2465 3912 καὶ
2503 3861 2537 3924 ἡ
2569 3862 2676 3915 τῶν
2717 3859 3018 3930 ἀνθρώπων
3069 3862 3388 3933 δικαιοσύνη
3429 3862 3552 3927 αὐτὴ
3582 3859 3665 3928 μὲν

2137 3946 2274 4016 πρὸς
2296 3947 2445 4001 οὐδὲν
2466 3948 2623 4018 φέρει
2645 3949 2714 4002 δι’
2741 3949 2961 4018 ἑαυτὴν.
2982 3949 3060 4020 τῷ
3085 3949 3142 4003 δὲ
3164 3953 3385 4024 Χριστῷ
3407 3948 3665 4018 συναφθέν-

2138 4055 2250 4093 των
2293 4039 2388 4091 καὶ
2421 4039 2621 4111 σαρκὸς
2660 4043 2755 4094 καὶ
2796 4041 3028 4108 αἵματος
3083 4044 3564 4112 κεκοινωνηκότων,
3606 4038 3666 4088 τὰ

2144 4129 2376 4199 μέγιστα
2402 4131 2511 4183 τῶν
2540 4130 2761 4198 ἀγαθῶν
2792 4130 2952 4193 εὐθὺς
2974 4132 3230 4204 ἐδυνήθη,
3261 4132 3532 4202 ἁμαρτιῶν
3555 4131 3668 4196 ἇφε·

2133 3036 2190 3090 δὲ
2222 3039 2287 3106 τῇ
2311 3038 2561 3110 τραπέζῃ
2589 3037 2865 3104 πολλάκις,
2892 3039 2972 3092 ὅτι
3002 3039 3293 3110 συμϐαίνει
3319 3040 3412 3108 μὲν
3437 3039 3661 3092 ἑκάστοτε

535 3567 688 3621 Sicut
712 3565 855 3621 enim
884 3564 1182 3620 oleastrum
1211 3564 1313 3621 sibi
1335 3566 1604 3620 insertum
1630 3565 1772 3619 oliva
1804 3565 2030 3620 horten-

464 3659 542 3715 sis
564 3674 690 3714 mox
711 3659 764 3712 in
797 3671 854 3713 se
870 3661 1160 3723 convertit,
1190 3670 1244 3714 et
1262 3658 1472 3713 fructus
1505 3667 1690 3726 postea
1710 3658 2028 3728 neutiquam

452 3751 702 3806 oleastro
718 3752 993 3817 convenit,
1024 3749 1097 3804 ita
1119 3759 1171 3805 et
1192 3749 1653 3818 humanajustitia
1672 3747 1789 3818 ipsa
1813 3749 2030 3820 quidem

447 3858 652 3912 perae
696 3843 867 3912 ipsam
933 3841 998 3896 ad
1050 3841 1186 3900 nihi.
1233 3841 1514 3905 conducit;
1578 3840 1673 3896 sed
1704 3841 1760 3894 in
1825 3841 1910 3895 his
1939 3839 2034 3910 qui

448 3937 682 3991 -Chrislo
723 3934 970 4004 c0pnlati
1001 3933 1223 3996 fuerint,
1272 3933 1534 4002 carnique
1559 3943 1613 3986 et
1645 3932 1891 4001 sanguini
1917 3929 2035 3998 eius

463 4025 1009 4090 eomuwnicaver-int,
1063 4025 1322 4079 continuo
1350 4023 1490 4078 bona
1545 4023 1878 4092 amplissima
1907 4037 2036 4092 pro-

451 4126 708 4187 :generat,
761 4124 1105 4185 peccatorum
1153 4112 1533 4167 remissionem
1565 4121 1619 4167 et
1664 4112 2032 4167 hazreditatem

468 4209 640 4278 regni,
668 4209 761 4275 qui
789 4205 1017 4275 iustitia:
1055 4203 1258 4258 Christi
1315 4203 1525 4259 fructus
1590 4213 1738 4260 sunt.
1787 4201 1859 4259 Ut
1887 4207 2032 4262 enim

2143 4236 2228 4273 σιν
2256 4222 2351 4274 καὶ
2391 4220 2669 4290 βασιλείας
2696 4222 3084 4294 κληρονομίαν,
3120 4201 3162 4279 ἀ
3189 4201 3308 4296 τῆς
3337 4201 3428 4278 τοῦ
3459 4217 3664 4292 Χριστοῦ

455 4315 497 4352 ta
527 4312 686 4354 sacra
718 4310 904 4350 mensa
941 4293 1144 4349 Christi
1182 4307 1380 4363 corpus
1433 4296 1753 4365 accipimus,
1785 4302 1839 4349 et
1893 4297 2032 4365 quod

2138 4310 2485 4382 δικαιοσύνης
2513 4313 2632 4366 ἐστὶ
2657 4314 2889 4385 καρπός.
2923 4293 3136 4386 Ὥσπερ
3163 4293 3273 4387 γὰρ
3298 4317 3402 4370 ἀπὸ
3433 4312 3668 4383 τῆςίερᾶς

454 4386 815 4458 .praestantius
837 4393 941 4448 est,
967 4395 1169 4451 corpus
1191 4394 1440 4437 nostrum
1466 4385 1621 4453 longe
1646 4385 1837 4440 vincit:
1860 4387 1934 4440 ita
1953 4401 2032 4442 se-

2139 4401 2420 4474 τράπεζης
2453 4405 2514 4457 τὸ
2549 4404 2708 4476 σῶμα
2745 4406 2983 4477 Χριστοῦ
3019 4385 3361 4478 κομιζόμεθα
3405 4406 3552 4475 σῶμα
3577 4401 3668 4455 τῶν
3707 4459 3712 4463 ,

469 4478 657 4546 quitur
672 4477 786 4539 hic,
817 4483 877 4528 ut
898 4472 1108 4543 iustitia
1130 4481 1314 4528 nostra
1337 4473 1536 4529 Christi
1558 4474 1782 4545 justilire
1804 4480 2032 4546 speciem

2144 4496 2471 4563 κρειττόνων
2495 4497 2932 4568 ύπερνικὼντων,
2955 4499 3132 4562 οὕτως
3155 4500 3444 4554 ἀκόλουθον
3466 4493 3672 4551 ἐνταῦθα

456 4565 788 4634 «mitumque
806 4562 860 4616 in
875 4577 933 4617 se
947 4570 1215 4630 capessat.
1239 4562 1365 4616 Haac
1379 4563 1548 4628 enim,
1573 4581 1592 4615 ι
1609 4562 1823 4634 Corpus
1838 4566 2032 4622 Christi

2143 4562 2238 4638 καὶ
2265 4586 2366 4658 τὴν
2416 4562 2766 4660 δικαιοσύνην
2803 4562 2960 4660 ἡμῶν
2986 4591 3293 4660 χριστοειδῆ
3341 4588 3575 4658 γενέσθαι
3602 4584 3671 4635 δι-

456 4671 687 4722 sumus,
709 4665 766 4709 et
782 4654 1024 4709 membra
1041 4669 1107 4708 ex
1127 4664 1280 4723 parte
1300 4655 1346 4686 “
1363 4695 1378 4720 ,
1405 4672 1424 4706 ι
1454 4669 1563 4710 non
1588 4656 1658 4711 de
1685 4671 1917 4730 corpore
1934 4659 2032 4714 dici

2145 4654 2458 4747 καιοσύνην.
2490 4679 2563 4732 Τὸ
2591 4679 2700 4748 γάρ
2721 4654 2751 4730 ⁷ι
2783 4654 2948 4750 Σῶμα
2974 4654 3212 4751 ἀέριστοῦ
3244 4654 3410 4750 ἐσμεν
3437 4677 3524 4731 καὶ
3551 4673 3667 4744 μέλη

457 4747 646 4802 solum
670 4743 1044 4799 existimemus
1076 4744 1221 4809 licet,
1239 4745 1410 4800 multo
1427 4755 1606 4801 autem
1630 4747 1831 4816 justius
1850 4750 2032 4804 anima

2143 4766 2210 4818 lit
2259 4743 2478 4838 μέρους,
2513 4787 2548 4821 ι
2602 4743 2838 4824 οὖνκατά
2874 4743 2944 4824 ⁷τὸ
2999 4743 3157 4842 σῶμα
3213 4743 3370 4842 μόνον
3417 4763 3670 4838 νομιστέον

451 4846 527 4892 vet
573 4835 776 4900 actioni
819 4833 941 4904 ejus
992 4834 1131 4888 hanc
1187 4837 1624 4892 communionem
1669 4839 2032 4906 tribuendam;

2143 4833 2416 4926 εἰρῆσθαι,
2449 4859 2584 4912 ἀλλά
2632 4859 2815 4932 πολλῷ
2843 4833 3182 4932 δικαιότερον
3213 4833 3291 4934 ’τῇ
3323 4833 3590 4931 ψυχῇξκαὶ
3614 4853 3668 4922 τῇ

456 4924 925 4998 quandoquidem
962 4941 982 4976 ι
1023 4924 1124 4990 Qui
1162 4927 1403 4982 adhaeret
1432 4927 1674 4991 Christo,
1707 4945 1848 4985 unus
1878 4930 2032 4999 spiri-

2144 4945 2268 4997 κατ’
2297 4945 2464 5017 αὐτὴν
2494 4948 2745 5020 ἐνεργείᾳ
2772 4950 2871 5020 τὴν
2895 4952 3183 5006 κοινωνίαν
3217 4951 3496 5004 ἀποδοτέον
3523 4944 3668 4996 ἐστίν·

473 5023 810 5072 tusest.cum
839 5029 905 5069 eo
937 5013 1028 5068 η’.
1059 5032 1078 5064 ›
1110 5015 1525 5080 ρυίὺυεμνοτιήε
1553 5017 1883 5083 declaratur,
1899 5021 2032 5076 hanc

2137 5033 2265 5087 επεὶ
2291 5037 2387 5090 καὶ
2470 5042 2496 5091 ὁ
2518 5013 2856 5112 κολλώμενος
2883 5043 2961 5112 τῷ
2983 5045 3173 5113 Κυρίῳ
3200 5043 3256 5096 ἓν
3279 5039 3488 5107 πνεῦμά
3505 5041 3622 5098 ἐστι,
3648 5049 3665 5082 t

463 5114 917 5164 «communionem
951 5116 1004 5164 et
1026 5108 1444 5161 coalescentiam
1481 5109 1534 5162 in
1569 5112 1748 5164 anima
1797 5121 1855 5165 et
1890 5127 2032 5166 men-

2144 5124 2300 5180 τοῦτό
2338 5128 2455 5181 ἔστι
2499 5131 2830 5195 δεικνύντος,
2877 5134 2976 5202 τὴν
3021 5134 3308 5187 κοινωνίαν
3357 5129 3552 5195 ταύτην
3591 5123 3669 5175 καὶ

458 5216 530 5261 te
555 5205 734 5275 potius
759 5203 1086 5257 consistere.
1135 5201 1262 5255 Ideo
1325 5216 1430 5255 non
1489 5217 1682 5270 corpus
1715 5203 1918 5268 solum,
1947 5204 2032 5260 sed

2149 5218 2428 5284 συμφυΐαν
2469 5220 2562 5272 ἐπὶ
2599 5220 2694 5274 τοῦ
2733 5222 2823 5274 νοῦ
2859 5224 3092 5293 μάλιστα
3124 5225 3438 5276 συνεστάναι
3469 5214 3668 5278 καὶτῆς

460 5298 715 5350 .animam
747 5301 1042 5363 quoque,et
1075 5305 1327 5355 mentem,
1352 5301 1406 5346 et
1441 5294 1868 5360 voluntatem,.et
1895 5313 2032 5367 qua:-

2143 5302 2342 5374 ψυχῆς-
2389 5309 2487 5363 Διὰ
2532 5311 2687 5363 τοῦτο
2722 5313 2828 5384 γὰρ
2869 5315 2932 5366 οὑ
2983 5315 3140 5384 σῶμα
3189 5311 3461 5383 περιέθετο
3511 5306 3666 5374 μόνον.

464 5401 698 5454 -cunque
721 5386 952 5438 humana
985 5383 1301 5450 assumpsit,
1331 5384 1560 5438 utnobis
1593 5387 1722 5441 totis
1747 5391 1889 5444 uniri
1913 5405 2032 5458 μοι⁴

2146 5396 2283 5449 άλλά
2308 5398 2404 5450 καὶ
2430 5399 2605 5470 ψυχὴν
2639 5383 2806 5455 ἔλαϐε
2827 5403 2920 5457 καὶ
2949 5383 3073 5456 νοῦν
3095 5406 3186 5457 καὶ
3217 5402 3431 5468 θέλησιν
3460 5396 3546 5449 καὶ
3573 5388 3668 5441 πᾶν

465 5482 586 5541 .set,
610 5487 818 5543 nosque
839 5480 981 5527 totos
996 5471 1338 5540 pervaderet,
1389 5473 1514 5528 etin
1540 5475 1776 5544 seipsum
1799 5481 2032 5536 resolve-

2149 5488 2334 5543 ὁτιοῦν
2367 5491 2730 5563 ἀνθρώπειον,
2775 5494 2843 5549 ἵν’
2873 5496 3014 5561 ὅλοις
3045 5498 3176 5568 ἡμῖν
3205 5493 3460 5560 ἐνωθῆναι
3487 5480 3668 5552 δυνηθῇ

552 5654 669 5710 ⁸ιί
695 5652 838 5709 Tim.
880 5666 961 5719 Vl,
993 5649 1047 5704 9..
1122 5651 1212 5704 ⁸⁵1
1243 5651 1367 5709 Cor.
1399 5669 1494 5720 ut,
1529 5655 1618 5711 9.7.
1696 5654 1766 5688 “’
1799 5657 1965 5715 l-Cor.
1995 5677 2069 5730 v1,
2103 5662 2193 5717 17.
