3982 6208
351 364 460 427 593
1379 389 1474 447 DE
1517 390 1689 449 VITA
1738 394 1817 452 IN
1858 396 2190 457 CIIRISTO
2251 401 2394 459 LliB.
2437 402 2536 464 IV.
3485 414 3589 479 594

353 479 450 593 καὶ
572 481 728 593 ὅλων.
753 487 917 555 ἡμῶν
941 494 1187 565 χωρήσῃ,
1224 499 1319 549 καὶ
1354 501 1489 569 πρὸς
1535 502 1728 557 ἑαυτὸν
1765 507 1914 575 ἡμᾶς

2022 516 2121 569 ret,
2155 524 2277 563 cum
2313 514 2567 568 oninibus
2598 515 2799 582 omnia,
2833 519 3036 576 nostris
3069 536 3169 577 sua
3223 530 3590 593 conglutinas-

352 573 621 689 ἀναλύῗῃ,
652 578 788 689 πᾶσι
837 582 1018 636 πάντα
1068 588 1313 657 συνάψας
1354 595 1466 655 τοῖς
1510 573 1804 665 ἡμετέροις
1848 599 1917 652 τά

2022 612 2121 655 set.
2151 602 2306 657 Unde
2329 607 2673 671 peccantibus
2697 611 2940 680 adaptari
2984 622 3037 666 et
3061 617 3334 671 cohaerere
3368 634 3470 673 non
3489 637 3589 689 po-

350 663 574 765 έαυτοῦ,
625 667 750 720 ὅθεν
802 671 1210 740 ἁμαρτάνουσιν
1263 663 1608 752 ἀνάρμοστός
1660 663 1774 740 ἐστι
1823 690 1918 741 καὶ

2329 663 2339 671 ,
2661 663 2666 664 κ
2803 663 2822 680 ,
2903 663 2938 664 η
2993 663 3035 666 ,-
3067 663 3333 671 "um---
3368 663 3556 689 ..ν..,.ν

2022 701 2163 758 test,
2185 697 2440 762 quoniam
2469 699 2568 752 hac
2600 709 2809 754 tantum
2838 703 3047 757 ratione
3084 706 3231 759 nulla
3271 709 3431 763 nobis
3461 727 3584 765 cum

350 754 675 847 éxdnjqrog,
704 761 785 813 ὅτι
818 764 987 835 ταύτῃ
1028 767 1189 835 μόνον
1233 774 1412 826 κοινὸν
1443 776 1573 843 ἡμῖν
1601 778 1738 847 πρὸς
1779 782 1920 832 ἐκεῖ·

351 859 475 938 νον..
503 846 580 898 Ti
608 849 720 919 γὰρ
752 850 885 904 ἄλλα
909 854 1088 908 πάντα
1119 860 1212 910 καὶ
1247 860 1464 928 ἐδέξατο
1493 867 1620 936 παρ’
1646 868 1801 937 ἡμῶν
1834 887 1921 938 φι-

348 934 691 1029 λανθρώπως
742 944 836 996 καὶ
887 947 1019 1016 ἡμῖν
1068 950 1333 1006 συνάπτει
1382 934 1915 1029 φιλανθρωπότερον.

349 1027 427 1077 Τὸ
465 1028 568 1093 μὲν
598 1033 705 1101 γάρ
731 1030 800 1100 ἦν
841 1036 932 1088 τὸν
960 1038 1092 1091 Θεὸν
1140 1041 1219 1103 είς
1245 1044 1346 1111 τὴν
1384 1046 1487 1115 γῆν
1527 1027 1829 1111 κατελθεῖν,
1858 1049 1919 1102 τὸ

348 1115 410 1167 δὲ
432 1119 581 1187 ἡμᾶς
614 1121 825 1177 ἐνθένδε
850 1127 1151 1195 ἀναγαγεῖν
1173 1151 1188 1166 σ
1227 1132 1324 1185 καὶ
1353 1135 1414 1186 τὸ
1440 1135 1540 1204 μὲν
1574 1138 1736 1191 αὐτὸν
1768 1140 1922 1193 ἐναν-

348 1210 667 1281 θρωπῆσαι,
704 1216 767 1270 τὸ
806 1218 864 1272 δὲ
910 1222 1001 1274 τδν
1047 1225 1337 1295 ἄνθρωπον
1380 1229 1681 1299 θεωθῆναι·
1722 1231 1819 1286 καὶ
1858 1232 1920 1284 τὸ

351 1304 456 1373 μὲν
493 1306 592 1375 τὴν
621 1308 784 1377 φύσιν
816 1311 1005 1377 ἁπλῶς
1048 1316 1159 1370 τῶν
1194 1318 1410 1375 ὀνειδῶν
1452 1322 1806 1388 ἀπαλλάττει,
1832 1325 1920 1394 ἐφ’

346 1396 435 1449 ἑνὶ
469 1396 684 1469 σώματι
724 1404 817 1455 καὶ
852 1407 953 1475 μιᾷ
977 1405 1123 1478 ψυχῇ
1161 1409 1259 1479 τὴν
1288 1412 1567 1482 ἁμαρτίαν
1593 1416 1918 1485 νικήσασαν,

344 1487 413 1538 τὸ
440 1488 496 1541 δὲ
533 1489 766 1546 ἕκαστον
784 1495 895 1549 τῶν
929 1498 1231 1566 ἀνθρώπων
1256 1505 1543 1573 ἁμαρτιῶν
1572 1507 1798 1561 ἀπολύει
1825 1508 1920 1562 καὶ

344 1577 471 1648 Θεῷ
504 1582 784 1653 συνίστησι
809 1602 823 1616 ·
860 1586 1035 1643 ταῦτα
1058 1591 1115 1643 δὲ
1143 1593 1367 1648 ἐκείνων
1407 1596 1916 1669 φιλανθρωπότερα.

359 1671 519 1725 Ἐπεὶ
559 1676 668 1744 γὰρ
725 1676 828 1731 οὐκ
861 1680 989 1750 ένῆν
1032 1684 1180 1751 ἡμᾶς
1224 1686 1549 1751 ἀνελθόντας
1601 1690 1709 1743 τῶν
1751 1693 1916 1746 αὐτοῦ

349 1767 672 1835 μετασχεῖν,
709 1769 868 1833 αὐτὸς
900 1775 1181 1830 κατελθὼν
1215 1778 1294 1841 είς
1317 1781 1462 1848 ἡμᾶς
1489 1781 1599 1834 τῶν
1623 1784 1915 1854 ἡμετέρων

348 1859 785 1928 μεταλαμϐάνει,
826 1867 920 1917 καὶ
951 1865 1126 1929 οὕτως
1169 1871 1415 1941 ἀκριϐῶς
1447 1872 1528 1935 οἷς
1564 1875 1725 1929 ἔλαϐε
1784 1895 1911 1932 συν-

346 1949 517 2019 εφύη,
544 1950 684 2004 ὥστε
714 1955 780 2007 δι’
803 1950 878 2010 ὧν
898 1960 1050 2027 ἡμῖν.
1074 1960 1110 2015 ἃ
1131 1963 1263 2032 παρ’
1293 1964 1449 2032 ἡμῶν
1478 1965 1692 2033 ἔλαϐεν,
1733 1970 1916 2031 ἐποδι-

346 2040 539 2105 δωσιν,
569 2044 763 2099 ἑαυτοῦ
810 2051 1157 2117 μεταδίδωσι,
1182 2055 1274 2107 καὶ
1316 2057 1515 2126 σαρκὸς
1550 2060 1643 2112 καὶ
1684 2061 1916 2130 αἵματος

350 2136 676 2203 μετέχοντες
709 2139 1055 2208 ἀνθρωπείου
1089 2145 1181 2197 τὸν
1214 2146 1344 2200 Θεὸν
1381 2151 1543 2204 αὐτὸν
1574 2155 1695 2214 ταῖς
1714 2155 1917 2222 ψυχαῖς

342 2223 638 2293 δεχόμεθα,
671 2230 765 2283 καὶ
796 2231 955 2302 σῶμα
982 2234 1118 2287 Θεοῦ
1145 2237 1243 2290 καὶ
1274 2236 1413 2305 αἷμα
1442 2245 1535 2297 καὶ
1575 2244 1753 2315 ψυχὴν
1779 2245 1917 2299 Θεοῦ

347 2321 449 2371 καὶ
478 2321 604 2375 νοῦν
633 2322 728 2376 καὶ
780 2322 997 2396 θέλησιν
1029 2328 1182 2381 οὐδὲν
1222 2331 1445 2387 ἔλαττον
1490 2337 1523 2404 ἢ
1577 2339 1915 2408 ἀνθρώπινα.

352 2411 509 2465 Ἐδει
539 2412 646 2483 γὰρ
696 2417 790 2470 καὶ
815 2415 973 2471 τοῦτο
1004 2415 1142 2474 εῖναι
1187 2424 1406 2478 κάκεῖνο
1437 2428 1687 2492 γενέσθαι
1728 2431 1789 2484 τὸ
1820 2434 1919 2501 τῆς

351 2504 498 2572 ἐμῆς
527 2505 809 2569 ἀσθενείας
834 2510 1127 2579 φάρμακον
1155 2529 1169 2545 ·
1195 2517 1244 2568 εί
1286 2517 1386 2581 μὲν
1415 2520 1523 2588 γὰρ
1564 2520 1694 2582 Θεὸς
1726 2519 1794 2593 ἦν
1824 2525 1920 2593 μό-

349 2610 467 2658 νον,
499 2596 596 2650 οὐκ
618 2598 683 2651 ἂν
709 2600 880 2663 οὕτως
917 2604 1097 2674 ήνὼθη
1123 2621 1137 2636 ο
1157 2606 1275 2671 πῶς
1304 2611 1413 2679 γὰρ
1441 2614 1509 2665 ἂν
1546 2615 1677 2683 ἡμῖν
1704 2618 1920 2683 ἐγένετο

345 2686 602 2752 δεῖπνονς
640 2692 702 2744 Ei
746 2692 792 2745 δ’
841 2695 979 2764 ὅπερ
1030 2698 1192 2766 ἡμεῖς
1245 2702 1426 2770 μόνον,
1491 2705 1590 2757 οὐκ
1640 2707 1705 2760 ἂν
1746 2709 1920 2775 οὕτως

349 2780 571 2848 ἔδρασε.
604 2783 717 2836 Νῦν
748 2784 806 2840 δὲ
835 2785 895 2838 τὸ
927 2788 1335 2859 συναμφότερον
1355 2807 1369 2821 ’
1395 2795 1538 2846 οὕτω
1565 2797 1663 2864 μὲν
1692 2798 1767 2862 ὡς
1792 2801 1921 2868 ὁμο-

347 2876 572 2941 γενέσιν
623 2876 836 2932 ἑνοῦται
891 2882 982 2933 καὶ
1043 2883 1352 2952 συμφύεται
1409 2890 1521 2951 τοῖς
1573 2890 1918 2959 ἀνθρώποις,

350 2964 581 3027 ἐκείνως
612 2968 667 3019 δὲ
695 2969 792 3038 τὴν
818 2970 983 3039 φύσιν
1023 2969 1153 3043 ἆραι
1187 2974 1410 3030 δύναται
1447 2978 1543 3031 καὶ
1577 2982 1799 3049 νικῆσαι
1827 2986 1923 3037 καὶ

352 3056 496 3123 πρὸς
545 3059 735 3111 ἑαυτὸν
798 3065 1158 3133 μεταστῆσαι.
1193 3067 1314 3121 Τῶν
1357 3068 1467 3141 γάρ
1507 3072 1793 3143 δυνάμεων
1824 3076 1925 3140 τὰς

2019 783 2110 837 illo
2140 788 2492 842 consociatio.
2512 788 2641 843 Nam
2672 803 2865 847 caetera
2908 796 3088 848 omnia
3123 806 3178 849 et
3208 798 3515 854 humaniter
3559 820 3587 856 a

2021 874 2178 930 nobis
2200 878 2459 947 suscepit,
2485 891 2536 935 et
2555 897 2650 935 sua
2670 883 3587 956 nobiscum,humaniuseonjunxit.

2022 965 2157 1020 Illud
2194 976 2311 1021 erat
2345 968 2511 1023 Deum
2559 972 2611 1024 in
2666 980 2841 1028 terras
2870 974 3238 1040 descendisse,
3272 978 3419 1033 istud
3484 997 3584 1037 nus

2022 1057 2144 1110 hinc
2171 1058 2226 1111 in
2263 1060 2461 1114 cmlum
2495 1062 2855 1129 subvexisse;
2894 1066 3023 1119 illud
3048 1066 3226 1135 ipsum
3294 1070 3578 1124 hominem

2019 1150 2219 1207 factum
2249 1168 2391 1219 esse,
2419 1155 2520 1210 hoc
2556 1158 2829 1211 hominem
2866 1158 3034 1213 Deum
3060 1161 3339 1229 evasisse;
3364 1173 3415 1218 et
3454 1164 3587 1218 illud

2020 1241 2240 1306 quidem
2286 1253 2539 1299 naturam
2575 1248 2785 1314 probris
2816 1263 2879 1302 ac
2909 1250 3176 1305 dedecore
3201 1253 3420 1321 penitus
3458 1255 3583 1309 lihe-

2020 1342 2123 1395 rat,
2156 1335 2281 1403 quia
2316 1337 2368 1389 in
2405 1352 2512 1390 uno
2567 1353 2794 1407 corpore
2827 1349 2881 1394 et
2936 1356 3039 1396 una
3085 1343 3261 1396 anima
3307 1356 3588 1413 peccatum

2020 1426 2242 1489 devicit;
2271 1429 2370 1481 hoc
2394 1445 2835 1501 unumquemque
2865 1433 3137 1488 hominem
3167 1451 3192 1486 a
3218 1444 3445 1503 peccato
3466 1438 3590 1490 viu-

2019 1516 2165 1571 dicat
2223 1518 2438 1587 Deoqne
2463 1522 2828 1578 commendat.
2887 1522 3013 1578 Haec
3067 1540 3225 1593 porro
3254 1526 3363 1580 illis
3397 1528 3590 1580 huma-

2019 1607 2186 1660 nitate
2213 1615 2494 1675 praestant.
2528 1607 2795 1674 Quoniam
2857 1611 3001 1664 enim
3059 1627 3155 1666 nos
3186 1616 3503 1675 ascendere,
3538 1623 3591 1667 et

2019 1696 2284 1751 bonorum
2317 1700 2437 1766 eius
2478 1700 2774 1769 participes
2811 1702 2923 1755 ﬁeri
2959 1719 3062 1754 non
3100 1703 3433 1763 valebamns.
3480 1707 3592 1771 ipse

2019 1790 2084 1841 ad
2118 1804 2215 1843 nos
2248 1791 2553 1853 descendit,
2588 1800 2937 1861 nostramque
2978 1794 3345 1848 conditionem
3403 1796 3589 1861 subiit,

2020 1881 2262 1951 adeoque
2280 1882 2763 1953 pcrfecteiisquw
2787 1888 3106 1954 assumpsit,
3140 1888 3365 1953 coaluit,
3404 1899 3462 1941 ut
3500 1903 3593 1956 per

2019 1987 2140 2041 quae
2154 1973 2331 2036 nobis,
2345 1989 2466 2043 qua:
2478 1990 2508 2029 a
2527 1975 2681 2029 nobis
2695 1976 2946 2046 sumpsit,
2957 1977 3251 2048 reddit,per
3266 1995 3326 2034 ea
3348 1978 3584 2048 seipsum

2018 2064 2402 2127 communicet.
2431 2075 2482 2119 et
2502 2081 2662 2120 carne
2680 2069 3051 2138 sanguineque
3072 2071 3309 2122 humano
3336 2078 3595 2124 constan-

2019 2162 2122 2219 tes,
2158 2156 2324 2208 Deum
2356 2156 2541 2226 ipsum
2561 2158 2850 2213 animabus
2873 2160 3257 2229 suscipiamus,
3293 2169 3361 2215 et,
3385 2176 3586 2228 corpus

2018 2257 2075 2303 et
2099 2250 2439 2318 sanguinem,
2464 2258 2519 2303 et
2546 2249 2785 2303 animam
2810 2260 2863 2304 et
2896 2259 3125 2304 mentem
3151 2266 3215 2304 ac
3251 2252 3586 2305 voluntatem

2020 2336 2115 2390 Dei
2154 2351 2306 2406 aeque
2351 2345 2407 2390 ut
2430 2337 2684 2391 hominis.
2720 2337 3017 2407 Oportebat
3045 2340 3313 2408 siquidem
3370 2349 3419 2393 et
3443 2340 3587 2393 aliud

2020 2445 2165 2493 esse,
2195 2439 2247 2483 et
2279 2431 2423 2484 aliud
2459 2430 2571 2484 fieri
2612 2431 2917 2502 aegritudini
2963 2447 3096 2485 mea;
3152 2431 3499 2487 medicinam.
3530 2432 3589 2485 Si

2020 2522 2162 2575 enim
2184 2519 2323 2574 Deus
2348 2529 2490 2575 esset
2512 2528 2744 2583 tantum,
2774 2534 2880 2575 non
2902 2519 2976 2573 ita
3009 2521 3273 2574 uniretur.
3301 2519 3405 2585 Qui
3436 2522 3583 2573 enim

2021 2612 2179 2665 nobis
2211 2626 2362 2666 omna
2389 2611 2644 2665 fieret‘iSi
2674 2618 2855 2665 autem
2878 2621 3024 2665 esset
3055 2618 3268 2664 tantum
3302 2610 3447 2679 quod
3486 2626 3591 2664 nos

2022 2704 2545 2766 sumus,.nohiscum
2574 2719 2679 2758 non
2699 2703 2780 2757 sic
2795 2703 3016 2770 egisset.
3042 2702 3197 2757 Nunc
3228 2718 3351 2756 cum
3368 2712 3587 2756 utrum-

2022 2811 2127 2865 que
2143 2796 2233 2859 sit,
2254 2796 2359 2848 hoc
2390 2794 2609 2864 quidem
2664 2795 3001 2859 hominibus,
3039 2803 3095 2848 ut
3127 2796 3291 2849 homo
3320 2794 3587 2865 jungitur,

2021 2895 2075 2939 et
2103 2885 2375 2939 coalescit:
2408 2884 2497 2938 illo
2522 2894 2766 2939 naturam
2786 2886 3047 2941 extollere
3074 2895 3127 2939 et
3156 2886 3413 2947 excitare,
3446 2894 3501 2937 et
3531 2886 3582 2938 in

2022 2977 2261 3044 seipsum
2294 2976 2592 3028 transferre
2622 2983 2819 3043 potest.
2874 2973 3184 3029 Facultates
3214 2975 3358 3026 enim
3394 2984 3588 3041 poten-

2029 3066 2223 3129 tiores,
2253 3066 2380 3120 siin
2416 3065 2744 3121 inﬁrmiores
2784 3065 3097 3129 inciderint,
3139 3065 3441 3119 consistere
3493 3080 3589 3118 eas

350 3149 612 3213 ἐλάττους
644 3154 700 3205 αἱ
729 3155 949 3224 μείζους
978 3159 1072 3213 ἐπὶ
1116 3160 1224 3214 τῶν
1254 3162 1434 3215 αὐτῶν
1472 3166 1674 3234 μένειν,
1702 3169 1919 3225 ἐπειδὰν

2025 3159 2291 3213 iniisdem
2323 3174 2430 3213 non
2467 3160 2770 3228 patiuntur.
2802 3158 2867 3212 Et
2889 3156 3091 3213 ferrum
3120 3159 3226 3228 igni
3276 3157 3585 3227 impositum

350 3243 551 3305 αὐταῖς
585 3247 1000 3315 συνενεχθῶσιν,
1032 3252 1093 3303 οὐ
1141 3254 1506 3324 συγχωροῦσι,
1558 3262 1650 3311 καὶ
1698 3261 1915 3331 σίδηρος

347 3335 508 3387 οὐδὲν
545 3336 765 3406 σιδήρου
820 3339 975 3409 φέρει
1030 3343 1163 3414 πυρὶ
1220 3346 1511 3411 συνελθὼν,
1575 3352 1667 3402 καὶ⁸
1702 3353 1771 3418 γῆ
1822 3355 1917 3407 καὶ

346 3424 501 3495 ὕδωρ
528 3427 637 3479 τῶν
668 3430 883 3483 οἰκείων
910 3434 973 3484 τὰ
1009 3435 1101 3487 τοῦ
1145 3437 1316 3504 πυρὸς
1353 3439 1701 3496 ἀλλάττονται
1746 3447 1917 3515 πυρὸς

348 3518 808 3574 ἀπολελαυκότα·
841 3525 888 3574 εί
942 3524 1000 3576 δὲ
1045 3526 1154 3577 τῶν
1204 3528 1478 3596 ὁμογενῶν
1524 3532 1806 3601 δυνάμεων
1858 3538 1916 3589 αί

349 3610 639 3678 κρείττους
662 3611 805 3665 οὕτω
828 3613 1027 3681 δρῶσιν
1055 3617 1136 3678 είς
1160 3617 1259 3680 τάς
1305 3619 1578 3684 ἐλάττους,
1609 3624 1661 3676 τί
1684 3624 1765 3677 δεῖ
1792 3626 1918 3696 περὶ

350 3701 453 3769 τῆς
479 3702 798 3773 ὑπερφυοῦς
829 3706 1044 3774 ἐκείνης
1070 3707 1325 3776 νομίσαι;
1354 3711 1594 3781 Φανερὸν
1617 3714 1816 3776 τοίνυν,
1843 3717 1916 3779 ὼς

348 3797 597 3863 ἐγχεῖται
640 3797 738 3863 μὲν
778 3798 910 3865 ἡμῖν
937 3799 964 3850 ό
1004 3798 1240 3865 Χριστὸς
1269 3802 1364 3854 καὶ
1402 3803 1759 3871 ἀναμίγνυσιν
1791 3810 1919 3862 ἐαυ-

347 3886 464 3949 τὸν,
494 3887 711 3956 ἀμείσει
752 3888 807 3940 δὲ
844 3891 935 3941 καὶ
969 3890 1103 3961 πρὸς
1140 3891 1331 3945 ἑαυτὸν
1376 3894 1700 3963 μεταϐάλλει
1751 3899 1923 3953 καθά-

348 3991 462 4043 περ
494 3974 684 4041 ρανίδα
717 3976 917 4045 μικράν
943 3977 1133 4042 ὖδατος
1161 3980 1479 4049 ὲγχεθεῖσαν
1501 3984 1717 4055 ἀπείρῳ
1746 3987 1919 4059 μύρου

351 4066 607 4133 πελάγει.
655 4066 904 4122 Τοσαῦτα
940 4071 1048 4139 γὰρ
1078 4070 1303 4125 δύναται
1326 4075 1438 4135 τοῖς
1480 4073 1780 4143 ἐμπεσοῦσι
1804 4078 1920 4131 τόδε

347 4157 415 4208 τὸ
464 4156 656 4225 μύρον,
714 4157 853 4210 ὥστε
894 4161 993 4211 οὐκ
1037 4161 1257 4224 εὐώδεις
1307 4164 1688 4219 ἀποδείκνυσιν
1735 4168 1921 4233 ἁπλῶς

347 4246 475 4299 οὐδὲ
508 4248 681 4315 μύρου
718 4248 981 4310 πνέοντας
1012 4249 1193 4319 μόνον,
1227 4250 1343 4304 ἀλλ’
1373 4253 1603 4308 εὐωδίαν
1630 4257 1800 4325 αὐτὴν
1824 4256 1921 4327 τήν

347 4340 467 4401 ἒξιν
500 4339 665 4391 αὐτοῦ
693 4339 788 4391 τοῦ
821 4341 1150 4403 κενωθέντος
1185 4343 1250 4396 δι’
1278 4344 1426 4413 ἡμᾶς
1483 4348 1687 4418 μύρουο
1730 4367 1749 4400 ο
1784 4350 1923 4418 Χρι-

351 4432 488 4487 στοῦ
519 4433 648 4501 γὰρ,
684 4435 869 4502 φησὶν,
902 4436 1099 4489 εὐωδία
1128 4436 1314 4503 ἐσμέν.
1349 4455 1368 4488 ι

2024 3253 2159 3307 nihil
2190 3252 2319 3306 ferri
2343 3252 2558 3306 retinet.
2576 3251 2740 3305 Terra
2765 3252 2891 3305 item
2918 3260 2969 3305 et
2986 3266 3127 3321 aqua
3157 3254 3209 3303 in
3235 3251 3410 3319 ignem
3446 3265 3586 3304 cun-

2015 3344 2159 3415 jecta
2202 3344 2314 3413 igni
2366 3351 2665 3400 mutantur.
2698 3344 2851 3409 Quod
2880 3342 2925 3396 si
2962 3342 3275 3396 facultatum
3330 3350 3589 3411 cognata-

2018 3452 2140 3491 rum
2177 3435 2468 3491 validiores
2497 3437 2578 3490 sic
2636 3436 2689 3489 in
2721 3434 3104 3489 imbecilliores
3134 3441 3321 3503 agunt,
3363 3433 3491 3501 quid
3523 3434 3591 3486 de

2021 3530 2110 3583 illa
2127 3529 2389 3600 singulari
2434 3537 2490 3583 et
2512 3526 2821 3581 admirabili
2846 3524 3105 3579 facultate
3135 3525 3591 3580 existimabimus?

2019 3621 2247 3676 Constat
2281 3621 2438 3689 igitur
2489 3618 2767 3671 Christum
2819 3616 3104 3669 inl‘ululerc
3165 3626 3229 3669 et
3266 3618 3497 3670 miscere
3532 3632 3590 3669 sc

2022 3711 2202 3774 nobis,
2238 3717 2450 3763 mutare
2481 3722 2600 3769 nos,
2629 3716 2681 3760 et
2711 3707 2766 3759 in
2795 3722 2854 3761 se
2904 3714 3294 3768 transmutare,
3326 3714 3588 3773 tanquam

2021 3818 2175 3872 aqua).
2210 3810 2416 3871 guttam
2444 3799 2710 3854 modicam
2744 3797 2983 3852 infusam
3033 3798 3298 3850 immenso
3330 3798 3591 3865 unguenti

2023 3895 2228 3964 pelago.
2266 3892 2497 3946 Tantum
2533 3890 2730 3959 quippe
2769 3888 3137 3943 incidentibus
3177 3887 3231 3941 in
3256 3903 3313 3942 se
3340 3901 3584 3957 unguen-

2023 3993 2162 4049 tum,
2190 3983 2331 4038 istuc
2372 3990 2613 4051 praestat,
2660 3988 2720 4033 ut
2743 3996 2850 4035 non
2878 3980 3056 4035 solum
3109 3980 3266 4049 plane
3299 3978 3586 4043 odoratos,

2023 4091 2124 4131 nec
2181 4084 2531 4144 unguentum
2592 4073 2866 4142 spirantes
2922 4071 3321 4131 tantummodo.
3350 4070 3444 4125 sed
3480 4070 3591 4123 fra-

2023 4166 2296 4240 grantiam
2324 4167 2499 4236 ipsam
2534 4165 2744 4226 habitu,
2790 4173 2845 4218 et
2876 4164 3077 4217 bonum
3136 4164 3359 4218 odorem
3422 4162 3593 4231 ipsius

2025 4260 2286 4330 unguenti
2314 4266 2532 4328 prepter
2564 4274 2666 4311 nos
2705 4256 2869 4313 effusi
2903 4257 3122 4310 reddat:
3168 4271 3193 4305 ιν
3220 4254 3426 4310 Christi
3448 4254 3589 4308 enim
3649 4276 3655 4284 -

2024 4353 2200 4409 bonus
2220 4354 2355 4408 odor
2383 4366 2572 4407 sumus
2602 4351 2667 4419 “,
2702 4368 2722 4403 ι
2750 4349 2947 4421 inquit.

429 4524 696 4594 Τοιαύτην
727 4524 838 4593 ἔχει
872 4526 1100 4594 δύναμιν
1135 4530 1228 4579 καὶ
1250 4529 1408 4599 χάριν
1434 4532 1546 4592 τοῖς
1596 4533 1919 4603 τετελεσμέ-

2098 4525 2249 4581 [lane
2293 4526 2398 4580 vim
2421 4535 2475 4580 et
2500 4526 2726 4596 gratiam
2758 4526 2911 4595 apud
2935 4525 3411 4581 communicantes
3441 4537 3597 4577 creua

348 4634 469 4678 νοις
502 4617 563 4667 τὸ
600 4617 837 4675 δεῖπνον.
883 4618 976 4670 ὲάν
1006 4634 1069 4685 γε
1113 4618 1344 4687 καθαροὶ
1389 4620 1779 4689 προσελθόντες
1817 4642 1920 4679 κα.

348 4708 481 4769 xta;
505 4706 726 4775 ἀπάσης
755 4705 919 4776 μηδὲν
945 4708 1404 4779 ἑπεισαγάγωμεν
1430 4712 1619 4765 ἔπειτα
1650 4717 1883 4787 πονηρόν
1900 4734 1914 4747 ·

347 4797 501 4850 οὕτω
538 4798 645 4867 γὰρ
668 4796 853 4865 ἔχουσι
902 4800 995 4852 καὶ
1031 4802 1572 4870 παρεσκευασμένοις
1620 4805 1771 4857 οὐδὲν
1804 4824 1915 4861 κω-

349 4888 512 4941 λύσει
539 4889 630 4940 τδν
678 4888 914 4956 Χριστὸν
942 4887 1116 4950 οὕτως
1157 4890 1401 4959 ἀκριϐῶς
1432 4893 1563 4962 ἡμῖν
1608 4896 1876 4966 ὲνωθῆναι
1899 4912 1911 4928 ⁸

357 4997 380 5030 ε
417 4978 491 5031 Τὸ
527 4978 827 5046 μυστήριον
853 4976 1011 5030 τοῦτο
1038 4978 1179 5047 μέγα
1210 4979 1344 5041 ἐστὶ,
1387 4998 1405 5031 ι
1445 4981 1545 5051 τὴν
1573 4982 1765 5037 ἕνωσιν
1794 4984 1921 5037 ταύ-

348 5086 459 5139 την
507 5068 734 5138 ὲξαίρων
765 5071 794 5121 ό
834 5069 1102 5139 μακάριος
1151 5069 1254 5138 ἔφη
1314 5071 1559 5134 Παῦλος·
1606 5074 1763 5127 τοῦτο
1813 5076 1922 5146 γάρ

351 5163 512 5213 ἐστιν
540 5159 569 5211 ό
600 5160 775 5228 γάμος
824 5163 851 5211 ό
884 5159 1283 5230 πολυύμνητος,
1334 5161 1459 5214 καθ’
1496 5162 1555 5215 ὃν
1601 5164 1629 5215 ό
1657 5166 1922 5232 πανάγιος

351 5250 709 5319 νυμφίοςτὴν
743 5250 1068 5321 Ἐκκλησίαν
1089 5251 1162 5315 ὡς
1187 5252 1454 5321 παρθένον
1472 5254 1663 5319 ἀγεται
1680 5255 1919 5326 νύμφην.

358 5343 473 5394 Καὶ
505 5342 614 5409 γὰρ
660 5340 894 5392 ἐνταῦθα
925 5340 1021 5408 μὲν
1059 5342 1087 5392 ό
1116 5341 1347 5409 Χριστὸς
1387 5340 1644 5408 ἐκτρέφει
1675 5343 1766 5394 τὸν
1796 5344 1926 5413 περὶ

353 5432 524 5484 αὐτόν
550 5431 728 5499 χορὸν,
748 5433 922 5500 τούτῳ
943 5432 997 5483 δὲ
1031 5431 1173 5501 μόνῳ
1203 5433 1317 5485 τῶν·
1334 5435 1646 5503 μυστηρίων
1676 5452 1694 5487 ι
1725 5428 1927 5502 σάρκες

356 5522 530 5591 ἐσμὲν
559 5524 624 5573 ὲκ
652 5519 759 5575 τῶν
785 5522 1003 5591 σαρκῶν
1028 5523 1217 5591 αὐτοῦ,
1240 5524 1337 5576 καὶ
1352 5523 1486 5577 ὀστᾶ
1508 5526 1573 5577 ὲκ
1611 5527 1720 5578 τῶν
1748 5525 1927 5580 όστῶν

361 5612 553 5667 αὐτοῦ.
584 5631 603 5663 ι
636 5612 896 5667 Ταῦταδέ
922 5616 1092 5680 ἔστιν,
1122 5608 1204 5679 οἷς
1234 5616 1262 5669 ό
1292 5616 1589 5681 ἀπόστολος
1610 5618 1928 5688 ὁριζόμενος

2024 4616 2479 4686 habet,siquidem
2492 4616 2638 4670 omni
2654 4616 3029 4671 labecarentes
3042 4631 3163 4670 cum
3179 4614 3593 4677 accesserimus,

2023 4708 2162 4763 nihil
2193 4716 2377 4776 postea
2398 4707 2521 4762 novi
2541 4707 2766 4762 sceleris
2783 4707 3229 4762 cunsciverimus.
3250 4706 3342 4761 Sic
3359 4706 3503 4761 enim
3526 4705 3600 4759 af-

2023 4800 2199 4864 fectis,
2223 4807 2278 4852 et
2303 4798 2509 4868 paratis
2530 4798 2706 4863 nobis,
2736 4798 2871 4851 nihil
2896 4798 3187 4866 perfectam
3221 4797 3429 4851 Christi
3459 4812 3602 4851 con-

2013 4889 2351 4968 junctionem
2375 4888 2660 4942 nobiscum
2685 4885 3004 4941 retardabit:
3031 4886 3471 4943 «Sacramentum
3494 4887 3601 4939 huc

2028 4992 2285 5047 magnum
2303 4976 2491 5040 est",n
2512 4977 2763 5044 copulam
2783 4976 2945 5031 istam
2968 4975 3225 5042 efferens,
3249 4977 3439 5032 beatus
3460 4977 3599 5030 Pan-

2030 5070 2117 5124 lus
2147 5068 2246 5124 ait.
2274 5067 2366 5122 Hae
2403 5077 2531 5122 sunt
2563 5068 2708 5122 enim
2741 5070 2944 5139 nuptiae
2962 5068 3375 5135 laudatissimze,
3400 5070 3602 5139 quibus

2029 5160 2372 5216 castissimus
2390 5160 2480 5215 ille
2496 5174 2730 5229 sponsus
2751 5159 3050 5216 Ecclesium
3075 5172 3135 5217 ut
3150 5163 3413 5231 virginem
3440 5175 3603 5228 spon-

2032 5267 2149 5306 sam
2181 5252 2351 5307 ducit.
2382 5249 2483 5305 llic
2512 5252 2657 5305 enim
2678 5251 2924 5306 Christus
2974 5254 3199 5306 chorum
3235 5253 3337 5307 sibi
3381 5251 3597 5304 atiixum

2034 5342 2150 5398 alit.
2172 5340 2284 5398 Hoc
2304 5342 2423 5397 solo
2442 5342 2697 5411 mysterio
2719 5357 2879 5398 «caro
2895 5359 3086 5399 sumus
3107 5344 3173 5397 de
3201 5358 3364 5397 carne
3391 5342 3532 5407 ejus,
3548 5347 3604 5391 et

2035 5448 2156 5488 ossa
2187 5434 2255 5488 de
2280 5434 2500 5489 ossibus
2519 5434 2638 5503 ejus
2671 5436 2737 5490 ⁵⁸.
2785 5435 2965 5490 »Λὶωο
2993 5444 3122 5490 sunt
3146 5474 3162 5499 ,
3188 5433 3389 5504 quibus
3451 5432 3605 5500 Apo-

2034 5524 2215 5581 stolus
2235 5528 2452 5595 nuptias
2468 5528 2734 5584 deﬁniens
2764 5527 3039 5583 Christum
3069 5541 3193 5582 esse
3216 5538 3480 5594 sponsum
3504 5524 3604 5579 do-

2037 5627 2155 5684 cet,
2174 5624 2232 5674 et
2257 5632 2381 5674 eum
2410 5633 2667 5690 sponsam
2702 5620 2897 5675 habere
2923 5619 3182 5685 Joannes,
3213 5616 3377 5688 hujus
3393 5631 3604 5675 connu-

447 5793 493 5825 “
528 5795 566 5848 ll
599 5793 728 5850 Cor.
766 5809 825 5861 υ,
864 5795 947 5851 15.
1026 5797 1068 5829 ³⁷
1096 5795 1293 5868 Ephes.
1332 5813 1386 5864 ν,
1422 5796 1510 5851 52.
1591 5796 1632 5827 ³³
1660 5794 1793 5851 Gen.
1840 5810 1899 5860 ιι,
1931 5796 2017 5849 21.
