3920 6206
313 295 403 357 597

1278 298 1376 358 DE
1419 297 1595 359 VlTA
1627 297 1709 357 IN
1752 296 2085 357 ΕΗΒιὸΤο
2147 294 2401 359 ιιΜν.

3417 294 3522 359 598

303 423 360 463 το
381 428 438 462 τε
460 410 742 482 λατρεύειν
763 412 885 483 Θεῷ
910 413 1167 485 καθαρῶς
1190 416 1443 470 ἐντεῦθεν
1472 417 1621 485 ἡμῖν.
1654 415 1716 467 Εί
1742 416 1850 483 γὰρ

1976 430 2069 469 nec
2114 424 2199 469 est
2250 420 2462 471 sincera
2499 415 2591 471 Dei
2623 415 2879 482 servitus,
2952 414 3173 486 subjici,
3239 412 3520 485 obtempe-

300 497 442 552 τοῦτό
471 499 589 552 ἐστι
628 500 849 572 καθαρά
888 502 1115 574 λατρεία
1142 503 1305 571 Θεοῦ,
1349 505 1410 561 τὸ
1456 503 1847 573 ὑποτετάχθαι,

300 596 357 648 τὸ
382 594 702 661 ὑπακούειν,
727 595 789 649 τὸ
827 597 994 650 αὐτοῦ
1020 598 1296 662 κινοῦντος
1320 600 1499 653 πάντα
1522 600 1724 663 ποιεῖν,
1747 598 1848 651 οὐκ

300 681 407 740 οἶδα
434 686 553 739 πότ’
574 685 643 741 ἂν
676 687 878 757 μᾶλλον
910 688 1248 758 ὑποταγῆναι
1280 688 1399 761 Θεῷ
1424 688 1770 759 δυνηθεῖμεν,
1811 687 1845 756 ἢ

298 777 509 831 ιπειδὰν
540 778 706 832 αὐτοῦ
756 780 1045 850 γενώμεθα
1075 780 1234 851 μέλη.
1267 782 1387 836 Τίνι
1418 782 1526 851 γὰρ
1569 782 1635 835 ἂν
1668 780 1850 835 ὁτιοῦν

301 868 596 922 ἐπιτάττειν
619 870 834 924 δύναιτο
864 873 1088 941 μᾶλλον,
1113 873 1146 945 ἢ
1168 874 1278 936 τοῖς
1298 874 1517 944 μέλεσιν
1541 875 1575 944 ἡ
1603 873 1850 943 κεφαλῆς

297 960 442 1028 Milia;
473 962 582 1031 γὰρ
610 964 848 1033 Χριστοῦ
880 966 1005 1028 τοὺς
1050 966 1403 1035 τελουμένους
1434 967 1527 1019 καὶ
1549 966 1731 1035 πάσης
1756 965 1852 1018 ἄλ-

298 1054 387 1121 λης
419 1055 571 1123 ἱερᾶς
600 1055 823 1126 τελετῆς
868 1056 1324 1127 ἀπεργαζομένης
1354 1057 1687 1128 τελεώτερον
1720 1058 1852 1126 ἡμῖν

292 1147 320 1198 6
342 1146 438 1215 τῆς
463 1146 610 1218 ζωῆς
642 1147 801 1201 τοῦτο
832 1148 1053 1202 δίδωσιν
1094 1149 1283 1219 ἄρτος.
1317 1148 1585 1217 Καθάπερ
1629 1148 1737 1219 γὰρ
1764 1149 1855 1202 διὰ

294 1239 387 1309 τὴν
419 1240 663 1310 κεφαλὴν
695 1241 791 1293 καὶ
816 1242 919 1309 τὴν
946 1242 1180 1311 καρδίαν
1213 1242 1284 1296 τά
1314 1242 1448 1314 μέλη
1476 1280 1497 1307 ,
1523 1242 1698 1307 οὕτως
1730 1260 1750 1295 ι
1795 1242 1855 1298 '0

293 1328 518 1399 τρώγων
550 1348 644 1401 με,
686 1335 877 1401 φησιν,
912 1333 1166 1397 κάκεῖνος
1198 1334 1425 1404 ζήσεται
1468 1333 1538 1389 δι’
1566 1335 1691 1404 ἐμὲ.
1722 1353 1741 1386 ι
1778 1336 1853 1404 Ζῇ

295 1424 395 1491 μὲν
434 1422 543 1492 γὰρ
573 1425 670 1477 καὶ
700 1424 791 1479 διὰ
822 1425 923 1494 τὴν
961 1426 1193 1495 τροφήν.
1234 1425 1299 1479 Ἦ
1331 1426 1526 1497 τελετὴ
1558 1426 1615 1480 δὲ
1648 1427 1710 1481 ού
1733 1426 1857 1479 τοῦ-

290 1531 378 1567 τον
398 1515 510 1584 ἔχει
533 1514 629 1567 τὸν
654 1515 856 1585 τρόπον
876 1532 891 1547 ·
919 1518 952 1587 ή
976 1516 1153 1588 τροφὴ
1177 1517 1277 1585 μὲν
1302 1518 1411 1588 γὰρ
1435 1518 1530 1572 ire
1562 1518 1695 1589 μηδὲ
1715 1518 1854 1588 αὐτὴ

289 1605 455 1671 ζῶσα,
484 1605 633 1677 ζωὴν
673 1610 774 1677 μὲν
819 1609 953 1679 ἡμῖν
990 1607 1127 1677 παρ’
1142 1611 1344 1680 ἑαυτῆς
1375 1611 1474 1664 ούκ
1510 1609 1575 1663 ἂν
1608 1612 1855 1679 είσενέγο

289 1715 372 1753 κοι
419 1715 435 1731 ⁸
464 1699 542 1769 τῷ
574 1700 631 1752 δὲ
670 1702 737 1770 τῇ
771 1699 1048 1771 προσούσῃ
1092 1699 1167 1771 τῷ
1210 1702 1424 1769 σώματι
1465 1703 1680 1772 βοηθεῖν
1708 1704 1855 1756 αίτία

1957 519 2099 567 rare,
2154 507 2271 574 ipso
2329 516 2579 563 movente
2631 516 2685 563 et
2732 506 3042 575 impellente
3093 506 3273 561 facere
3309 506 3525 572 omnia,

1958 611 2065 650 non
2115 597 2274 652 video
2328 599 2600 667 quomodo
2627 598 2801 665 magis
2837 597 2945 651 Deo
2998 596 3194 666 subjici
3224 598 3526 666 possimus,

1958 704 2120 759 quam
2171 692 2216 745 si
2248 691 2368 760 eius
2402 690 2644 746 membra
2680 691 2896 745 ﬁamus.
2934 690 3074 755 Quid
3112 691 3257 743 enim
3307 688 3526 742 tandem

1958 782 2134 851 magis
2180 782 2417 851 cuipiam
2477 783 2726 852 imperet,
2779 794 2944 850 quam
3008 788 3174 847 caput
3229 779 3529 834 membris?

1960 872 2107 930 Sane
2129 877 2373 946 quidem,
2429 883 2487 930 ut
2521 877 2757 929 membra
2819 874 3025 928 Christi
3065 873 3257 937 simus,
3316 872 3370 925 in
3426 872 3530 925 hoe

1961 968 2223 1038 mysterio
2245 966 2560 1034 perfectius,
2588 980 2752 1035 quam
2778 964 2830 1019 in
2864 963 3057 1033 quovis
3076 963 3206 1023 alio,
3231 962 3347 1031 ipse
3372 962 3537 1030 panis

1962 1059 2085 1114 vita:
2122 1059 2279 1114 nobis
2312 1058 2563 1129 largitur.
2598 1056 3067 1122 Quemadmodum
3125 1055 3269 1108 enim
3312 1063 3532 1124 propter

1960 1162 2124 1221 caput
2153 1161 2207 1206 et
2236 1156 2329 1205 σοι·
2376 1149 2617 1204 membra
2648 1146 2859 1213 vivunt,
2909 1148 2987 1201 sic
3050 1166 3068 1197 ι
3105 1145 3208 1213 Qui
3241 1146 3534 1199 manducet

1961 1258 2072 1308 me,
2092 1242 2291 1312 inquit,
2320 1252 2374 1295 et
2403 1242 2518 1310 ipse
2541 1241 2685 1295 vivet
2711 1252 2928 1308 propter
2950 1255 3034 1294 me
3051 1240 3121 1291 ⁸⁸.
3160 1258 3177 1289 ι
3209 1238 3348 1291 Vivit
3369 1239 3528 1291 etiam

1963 1344 2183 1404 propter
2213 1333 2567 1396 alimentum;
2602 1341 2659 1386 at
2717 1345 2845 1385 vero
2898 1339 3300 1385 sacramentum
3367 1330 3530 1383 aliam

1965 1428 2231 1481 rationem
2268 1425 2448 1479 habet.
2480 1423 2614 1478 Nam
2675 1422 3097 1483 nutrimentum,
3158 1428 3345 1489 utpote
3385 1420 3539 1490 quod

1964 1518 2141 1587 ipsum
2171 1519 2275 1571 vita
2299 1525 2469 1580 caret,
2511 1519 2678 1569 vitam
2706 1515 2863 1569 nobis
2893 1529 2920 1566 a
2955 1514 3135 1583 seipso
3163 1515 3401 1567 inserere
3424 1527 3531 1565 non

1964 1619 2127 1680 queat
2146 1610 2268 1664 :sed
2288 1608 2380 1677 qui
2400 1609 2563 1661 vitam
2578 1607 2822 1677 corporis
2841 1621 3001 1675 quam
3021 1595 3227 1659 invenit
3241 1612 3535 1668 susrentat,

1964 1694 2375 1757 cumedeutibus
2388 1701 2512 1753 vita:
2527 1698 2948 1764 causajvidetur.
2966 1697 3063 1751 Ast
3082 1697 3237 1765 panis
3254 1696 3377 1748 vitae
3396 1695 3539 1762 ipse-

292 1787 437 1857 ζωῆς
466 1767 576 1851 τοῖς
602 1767 986 1861 προσιεμένοις
1018 1767 1159 1845 εἶναι
1189 1767 1357 1845 δοκεῖ.
1406 1767 1476 1845 '0'
1496 1767 1560 1845 6s
1578 1796 1679 1864 τῆς
1708 1795 1856 1865 ζωῆς

1976 1801 2069 1847 net
2097 1795 2244 1856 vivit,
2279 1802 2332 1848 et
2358 1800 2579 1861 propter
2616 1790 2764 1843 illum
2789 1802 2915 1843 vere
2937 1788 3145 1849 vivunt,
3166 1788 3366 1856 quibus
3386 1785 3535 1838 illum

294 1882 453 1948 ἄρτος
479 1881 640 1943 αὑτός
669 1884 729 1934 τέ
763 1883 880 1935 ἐστι
912 1881 1043 1947 ζῶν,
1075 1884 1166 1935 καὶ
1190 1882 1257 1934 δι’
1288 1884 1499 1937 ἐκεῖνον
1533 1883 1611 1947 ὡς
1636 1883 1855 1953 ἀληθῶς

1976 1883 2403 1939 :ommunicarit.
2447 1880 2599 1938 Unde
2620 1880 2941 1935 alimentum
2973 1879 3033 1931 in
3070 1892 3194 1932 eum
3229 1875 3535 1945 quialitur,

296 1971 475 2038 ζῶσιν,
527 1964 607 2034 οἷς
643 1972 711 2025 ἂν
751 1971 917 2026 αὐτοῦ
978 1974 1267 2043 μεταδοίηο
1296 1972 1419 2027 ὅθεν
1457 1974 1489 2044 ὴ
1550 1974 1650 2044 μὲν
1676 1974 1854 2045 τροφὴ

300 2062 429 2129 πρὸς
447 2063 537 2115 τὸν
560 2063 883 2131 σιτούμενον
916 2064 1244 2132 μεταϐάλλει
1272 2062 1366 2119 καὶ
1396 2064 1548 2134 ἰχθὺς
1578 2070 1673 2120 καὶ
1692 2068 1856 2139 ἄρτος

302 2153 392 2206 ιιαλ⁸
426 2153 607 2208 ὁτιοῦν
644 2154 775 2209 ἄλλο
817 2157 988 2208 σιτίον
1033 2152 1173 2225 αἷμα
1209 2158 1569 2227 ἀνθρώπειον,
1621 2162 1858 2217 ἐνταῦθα

305 2244 354 2297 Et
384 2246 688 2299 τούναντίον
739 2247 908 2301 ἅπαν.
959 2248 1022 2300 Ὁ
1048 2247 1158 2317 γὰρ
1184 2250 1285 2319 τῆς
1316 2250 1463 2320 ζωῆς
1503 2254 1663 2321 ἄρτος
1694 2255 1858 2320 αὐτὸς

311 2340 437 2389 κινεί
470 2338 563 2390 τὸν
610 2341 931 2409 σιτούμενον
969 2340 1062 2394 καὶ
1104 2342 1393 2412 μεθίστησι
1440 2346 1533 2398 καὶ
1566 2346 1701 2415 πρὸς
1732 2348 1860 2401 ἑαυ-

308 2430 389 2481 τὸν
436 2430 786 2496 μεταϐάλλει,
823 2434 917 2485 καὶ
963 2432 992 2485 δ
1026 2434 1126 2503 τῆς
1178 2435 1406 2503 καρδίας
1450 2438 1709 2501 ἐπιεικῶς
1743 2443 1860 2495 ἐστι

310 2526 392 2574 καὶ
426 2525 521 2592 τῆς
573 2525 842 2594 κεφαλῆς,
896 2526 1200 2595 κινούμεθα
1250 2528 1343 2581 καὶ
1382 2529 1568 2599 ζῶμεν
1595 2532 1655 2584 τό
1687 2549 1748 2601 γε
1781 2536 1862 2597 είς

309 2615 453 2666 αὐτὸν
484 2611 641 2687 ἧκον,
679 2617 754 2679 ὡς
778 2616 891 2686 ἔχει
925 2617 1073 2687 ζωῆς
1106 2620 1315 2683 ἐκεῖνος
1334 2635 1349 2652 ’
1376 2619 1406 2672 ὃ
1438 2621 1532 2674 καὶ
1553 2622 1731 2694 δηλῶν
1760 2628 1857 2679 αύο

309 2708 392 2769 τὸς
419 2709 446 2759 ὸ
474 2708 688 2778 Σωτὴρ,
721 2710 799 2772 ὡς
828 2710 890 2761 οὐ
920 2711 1015 2764 τὸν
1039 2712 1228 2764 σιτίων
1257 2713 1461 2782 τρόπον
1506 2716 1638 2785 ἡμῖν
1680 2716 1863 2787 ἀνέχει

306 2800 390 2852 τὸν
418 2800 549 2870 βίον,
580 2802 700 2854 ἀλλ’
744 2802 901 2863 αὐτὸς
934 2800 1072 2873 ἔχων
1100 2802 1313 2856 οἴκοθεν
1356 2805 1575 2873 ὲμπνεί,
1610 2808 1702 2861 καὶ
1733 2808 1865 2861 καθ-

306 2893 439 2963 άπερ
460 2893 659 2962 καρδία
693 2894 913 2963 μέλεσιν
959 2895 991 2966 ἢ
1021 2896 1232 2966 κεφαλὴ
1274 2896 1546 2952 διαδίδωσι
1572 2899 1672 2970 τὴν
1695 2901 1863 2971 ζωὴν,

305 2984 472 3046 ζῶντα
495 2987 552 3040 δὲ
584 2988 778 3040 ἑαυτὸν
803 2987 1060 3041 ἐκάλεσεν
1092 2988 1273 3059 ἄρτον,
1313 2991 1426 3051 καὶ,
1459 3008 1477 3041 ι
1525 2990 1583 3044 Ὀ
1640 2990 1868 3061 τρώγων

310 3093 395 3145 με,
425 3078 578 3147 φησὶ,
616 3079 870 3142 κάκεῖνος
900 3078 1127 3150 ζήσεται
1156 3081 1225 3133 δι’
1254 3082 1374 3151 ἐμέ.
1417 3100 1436 3132 ι

370 3172 624 3225 Φαίνεται
645 3172 829 3224 τοίνυν
856 3172 947 3224 τὸν
987 3173 1125 3225 Θεὸν
1158 3177 1486 3243 προσκυνεῖν
1509 3178 1568 3230 ὲν
1592 3176 1866 3247 πνεύματι

302 3264 397 3315 καὶ
422 3263 649 3334 ἀληθείᾳ
674 3265 768 3317 καὶ
790 3264 1073 3335 λατρεύειν
1098 3266 1376 3337 καθαρῶς,
1409 3270 1507 3339 τῆς
1534 3269 1683 3339 ἱερᾶς
1708 3270 1868 3340 ἔργον

298 3351 439 3409 εἶναι
488 3354 811 3424 τραπέζης’
840 3357 901 3407 οὐ
954 3355 1114 3423 μόνον
1154 3356 1395 3424 Χριστοῦ
1450 3357 1672 3426 μέλεσιν
1728 3355 1867 3410 εἶναι

306 3448 400 3500 καὶ
428 3447 617 3500 τοῦτον
647 3449 818 3500 εἴκειν
838 3446 987 3516 αύτῷ
1015 3446 1108 3499 τὸν
1148 3447 1363 3515 τρόπον,
1396 3448 1503 3501 ἀπὸ
1524 3449 1634 3501 τῶν
1663 3466 1868 3519 μυστη-

305 3540 438 3608 ρίων
488 3538 830 3608 περιγίνεται
883 3537 1093 3591 τούτων
1128 3540 1285 3609 ἡμῖν,
1333 3538 1450 3594 ἀλλ’
1506 3540 1588 3593 ὅτι
1640 3541 1869 3611 νεκροὺς

308 3631 411 3697 μὲν
461 3631 621 3694 ὸντας
654 3631 756 3683 οὐκ
805 3628 873 3683 ἂν
916 3631 1129 3698 γένοιτο
1181 3628 1347 3692 ζῶντι
1396 3630 1684 3700 λατρεύειν
1727 3629 1868 3699 Θεῷ,

304 3723 511 3785 ζῶντας
538 3722 596 3776 δὲ
644 3719 908 3777 εἶναικαὶ
946 3721 1124 3789 ἔργων
1153 3721 1499 3792 ἀπηλλάχθαι
1541 3724 1755 3792 νεκρῶν
1796 3725 1871 3797 μὴ

303 3814 462 3868 τοῦτο
510 3814 599 3869 ἀεὶ
650 3814 1003 3878 δειπνοῦντας
1047 3816 1109 3870 τὸ
1161 3816 1397 3870 δεῖπνον.
1441 3816 1710 3884 Καθάπερ
1763 3821 1873 3891 γὰρ

310 3926 333 3959 ι
370 3908 590 3979 Πνεῦμα
635 3908 730 3960 τὸν
767 3906 904 3959 Θεὸν
932 3906 1063 3960 ὄντα
1114 3908 1210 3962 καὶ
1252 3908 1383 3970 τοὺς
1430 3909 1873 3976 προσκυνοῦντας

305 4000 466 4052 αὑτὸν
514 4002 571 4053 ὲν
603 3997 877 4067 πνεύματι
909 3997 1007 4050 καὶ
1052 3996 1280 4067 ἀληθείᾳ
1327 3996 1411 4049 δεῖ
1456 4000 1804 4066 προσκυνεῖν,
1846 4018 1867 4051 ι

303 4091 447 4145 οὕτω
489 4093 585 4147 καὶ
632 4091 797 4156 ζῶντι
851 4090 1059 4154 ζῶντας
1095 4086 1238 4144 εῐνιιι
1284 4090 1552 4160 προσήκει
1602 4091 1732 4153 τοὺς
1762 4092 1874 4143 λα-

309 4184 521 4253 τρεύειν
581 4183 1044 4255 προῃρημένους·
1086 4201 1106 4235 ι
1159 4182 1234 4235 Ού
1285 4181 1397 4253 γάρ
1437 4184 1587 4236 ἑστιν
1647 4184 1677 4236 δ
1716 4183 1873 4250 Θεὸς,

307 4280 462 4348 φησὶ,
488 4278 620 4338 Θεὸς
646 4275 881 4344 νεκρῶν,
911 4272 1047 4327 ἀλλὰ
1075 4272 1317 4337 ζώντων.
1356 4292 1375 4325 ι

389 4369 541 4422 Ἔστι
573 4369 672 4439 μὲν
700 4363 794 4421 οὖν
848 4369 943 4421 καὶ
992 4368 1051 4419 τὸ
1087 4366 1190 4436 ζῇν
1215 4366 1360 4421 κατὰ
1386 4366 1481 4421 τὸν
1523 4367 1686 4438 ὀρθὸν
1716 4367 1875 4434 λόγον

1963 1972 2379 2039 ειθιιειιιιιιθιιιιο,
2412 1982 2462 2027 et
2497 1973 2684 2042 piscis,
2710 1982 2763 2026 et
2806 1970 2987 2041 panis,
3011 1978 3064 2023 et
3096 1966 3363 2037 quidquid
3387 1966 3539 2020 aliud

1962 2068 2296 2124 cibariorum
2326 2073 2429 2130 est,
2466 2064 2520 2118 in
2557 2063 2875 2132 sanguiqu
2910 2059 3149 2115 hominis
3176 2060 3536 2114 convertitur.

1965 2159 2060 2233 llis
2090 2175 2317 2231 prorsus
2358 2159 2418 2212 ﬁt
2445 2156 2803 2213 contrarium.
2839 2152 3003 2208 Panis
3055 2153 3203 2207 enim
3251 2150 3375 2205 vitae
3425 2151 3541 2218 ipse

1966 2260 2148 2307 movet
2173 2265 2299 2305 eum
2330 2250 2418 2317 qui
2451 2247 2719 2317 pascitur,
2748 2257 2802 2301 et
2836 2243 3117 2305 transfert,
3148 2252 3313 2311 atque
3362 2242 3415 2295 iu
3454 2256 3529 2297 sc-

1968 2346 2147 2413 ipsum
2192 2350 2409 2405 mutat;
2464 2341 2721 2409 quodque
2756 2337 2949 2390 merito
3007 2335 3191 2390 cordis
3246 2344 3299 2390 et
3345 2332 3549 2404 capitis

1964 2447 2072 2500 est,
2112 2449 2395 2489 movemur
2419 2440 2473 2486 et
2502 2431 2760 2493 vivimus,
2810 2435 3073 2496 quantum
3113 2427 3165 2479 in
3196 2427 3315 2495 ipso
3341 2436 3447 2485 est.
3485 2433 3543 2478 ut

1969 2530 2087 2598 ipse
2116 2537 2365 2583 movetur
2408 2532 2463 2580 et
2483 2523 2640 2578 vivit.
2692 2520 2807 2575 Hoc
2843 2521 2980 2573 idem
3026 2518 3296 2584 indicans,
3351 2517 3545 2572 videli-

1970 2629 2075 2686 cet,
2102 2634 2210 2673 non
2246 2618 2421 2672 instar
2444 2628 2697 2670 escarum
2751 2628 2810 2667 se
2860 2614 3025 2666 vitam
3056 2621 3302 2666 nostram
3357 2613 3541 2674 alere;

1971 2712 2067 2769 sed
2101 2725 2264 2781 quam
2297 2709 2415 2778 ipse
2467 2707 2686 2769 habeat,
2716 2718 2835 2758 eam
2870 2702 3013 2756 ultro
3057 2700 3213 2756 nobis
3251 2701 3553 2770 inspirare,

1972 2815 2026 2859 et
2057 2803 2223 2858 veluti
2256 2815 2354 2856 cor
2406 2808 2500 2853 aut
2541 2806 2708 2867 caput
2742 2794 3002 2849 membris
3052 2794 3219 2847 vitam
3248 2792 3542 2863 impertiri,

1974 2908 2023 2952 et
2057 2897 2237 2951 vivum
2264 2906 2458 2963 panem
2492 2904 2615 2945 sese
2637 2888 2945 2959 appellavit,
2974 2897 3027 2942 et
3056 2904 3069 2942 :
3114 2905 3131 2937 ι
3170 2887 3273 2952 Qui
3316 2888 3546 2940 mandu-

1977 2996 2065 3043 cat
2095 3001 2205 3049 me,
2240 2983 2441 3054 inquit,
2470 2990 2525 3037 et
2550 2981 2664 3050 ipse
2702 2980 2844 3032 vivet
2870 2986 3093 3046 propter
3121 2989 3206 3030 me
3227 2975 3296 3027 θ’.
3342 2992 3362 3026 ι

2042 3166 2269 3223 Planum
2317 3173 2401 3218 est
2431 3160 2619 3232 igitur,
2660 3158 2826 3213 Deum
2868 3156 2925 3211 in
2978 3155 3175 3226 spiritu
3213 3163 3267 3209 et
3315 3154 3548 3209 veritate

1971 3259 2224 3319 adorare,
2291 3264 2346 3309 et
2408 3252 2484 3307 illi
2546 3252 2758 3306 sincere
2814 3248 3042 3313 servire,
3106 3263 3278 3302 sacrae
3346 3262 3548 3301 mensae

1972 3350 2191 3414 deberi;
2246 3362 2354 3401 non
2416 3344 2591 3400 solum
2618 3343 2747 3411 quia
2794 3348 2849 3395 ut
2891 3340 3093 3395 Christi
3161 3340 3405 3394 membra
3472 3340 3547 3394 si-

1974 3459 2131 3509 mus,
2200 3449 2259 3495 et
2316 3438 2416 3493 liae
2490 3435 2700 3489 ratione
2773 3431 3189 3487 similitudinem
3249 3431 3543 3500 quamdam

1976 3535 2119 3590 illius
2179 3542 2597 3599 consequamur,
2636 3526 2704 3579 ab
2740 3524 2890 3579 hisce
2938 3523 3209 3592 mysteriis
3259 3523 3546 3587 habemus,

1971 3639 2161 3681 verum
2211 3624 2417 3685 etiam,
2477 3618 2605 3687 quia
2658 3616 2859 3672 mortui
2919 3614 3125 3670 servire
3188 3613 3384 3668 viventi
3440 3631 3547 3667 non

1974 3732 2281 3789 possemus.
2339 3703 2607 3769 Caeterum
2636 3712 2840 3775 vivere,
2889 3719 2944 3764 et
2994 3710 3062 3763 ab
3107 3708 3365 3778 operibus
3397 3722 3546 3760 mor-

1977 3810 2084 3865 tuis
2154 3810 2452 3862 immunem
2508 3820 2629 3860 esse
2690 3801 3029 3872 impossibile
3080 3809 3206 3866 est,
3258 3800 3362 3854 nisi
3424 3799 3549 3868 quis

1978 3905 2117 3957 hanc
2163 3915 2373 3957 orenam
2425 3894 2865 3965 frequentissime
2943 3895 3113 3948 ineat.
3179 3892 3333 3946 Sicut
3398 3891 3547 3945 enim

1979 3995 2170 4059 Deum,
2230 4012 2250 4045 ι
2292 4007 2415 4047 cum
2471 3990 2541 4045 sit
2599 3988 2848 4058 spiritus,
2908 3986 2963 4040 in
3017 3985 3215 4054 spiritu
3240 3991 3295 4038 et
3324 3983 3550 4037 veritate

1976 4092 2190 4154 oportet
2236 4087 2466 4139 adorare
2497 4082 2569 4147 ⁵⁸,
2634 4100 2654 4132 ι
2696 4080 2770 4134 ita
2814 4079 2968 4135 vivos
3000 4092 3120 4133 esse
3146 4077 3319 4138 decet,
3345 4075 3440 4144 qui
3475 4076 3552 4125 vi-

1982 4197 2110 4235 vum
2170 4180 2352 4234 colere
2376 4182 2689 4231 statuerunt
2728 4190 2741 4227 :
2785 4190 2803 4223 t
2835 4169 2953 4225 Non
3003 4179 3088 4225 est
3141 4170 3316 4232 enim,
3349 4168 3549 4236 inquit,

1984 4274 2128 4328 Deus
2164 4280 2528 4329 mortuorum,
2571 4265 2665 4321 sed
2687 4264 2936 4319 vivorum
2975 4262 3045 4316 ".
3084 4278 3103 4313 ι

2053 4365 2360 4421 Secundum
2396 4369 2599 4417 rectam
2630 4357 2895 4412 rationem
2927 4370 3090 4424 porro
3113 4354 3317 4417 vivere,
3353 4360 3553 4405 etcum

316 4463 410 4514 καὶ
438 4463 568 4532 πρὸς
600 4460 804 4531 ἀρετὴν
835 4459 1000 4529 ἔχειν,
1031 4457 1152 4529 Θεῷ
1186 4460 1474 4529 λατρεύειν
1499 4474 1513 4489 ⁸
1545 4460 1661 4514 ἀλλ’
1703 4461 1864 4514 ὲκεῖνι

1990 4459 2189 4511 virtute
2219 4450 2608 4509 commercium
2640 4449 2863 4509 habere,
2891 4445 3053 4499 etiam
3086 4444 3191 4498 Deo
3221 4442 3425 4497 servire
3448 4448 3552 4495 est.

317 4551 413 4618 μὲν
438 4554 529 4605 καὶ
557 4551 764 4604 δούλων
790 4549 985 4617 γένοιτ’
1012 4549 1076 4603 ἂν
1100 4549 1261 4621 ἔργον
1282 4564 1298 4581 ·
1325 4569 1344 4602 ι
1378 4549 1551 4603 Ὅταν
1574 4550 1682 4620 γὰρ
1705 4550 1877 4605 ταῦτα

315 4642 488 4696 πάντα
537 4642 827 4709 ποιήσητε,
866 4639 1023 4707 φησι,
1081 4639 1272 4707 λέγετε
1300 4639 1385 4693 ὅτι
1424 4640 1659 4709 Ἀχρεῐοι
1697 4640 1877 4694 δοῦλοί

314 4735 487 4803 ἐσμεν.
517 4752 537 4787 ι
574 4733 724 4805 Αὕτη
760 4730 819 4784 δὲ
868 4733 899 4801 ἠ
932 4730 1159 4801 λατρεία
1189 4730 1329 4800 πρὸς
1362 4730 1472 4783 τῶν
1500 4731 1632 4785 υἱῶν
1669 4732 1880 4796 γίνεται

318 4828 503 4895 μόνων,
540 4829 705 4897 ἡμεῖς
738 4825 795 4878 δὲ
826 4824 888 4878 ού
937 4822 1045 4877 τῶν
1070 4822 1317 4889 ’δούλων,
1372 4822 1488 4877 ἀλλ’
1536 4824 1617 4887 είς
1642 4822 1736 4877 τὸν
1767 4825 1881 4877 τῶν

323 4916 860 4988 παίδωνκαλούμεθα
895 4916 1076 4984 χορόν.
1112 4914 1213 4969 Διὰ
1237 4914 1396 4969 τοῦτο
1430 4916 1634 4985 σαρκὸς
1662 4914 1759 4968 καὶ
1791 4915 1877 4967 αἷ-

321 5031 483 5083 ματος
530 5013 679 5084 αὐτῷ
721 5011 1131 5081 κοινωνοῦμεν⁸
1170 5028 1191 5062 ι
1228 5011 1310 5064 Τὰ
1335 5010 1445 5081 γὰρ
1474 5008 1686 5072 παιδία,
1724 5009 1878 5077 φησι,

322 5105 681 5175 κεκοινώνηκε
732 5102 939 5172 σαρκὸς
974 5102 1067 5155 καὶ
1105 5100 1355 5170 αἵματος.
1400 5119 1418 5151 ι
1471 5098 1739 5168 Καθάπερ
1772 5099 1883 5168 γὰρ

324 5197 541 5261 ἐκεῖνος,
575 5196 664 5249 ἵνα
694 5195 878 5264 πατὴρ
909 5193 1176 5264 ἡμέτερος
1215 5192 1439 5260 γένηται
1465 5189 1560 5245 καὶ
1596 5191 1687 5242 τὸν
1725 5189 1883 5256 λόγον

326 5290 522 5343 ἐκεῖνον
562 5288 767 5359 δυνηθῇ
813 5288 1016 5355 λέγειν,
1057 5304 1074 5338 ι
1128 5286 1260 5339 Ἰδοὺ
1293 5284 1404 5351 ἐγὼ
1435 5287 1528 5336 καὶ
1569 5285 1637 5335 τὰ
1668 5283 1881 5347 παιδία,

1985 4549 2088 4604 Sed
2112 4548 2216 4602 hoc
2249 4557 2527 4600 servorum
2549 4555 2771 4610 quoque
2808 4537 3041 4592 oﬁicium
3075 4545 3235 4605 atque
3267 4550 3403 4602 opus
3424 4549 3555 4589 cen-

1988 4649 2174 4697 seatur
2211 4658 2224 4692 ;
2265 4654 2283 4687 ι
2320 4636 2456 4690 Cum
2504 4632 2652 4687 enim
2686 4628 2922 4686 feceritis
2956 4628 3071 4682 haec
3123 4626 3327 4689 omnia,
3360 4625 3555 4693 inquit,

1989 4732 2168 4786 adhuc
2198 4727 2382 4790 dicite,
2427 4723 2553 4794 quia
2586 4721 2724 4775 servi
2751 4719 2972 4773 inutiles
3006 4732 3199 4772 sumus
3255 4716 3322 4769 ”.
3384 4734 3401 4765 ι
3432 4714 3559 4767 ilzee

1992 4830 2170 4875 autem
2200 4818 2360 4871 latria
2394 4814 2659 4886 (servitus
2689 4812 2803 4866 sive
2831 4809 3036 4877 cultus)
3071 4823 3101 4862 a
3136 4807 3265 4863 ﬁliis
3291 4807 3558 4861 duntaxat

1993 4919 2310 4982 praestatur;
2337 4914 2391 4963 et
2421 4920 2522 4962 nos
2551 4920 2659 4959 non
2689 4904 2745 4958 in
2774 4915 3079 4965 servorum,
3109 4899 3203 4955 sed
3238 4898 3290 4953 in
3323 4899 3555 4952 ﬁliorum

1990 5002 2238 5057 ordinem
2290 5009 2343 5055 et
2387 5000 2570 5055 locum
2595 5009 2888 5059 vocamur;
2912 4994 2984 5049 ob
3017 4993 3069 5048 id
3101 5007 3321 5049 carnem
3358 5000 3411 5045 et
3434 5003 3559 5044 san-

1992 5095 2211 5164 guinem
2248 5092 2368 5162 eius
2420 5090 2818 5162 participamus
2857 5106 2870 5142 :
2915 5107 2932 5139 ι
2969 5084 3129 5141 Pueri
3158 5084 3326 5148 enim,
3358 5083 3554 5151 inquit,

1990 5188 2145 5244 carni
2166 5196 2220 5240 et
2246 5184 2502 5256 sanguini
2542 5180 3018 5239 communicat-unt
3039 5181 3105 5232 σι.
3142 5198 3160 5229 ι
3191 5175 3557 5242 Quemadmo-

1992 5280 2120 5333 dum
2173 5292 2413 5346 namque
2452 5276 2594 5345 ipse,
2642 5283 2702 5328 ut
2737 5282 2893 5341 pater
2936 5278 3119 5324 noster
3150 5267 3263 5330 ﬁat,
3299 5275 3353 5319 et
3398 5261 3557 5315 verba

325 5381 355 5434 ἀ
388 5401 474 5453 μοι
505 5353 709 5436 ἔδωκεν
827 5353 985 5445 Θεὸς,
1018 5398 1036 5429 ι
1076 5378 1282 5448 σαρκὸς
1336 5376 1428 5430 καὶ
1477 5377 1707 5445 αἵματος
1750 5378 1864 5446 ήμῐπ

1995 5362 2085 5427 illa
2109 5385 2359 5440 promere
2382 5377 2569 5438 queat,
2598 5384 2618 5417 ι
2657 5363 2795 5419 Ecce
2826 5376 2928 5430 ego
2956 5368 3010 5412 et
3052 5357 3201 5427 pueri
3259 5353 3386 5417 mei,
3420 5367 3558 5419 quos

323 5475 526 5542 ἐγένετο
554 5473 837 5537 κοινωνὸς,
878 5471 1023 5525 οὕτω
1052 5469 1147 5522 καὶ
1188 5469 1359 5537 ἡμᾶς,
1392 5468 1460 5519 ἶν’
1489 5467 1682 5535 ἐκείνῳ
1713 5465 1883 5533 γενώ·

327 5572 456 5639 μεθα
491 5569 707 5632 παῖδες,
756 5566 972 5633 ἀνάγκη
1007 5562 1115 5616 τῶν
1150 5561 1363 5614 ἐκείνου
1421 5556 1884 5628 μεταλαμσάνειν,

1995 5465 2145 5519 dedit
2176 5462 2306 5516 mihi
2336 5460 2478 5515 Deus
2516 5460 2585 5523 “,
2626 5474 2645 5510 ι
2680 5454 2865 5512 carnis
2895 5460 2951 5505 et
2992 5447 3273 5517 sanguinis
3329 5458 3560 5503 consors

1998 5555 2153 5610 nobis
2181 5553 2358 5608 factus
2384 5560 2470 5607 est
2504 5565 2519 5604 :
2548 5549 2626 5605 sic
2647 5555 2702 5603 et
2726 5560 2848 5611 nos,
2874 5549 2933 5596 ut
2961 5540 3107 5595 illius
3133 5536 3224 5591 lilii
3246 5534 3560 5597 evadamus,

385 5683 430 5716 “
459 5682 611 5737 Joan.
654 5698 729 5743 vi,
759 5680 849 5733 57.
926 5680 968 5710 ⁸⁷
995 5676 1155 5731 Joan.
1202 5691 1278 5741 νι,
1303 5675 1391 5730 58.
1466 5674 1511 5706 ”
1549 5670 1707 5726 Joau.
1740 5670 1864 5735 ΝΑ

2010 5672 2053 5704 ⁵³
2087 5667 2276 5722 Matth.
2314 5680 2444 5725 nn.
2500 5664 2607 5719 52.
2689 5656 2900 5731 ⁸⁸,ῐιιιίη
2966 5668 3098 5718 xvu,
3156 5651 3241 5705 l0.
3320 5650 3359 5681 “
3392 5647 3559 5705 llebr.

328 5767 381 5817 ιι,
412 5754 490 5809 14.
566 5755 613 5787 ⁵³
651 5755 758 5807 lsa.
794 5764 910 5816 vui,
948 5748 1033 5803 l8.
