3982 6208
489 341 600 408 599

1671 346 1980 407 NICOLAI
2021 347 2405 409 CABASIL/E

3582 348 3674 411 6C0

493 443 718 510 necesse
740 450 1094 512 'es't‘vicissim
1125 471 1311 512 carnis
1329 467 1380 511 et
1420 456 1705 527 sanguinis
1730 457 1850 523 ejus
1879 457 2039 526 parti-

2151 459 2244 511 καὶ
2277 457 2468 512 τοῦτον
2497 459 2589 514 τὸν
2612 465 2813 531 τρόπον
2837 462 2898 514 οὑ
2928 457 3064 532 μέλη
3089 459 3176 514 διὰ
3198 457 3294 530 τὴν
3317 458 3524 530 τελετὴν
3544 465 3674 532 αὐτῷ

483 545 642 610 .cipes
675 558 817 600 esse.
852 546 1031 615 Atque
1054 546 1158 601 isto
1209 544 1371 600 modo
1405 562 1513 600 non
1549 546 1724 602 solum
1755 547 1807 602 ei
1837 562 1930 615 per
1955 562 2048 602 sa-
2091 571 2094 574 ’

489 645 826 689 cramentum
890 635 993 689 hoc
1045 637 1286 690 membra
1345 637 1642 703 reddimur,
1689 640 1784 692 sed
1827 639 2049 708 insuper

493 724 610 786 ﬁlii,
641 734 698 777 ut
732 725 958 777 libentes
984 725 1061 789 ei~
1088 731 1142 780 et
1167 726 1350 780 animo
1381 727 1596 784 volente
1619 729 1789 782 instar
1813 728 2046 781 ﬁliorum

487 827 796 880 pareamus.
831 812 1123 885 Diligenter
1149 817 1299 882 item,
1328 818 1783 886 quemadmodum
1804 818 2048 872 membra

487 903 716 959 scilicet.
756 903 846 959 Sic
869 907 1012 960 enim
1037 908 1274 965 servitus
1298 910 1356 964 ﬁt
1385 910 1742 974 admirabilis,
1773 921 1824 964 et
1847 912 2046 965 eximia

487 1005 732 1058 prorsus.
771 993 1040 1060 Quocirca
1069 1007 1122 1052 et
1154 998 1266 1054 haec
1289 1007 1344 1052 et
1365 999 1480 1064 illa,
1515 1000 1772 1066 ﬁliorum,
1803 1002 2046 1070 inquam,

484 1089 539 1134 cl
561 1084 932 1139 membrorum
962 1086 1143 1158 imago
1201 1089 1508 1145 inducenda
1556 1100 1659 1155 est,
1695 1093 1912 1160 quando
1943 1107 2049 1146 una

483 1172 549 1225 ad
580 1187 692 1227 rem
731 1183 858 1229 ante
885 1180 1074 1234 oculos
1103 1180 1407 1247 ponendam
1463 1180 1598 1235 satis
1628 1197 1737 1235 non
1773 1191 1874 1236 est.
1906 1181 2047 1247 Quid

485 1265 630 1319 enim
665 1265 1048 1323 admirationis
1082 1270 1263 1333 habet,
1297 1271 1445 1328 nullo
1471 1287 1570 1342 per
1611 1289 1670 1327 se
1721 1285 1872 1329 motu
1912 1290 2046 1344 prte-

481 1354 649 1420 dilos,
685 1359 834 1412 velut
863 1361 1128 1420 membra.
1163 1377 1192 1416 a
1219 1362 1328 1418 Deo
1365 1378 1464 1417 ceu
1485 1379 1514 1417 a
1557 1365 1736 1433 capite
1769 1366 1971 1420 moveri
1994 1373 2049 1419 et

485 1445 700 1501 incitari
727 1449 752 1502 ?
779 1449 918 1514 Quid
945 1452 1242 1519 singulare,
1267 1454 1414 1508 velut
1440 1455 1684 1524 patribus
1701 1458 1884 1512 carnis
1902 1455 2046 1511 Patri

483 1539 772 1608 spirituum
805 1541 998 1610 subjici
1027 1543 1050 1596 ί
1080 1543 1179 1599 Ast
1235 1553 1532 1616 utrumque
1581 1547 1744 1602 simul
1795 1557 2047 1602 naturam

481 1630 717 1695 exredit,
743 1645 868 1685 cum
903 1633 1118 1687 arbitrii
1150 1633 1396 1691 libertate
1450 1644 1656 1692 retenta
1702 1647 1762 1693 ut
1811 1638 1926 1702 ﬁlii,
1955 1653 2044 1693 sua

482 1718 642 1774 besse
678 1736 974 1789 possumus
998 1733 1255 1794 tauquam
1300 1727 1568 1782 membra.

555 1811 622 1864 Et
650 1812 766 1868 haec
795 1822 878 1866 est
901 1815 990 1868 illa
1019 1817 1364 1884 praedicanda
1396 1808 1629 1874 filiorum
1658 1818 1906 1888 adoptio,
1937 1835 2046 1874 non

483 1900 537 1954 in
568 1915 700 1957 voce
721 1909 772 1956 et
794 1902 1503 1972 appellationeconsistens,
1524 1914 1584 1960 ut
1601 1907 1654 1962 in
1677 1907 1837 1960 rebus
1858 1907 2046 1960 huma-

482 1993 592 2059 nis,
629 2008 728 2049 nec
757 2011 930 2066 usque
951 2012 1016 2052 eo
1039 1999 1393 2054 honorabilis.
1418 1998 1551 2054 Nam
1579 1999 1721 2055 inter
1742 2014 1863 2061 nos.
1884 1998 2052 2068 adop-

481 2084 578 2138 tati
608 2101 732 2140 cum
787 2086 1177 2157 adoptantibus
1203 2091 1422 2146 nomine
1452 2091 1569 2147 solo
1615 2093 2046 2157 communicant,

480 2186 536 2233 et
574 2192 640 2232 eo
663 2194 834 2250 usque
886 2182 993 2236 illis
1037 2184 1345 2240 communis
1379 2193 1464 2240 est
1502 2193 1677 2255 pater,
1711 2186 1857 2240 nulla
1880 2185 2050 2242 inter-

480 2269 621 2324 cedit
639 2272 938 2340 generatio,
978 2275 1107 2329 nulli
1149 2285 1370 2345 partus;
1404 2277 1492 2334 hic
1521 2287 1699 2334 autem
1726 2287 1780 2334 et
1818 2293 2046 2348 genera-

483 2361 557 2416 tio
573 2371 658 2417 est
678 2379 886 2432 revera,
904 2376 956 2420 et
974 2368 1289 2423 communio
1315 2383 1438 2423 cum
1461 2369 1772 2440 Unigenito,
1799 2383 1907 2424 non
1927 2379 2045 2425 tan-

482 2461 594 2508 tum
610 2455 871 2520 nominis,
890 2459 986 2514 sed
1007 2476 1187 2514 rerum
1212 2452 1432 2532 quoque
1450 2462 1712 2533 ipsarum,
1737 2463 2042 2534 sanguinis,

479 2546 753 2613 corporis,
785 2547 930 2602 vitae.
957 2548 1096 2616 Quid
1128 2550 1272 2604 enim
1304 2552 1676 2622 praslantius,
1724 2567 1886 2622 quam
1917 2568 2040 2608 cum

479 2637 596 2705 ipse
617 2638 776 2692 Pater
800 2637 1071 2708 Unigeniti
1099 2642 1186 2697 sui
1216 2645 1458 2698 membra
1487 2644 1540 2698 in
1576 2645 1731 2699 nobis
1754 2645 2042 2713 agnoscit?

477 2744 600 2785 cum
625 2729 796 2802 ipsam
817 2731 1190 2798 Filiiformam
1207 2735 1260 2789 in
1276 2736 1519 2792 vultibus
1540 2740 1744 2793 nostris
1764 2738 2043 2793 intuetur?

483 2835 505 2869 ι
542 2819 690 2886 Quos
726 2821 1153 2890 praedestinavit,
1190 2824 1388 2894 inquit,
1413 2825 1723 2882 conformes
1761 2828 1874 2882 ﬁeri
1906 2830 2043 2882 ima-

477 2907 620 2978 ginis
652 2907 774 2963 Filii
819 2911 904 2965 sui
940 2910 1007 2966 ⁶⁸.
1056 2929 1074 2963 ι
1115 2911 1180 2966 Et
1216 2913 1344 2984 quid
1395 2929 1494 2985 ego
1518 2916 1679 2971 istam
1743 2917 2037 2972 humanam

470 2998 818 3068 adoptionem
839 3013 1097 3055 euumero
1115 3000 1139 3056 ?
1159 3017 1278 3056 cum
1298 3003 1386 3060 hic
1413 3003 1528 3073 ipsa
1559 3005 1790 3060 naturali
1815 3020 2040 3076 genera-

2149 548 2416 618 γινόμεθα
2449 549 2632 624 μόνον,
2681 551 2818 606 ἀλλὰ
2849 551 2947 607 καὶ
2983 551 3192 615 παῖδες,
3247 549 3386 604 ὥστε
3419 550 3675 621 λατρεύειν

2151 640 2625 710 ὑποταττομένους
2678 643 2900 706 ἑκόντας
2952 645 3050 714 μὲν
3089 642 3187 697 καὶ
3240 643 3354 712 μετ’
3399 643 3675 698 ἐθελουσίοο

2149 729 2396 800 γνώμης,
2449 730 2638 801 ῶσπερ
2671 733 2718 784 οί
2751 733 2961 795 παῖδας.
3019 724 3284 802 ’Δκριόὦς
3339 731 3396 783 δὲ
3453 732 3676 798 καθάπερ

2150 819 2218 874 τὰ
2248 820 2383 890 μέλη
2408 837 2421 850 ·
2452 819 2596 874 οὑτω
2619 821 2728 892 γὰρ
2767 824 2798 891 ἡ
2835 822 3062 892 λατρεία
3092 821 3378 892 θαυμαστὴ
3407 823 3497 876 καὶ
3525 822 3676 886 οὕτως

2151 911 2455 982 ὑπερφυὴς,
2484 912 2626 966 ὥστε
2655 915 2747 966 καὶ
2767 913 2972 984 ταύτης
2999 913 3259 981 κάκείνης
3283 914 3360 966 δεῖ
3382 915 3473 983 τῆς
3493 915 3676 978 εἰκόνος

2151 1001 2245 1055 καὶ
2281 1003 2381 1069 τῆς
2410 1002 2518 1055 τῶν
2549 1003 2684 1056 υίῶν
2714 1004 2809 1057 καὶ
2837 1005 2937 1066 τῆς
2981 1004 3090 1056 τῶν
3128 1002 3324 1071 μελῶν,
3355 1002 3426 1064 ὡς
3453 1001 3547 1054 οὑκ
3585 1003 3674 1069 ἁρ-

2150 1093 2354 1163 κοὺσης
2403 1093 2502 1162 τῆς
2535 1095 2730 1165 ἐτέρας
2770 1095 2834 1148 τὸ
2867 1094 2928 1148 ὃν
2965 1092 3323 1160 ἐνδείξασθαι.
3354 1092 3418 1144 Τί
3460 1091 3552 1161 μὲν
3580 1079 3683 1160 γὰρ

2149 1183 2310 1238 τοῦτο
2341 1184 2674 1254 θαυμαστὸν.
2712 1186 2980 1257 μηδεμίαν
3014 1185 3226 1255 κίνησιν
3255 1184 3456 1238 οίκοθεν
3499 1184 3673 1246 αὐτοὺς

2150 1278 2545 1348 κεκτημένους,
2577 1277 2767 1348 ὥσπερ
2805 1277 2874 1330 τὰ
2901 1277 3040 1347 μέλη
3079 1277 3156 1338 ὡς
3201 1275 3306 1328 ὑπὸ
3336 1273 3564 1340 κεφαλῆς
3592 1273 3673 1325 τοῦ

2149 1366 2285 1419 Θεοῦ
2331 1367 2656 1437 κινηθῆναις
2692 1369 2760 1420 Τί
2803 1368 2860 1420 δὲ
2893 1370 3069 1421 ἐκεῖνο
3098 1367 3262 1436 μέγα,
3293 1366 3534 1434 καθάπερ
3576 1367 3674 1427 τοῖς

2151 1460 2396 1528 πατράσι
2421 1461 2520 1529 τῆς
2548 1461 2749 1532 σαρκὸς
2783 1459 2862 1530 τῷ
2888 1459 3061 1530 πατρὶ
3085 1459 3192 1511 τῶν
3225 1459 3538 1528 πνευμάτων
3563 1456 3680 1509 ﬁm-

2150 1552 2417 1620 ταγῆναι;
2461 1554 2535 1606 Τὸ
2573 1553 2631 1607 δὲ
2663 1553 3073 1624 συναμφότερον
3115 1549 3415 1621 ὑπερφυὲς,
3441 1551 3559 1601 ὅταν
3592 1545 3674 1598 τοῦ

2148 1643 2313 1712 λόγου
2345 1643 2443 1714 τὴν
2489 1644 2817 1714 αὐτονομίαν
2869 1641 3132 1710 σώζοντες
3167 1641 3357 1712 ὥσπερ
3391 1641 3439 1691 ot
3489 1637 3678 1702 παῖδες,

2151 1735 2488 1806 ὑποταγῆναι
2519 1735 2835 1806 δυνηθῶμεν
2857 1733 3043 1804 ὥσπερ
3069 1736 3138 1787 τὰ
3173 1733 3332 1803 μέλη.

2223 1827 2332 1880 Καὶ
2364 1826 2520 1880 τοῦτο
2551 1829 2668 1880 ἐστι
2706 1827 2768 1879 τὸ
2798 1826 2991 1898 χρῆμα
3015 1827 3112 1890 τῆς
3137 1822 3478 1894 ὑμνουμένης
3519 1818 3675 1873 υίοθεο

2151 1919 2295 1984 σίας,
2323 1921 2424 1974 οὑκ
2457 1922 2548 1974 ἐπὶ
2573 1921 2672 1990 τῆς
2695 1921 2876 1989 φωνῆς
2916 1917 3231 1987 ἱσταμένης,
3259 1915 3440 1982 ὥσπερ
3474 1913 3557 1966 ἐπὶ
3586 1912 3679 1964 τῶν

2150 2011 2526 2083 ἀνθρωπίνων,
2551 2012 2673 2066 οὐδὲ
2704 2012 2865 2084 μέχρι
2886 2011 3076 2066 τούτου
3103 2009 3374 2079 τιμώσης.
3407 2006 3517 2074 Ἐφ’
3544 2003 3682 2074 ἡμῶν

2153 2104 2256 2173 μὲν
2292 2104 2403 2173 γὰρ
2449 2105 2498 2157 οί
2556 2105 2771 2174 ποιητοί
2825 2106 2939 2167 τοῖς
2975 2102 3400 2172 γεγεννημένοις
3449 2099 3686 2167 ὀνόματος

2150 2196 2468 2252 κοινωνοῦσι
2499 2197 2680 2267 μόνον,
2720 2197 2815 2250 καὶ
2849 2195 3012 2266 μέχρι
3027 2194 3218 2248 τούτου
3255 2191 3428 2255 κοινὸς
3461 2189 3628 2250 αὐτοῖς
3661 2187 3685 2237 ὁ
3762 2203 3771 2214 ·

2149 2286 2353 2358 πατὴρ,
2387 2287 2642 2358 γέννησις
2668 2287 2724 2341 δὲ
2750 2282 2976 2354 οὐδεμία
2998 2283 3118 2337 οὑδὲ
3135 2282 3332 2344 ὠδῖνες
3351 2296 3367 2314 ο
3399 2276 3614 2332 ὲνταῦθα
3637 2273 3686 2325 δὲ

2148 2377 2244 2432 καὶ
2285 2378 2533 2449 γέννησίς
2564 2378 2710 2432 ἐστιν
2770 2377 2986 2445 ἀληθῶς
3020 2376 3112 2430 καὶ
3157 2371 3418 2426 κοινωνία
3459 2368 3584 2439 πρὸς
3604 2367 3684 2420 τὸν

2145 2470 2446 2541 Μονογενῆ,
2481 2471 2543 2524 οὑ
2581 2472 2682 2541 τῆς
2711 2469 3027 2540 ἐπωνυμίας
3055 2468 3248 2538 μόνον,
3280 2465 3414 2520 ἀλλὰ
3448 2464 3537 2516 καὶ
3567 2477 3686 2528 πραμ-

2146 2567 2372 2634 γμάτων
2390 2565 2591 2630 αὑτῶν,
2608 2563 2702 2618 τοῦ
2725 2564 2980 2634 αἳματος,
2997 2561 3090 2615 τοῦ
3115 2561 3398 2630 σώματος,
3414 2556 3508 2625 τῆς
3540 2553 3684 2621 ζωῆς·

2144 2659 2253 2712 Καὶ
2280 2657 2334 2710 τί
2362 2655 2468 2728 γὰρ
2509 2656 2694 2727 μεῖζον
2726 2655 2760 2724 ἦ
2785 2649 2912 2709 ὅταν
2936 2653 3098 2716 αὑτὸς
3125 2656 3152 2706 ὁ
3176 2652 3376 2721 Πατὴρ
3405 2649 3494 2703 τοῦ
3537 2647 3683 2700 Μονο-

2144 2749 2334 2818 γενοῦς
2385 2752 2443 2803 ἂν
2469 2751 2602 2819 ἡμῖν
2654 2747 2998 2818 ἑπιγινώσκῃ
3040 2747 3109 2800 τὰ
3163 2745 3327 2815 μέλῃ,
3361 2744 3484 2798 ὅταν
3525 2737 3674 2807 αὐτὴν

2143 2841 2374 2913 εὑρίσκῃ
2403 2843 2503 2908 τὴν
2545 2838 2756 2909 μορφὴν
2776 2837 2871 2892 τοῦ
2905 2837 3092 2900 παιδὸς
3122 2837 3222 2890 ἐπὶ
3262 2836 3370 2889 τῶν
3399 2830 3676 2904 προσώπων

2139 2931 2248 2984 τῶν
2279 2929 2584 3001 ἡμετέρων.
2635 2949 2654 2982 ι
2687 2928 3056 2999 Συμμόρφους
3086 2927 3221 2997 γὰρ,
3257 2925 3406 2996 φησι,
3431 2922 3676 2995 προώρισε

2140 3021 2240 3090 τῆς
2295 3020 2499 3083 είκόνος
2537 3020 2631 3073 τοῦ
2686 3020 2814 3074 Υίοῦ
2864 3018 3050 3074 αὑτοῦ.
3110 3036 3129 3070 ι
3167 3019 3282 3071 Καὶ
3323 3017 3375 3070 τί
3421 3017 3555 3079 λέγω
3591 3010 3676 3079 τὴν

473 3091 621 3146 tione
653 3091 935 3147 astrictius
966 3093 1219 3160 quiddam
1254 3095 1538 3166 magisque
1583 3107 1872 3167 cognatum
1934 3099 2028 3165 sit,

2143 3114 2365 3180 υίὸτητα
2411 3113 2508 3183 τὴν
2539 3112 2932 3182 πεποιημένην,
2979 3112 3110 3166 ὅταν
3136 3111 3243 3181 τῆς
3283 3108 3512 3180 φυσικῆς
3532 3118 3674 3171 προσ-

469 3189 524 3237 εῑ
551 3182 624 3237 ita
643 3182 756 3236 nati
778 3184 950 3253 magis
977 3181 1067 3236 Dci
1087 3184 1181 3238 ﬁlii
1211 3185 1341 3252 sint,
1367 3201 1526 3256 quam
1558 3203 1745 3244 eorum
1778 3190 1867 3260 qui
1891 3188 2038 3259 ipsos

470 3275 766 3331 secundum
823 3291 1026 3345 corpus
1053 3289 1414 3348 procrearunt
1441 3297 1455 3335 :
1491 3277 1654 3350 idque
1681 3296 1746 3336 eo
1779 3282 2035 3352 amplius,

469 3377 676 3437 quanto
717 3367 948 3435 amplius
984 3368 1237 3433 illorum,
1259 3385 1421 3440 quam
1451 3375 1691 3427 materiae
1714 3373 1779 3427 ad
1812 3388 2043 3444 concep—

472 3470 588 3513 tum
642 3460 934 3528 supposita:
965 3470 1112 3516 sunt.
1130 3460 1271 3528 Quid
1325 3462 1469 3518 enim
1490 3472 1596 3531 est,
1614 3465 1755 3534 quod
1777 3480 1934 3521 veros
1949 3481 2042 3536 pa-

469 3554 578 3600 tres
606 3545 761 3602 nobis
778 3546 1107 3614 facit?Quod
1131 3566 1196 3603 ex
1230 3551 1470 3620 ipsorum
1489 3567 1651 3608 carne
1668 3568 1885 3608 carnem
1901 3555 2041 3610 hanc

471 3639 752 3704 habemus,
783 3651 887 3696 ete
911 3642 1173 3713 sanguine
1193 3643 1406 3698 illorum
1431 3645 1538 3700 vita
1596 3648 1754 3702 nobis
1803 3649 2038 3704 conﬂata

467 3738 577 3786 est.
617 3729 731 3786 lloc
759 3747 886 3786 vero
935 3734 1066 3788 etin
1127 3733 1409 3791 Salvatore
1467 3738 1826 3808 acquirimus.
1894 3739 2037 3797 Caro

468 3821 613 3875 enim
648 3837 715 3876 ex
741 3821 862 3892 ejus
893 3837 1060 3879 carne
1087 3835 1141 3880 et
1173 3840 1299 3880 ossa
1331 3842 1394 3881 ex
1424 3827 1544 3896 ejus
1574 3831 1791 3886 ossibus
1816 3846 2032 3888 sumus.

470 3911 577 3967 Sed
606 3912 892 3984 utriusque
925 3917 1328 3972 communionis
1359 3917 1505 3972 haud
1543 3920 1819 3976 mediocre
1870 3923 2038 3978 inter-

469 4004 668 4059 vallum
701 4015 805 4060 est.
844 4006 980 4062 Nam
1010 4007 1064 4061 in
1110 4009 1448 4064 naturalibus
1485 4011 1576 4080 qui
1601 4027 1756 4072 nunc,
1779 4020 1861 4067 est
1911 4030 2040 4070 san-

470 4099 593 4164 guis
614 4095 871 4161 ﬁliorum,
906 4108 1192 4166 parentum
1221 4099 1334 4171 jam
1368 4118 1473 4155 non
1525 4111 1630 4169 est,
1661 4105 1757 4159 sed
1808 4105 2032 4162 illorum

467 4189 569 4243 fuit
622 4189 938 4260 priusquam
973 4189 1210 4246 ﬁliorum
1238 4202 1401 4246 εεεει.
1432 4194 1610 4262 Atque
1631 4197 1745 4250 hac
1771 4205 1855 4254 est
1883 4199 2036 4268 origo

466 4281 701 4350 generis,
787 4281 916 4350 quia
997 4283 1091 4350 qui
1159 4284 1383 4350 sanguis
1463 4301 1609 4339 nunc
1655 4295 1740 4342 est
1817 4289 2032 4356 borum,

465 4383 592 4428 ante
643 4373 861 4428 illorum
923 4383 1061 4428 erat.
1107 4373 1187 4427 Ex
1247 4387 1589 4432 sacramento
1639 4387 1817 4434 autem
1874 4381 2031 4448 istoc,

2142 3205 2437 3274 φυέστερον
2485 3204 2582 3258 καὶ
2638 3205 3062 3274 συγγενέστερον
3111 3201 3256 3276 ἔχῃ,
3325 3202 3418 3256 καὶ
3461 3201 3506 3253 οί
3555 3196 3678 3250 οὕτω

2141 3295 2487 3366 γεννηθέντες
2516 3296 2622 3348 υίοὶ
2652 3296 2786 3349 Θεοῦ
2840 3296 3042 3366 μᾶλλον
3091 3295 3124 3365 ἦ
3156 3296 3273 3348 τῶν
3302 3291 3676 3362 γεγεννηκότων

2141 3387 2346 3452 αὑτῶν,
2372 3388 2466 3442 καὶ
2489 3388 2711 3442 τοσοῦτο
2752 3389 2976 3457 μᾶλλον,
3025 3389 3149 3442 ὅσον
3179 3389 3410 3440 ἐκείνων
3441 3381 3675 3456 μᾶλλονῆ

2142 3479 2251 3532 τῶν
2308 3479 2758 3549 ὑποὸαλλομένων
2812 3479 2950 3545 είσί;
3012 3478 3078 3531 Τί
3125 3479 3238 3550 γάρ
3292 3482 3460 3542 ἐστιν,
3505 3476 3530 3529 δ
3568 3474 3677 3530 τοὺς

2138 3569 2358 3642 ἀληθεῖς
2378 3573 2512 3641 ἡμῖν
2557 3572 2798 3640 πατέρας
2821 3573 2965 3625 ποιεῖ
2981 3586 2998 3635 ;
3015 3571 3112 3624 Ἐκ
3136 3571 3250 3626 τῶν
3284 3569 3495 3641 σαρκῶν
3525 3564 3680 3619 αὐτῶν

2138 3664 2344 3734 ταύτην
2366 3662 2560 3734 ἔχομεν
2577 3665 2675 3734 τὴν
2697 3666 2896 3733 σάρκα,
2921 3663 3018 3717 καὶ
3037 3665 3102 3717 ὲκ
3122 3664 3236 3716 τῶν
3259 3663 3500 3732 αίμάτων
3521 3656 3680 3712 αὐτῶν

2140 3757 2470 3825 συνέστηκεν
2494 3759 2625 3827 ἡμῖν
2653 3758 2686 3826 ή
2713 3758 2849 3825 ζωή.
2877 3755 3046 3810 Τοῦτο
3071 3756 3166 3808 καὶ
3194 3757 3287 3809 ἐπὶ
3307 3755 3400 3810 τοῦ
3431 3752 3678 3820 Σωτῆρος·

2141 3846 2341 3914 σάρκες
2362 3846 2531 3915 ἐσμὲν
2557 3847 2620 3900 ἐκ
2637 3847 2745 3898 τῶν
2765 3846 2984 3917 σαρκῶν
3010 3845 3208 3912 αὑτοῦ,
3241 3845 3338 3902 καὶ
3354 3846 3484 3898 ὀστᾶ
3507 3846 3565 3895 ὲκ
3590 3839 3681 3892 τῶν

2139 3934 2313 3990 ὀστῶν
2344 3933 2534 3999 αὑτοῦ,
2563 3935 2702 3989 ἀλλὰ
2730 3937 2829 4006 τῆς
2858 3937 3146 3996 κοινωνίας
3176 3938 3447 4007 ἑκατέρας
3480 3932 3606 3986 πολὺ
3629 3928 3682 4006 τὸ

2139 4027 2326 4098 μέσον.
2364 4025 2489 4079 Ἐπὶ
2523 4027 2623 4097 μὲν
2656 4027 2765 4097 γὰρ
2796 4027 2906 4080 τῶν
2933 4027 3185 4096 φυσικῶν
3220 4029 3281 4081 τὸ
3310 4028 3401 4079 νῦν
3427 4021 3558 4093 αἷμα
3587 4019 3681 4073 τῶν

2138 4117 2345 4172 παίδων
2363 4117 2548 4172 οὑκέτι
2573 4119 2665 4170 καὶ
2700 4117 2807 4172 τῶν
2839 4119 3259 4188 γεγεννηκότων
3295 4117 3462 4180 ἐστὶν,
3492 4111 3595 4167 ἀλλ’
3623 4105 3682 4180 ἦν

2135 4207 2360 4261 ἐκείνων
2383 4207 2550 4279 πρινὴ
2578 4208 2686 4261 τῶν
2715 4207 2920 4262 παίδων
2951 4203 3116 4271 εἶναι,
3147 4210 3244 4261 καὶ
3271 4206 3428 4261 τοῦτο
3468 4206 3603 4258 ποιεῖ
3631 4201 3683 4253 τὸ

2136 4299 2311 4366 γένος,
2349 4297 2432 4350 δτι
2461 4297 2488 4348 δ
2512 4295 2605 4350 νῦν
2635 4297 2861 4362 τούτων,
2885 4296 3110 4350 ἐκείνων
3137 4298 3405 4367 πρότερον
3429 4291 3493 4366 ἦν
3513 4311 3526 4324 °
3560 4294 3611 4347 τὸ
3633 4290 3683 4343 δὲ

2135 4389 2234 4458 τῆς
2267 4388 2486 4456 τελετῆς
2511 4387 2706 4458 ἔργον,
2723 4388 2782 4441 τὸ
2809 4383 2947 4454 αἷμα
3041 4387 3248 4456 ζῶμεν,
3276 4389 3371 4440 νῦν
3395 4390 3538 4440 ἐστιν
3561 4377 3685 4451 αἷμα

463 4463 686 4534 sanguis
749 4478 859 4532 quo
888 4461 1140 4528 vivimus,
1172 4462 1336 4518 etiam
1367 4480 1512 4520 nunc
1563 4469 1785 4539 sanguis
1833 4468 2032 4526 Christi

2142 4481 2398 4551 Χριστοῦ,
2420 4479 2516 4534 καὶ
2533 4481 2566 4550 ἡ
2585 4480 2744 4549 σὰρξ,
2771 4480 2837 4552 ἢν
2858 4481 3124 4550 πήγνυσιν
3145 4482 3278 4549 ἡμῖν
3297 4481 3358 4532 τὸ
3385 4477 3680 4548 μυστήριον,

463 4560 566 4608 εει.
620 4551 687 4605 Ει
747 4565 897 4616 caro,
964 4565 1126 4619 quam
1183 4553 1364 4623 nobis!
1395 4568 1758 4628 coagmentat,
1838 4577 2039 4633 corpus

464 4643 662 4699 Christi
691 4651 792 4709 est,
808 4650 861 4698 et
877 4644 1183 4698 communia
1209 4646 1428 4718 insuper
1443 4651 1706 4718 membra,
1729 4657 2032 4711 communis

464 4738 595 4790 vita.

529 4829 706 4891 Atque
772 4827 890 4885 haec
960 4839 1045 4888 est
1099 4847 1221 4886 vera
1277 4835 1614 4901 communio,
1657 4851 1781 4892 cum
1841 4840 2034 4896 ambo-

465 4921 566 4975 bus
599 4920 740 4976 idem
766 4923 955 4978 eodem
984 4935 1231 4996 tempore
1275 4925 1449 4981 adest.
1500 4926 1633 4982 Nam
1699 4935 1745 4985 si
1801 4940 2029 5002 uterque

462 5013 648 5078 habet,
688 5015 802 5085 jam
869 5015 980 5082 hic,
1011 5018 1122 5087 jam
1161 5019 1275 5084 ille,
1330 5021 1434 5074 hoc
1471 5035 1580 5074 non
1631 5022 1813 5092 potius
1865 5024 2030 5081 fuerit

461 5106 885 5170 communicare,
918 5123 1078 5177 quam
1106 5108 1370 5164 dissidere
1415 5125 1480 5164 ac
1537 5111 1865 5181 discrepare.
1908 5115 2026 5171 Non

458 5204 544 5251 est
575 5197 716 5250 enim
751 5199 895 5267 quod
926 5200 1239 5270 coniungat,
1268 5202 1524 5272 quoniam
1562 5219 1668 5256 non
1706 5204 1902 5261 habent
1937 5223 2023 5264 se-

458 5289 696 5358 cundum
729 5289 871 5344 idem
918 5292 1106 5356 ambo,
1168 5293 1312 5361 quod
1351 5295 1558 5350 utervis
1626 5297 1776 5352 solus
1839 5299 2020 5356 habet.

457 5380 724 5445 Quocirca
753 5396 850 5437 nec
880 5397 1007 5438 vere
1043 5392 1293 5438 mutuum
1331 5385 1386 5439 in
1427 5386 1536 5440 ullo
1595 5389 2020 5455 communicant,

460 5485 558 5525 nec
589 5473 1092 5530 communicarunt.
1118 5473 1371 5544 Sed‘quia
1401 5476 1542 5532 idem
1571 5486 1674 5542 est,
1699 5478 1845 5548 quod
1871 5482 2022 5550 prius

455 5570 576 5616 erat
601 5550 784 5632 hujus,
818 5579 966 5619 nunc
1012 5574 1096 5620 est
1145 5567 1314 5632 illius,
1345 5569 1556 5638 species
1585 5571 1832 5640 quaedam
1867 5587 2019 5628 com-

527 5743 575 5822 ξ’
621 5744 786 5802 Hebr.
817 5765 876 5814 ιι,
915 5712 999 5804 l3.

2141 4572 2303 4640 σῶμά
2333 4574 2450 4624 ὲστι
2482 4572 2574 4625 τοῦ
2605 4571 2870 4643 Χριστοῦ,
2897 4571 2990 4626 καὶ
3021 4571 3178 4624 κοινὰ
3216 4571 3299 4624 ἔτι
3332 4571 3414 4623 τὰν
3436 4569 3570 4638 μέλη
3601 4565 3682 4618 καὶ

2140 4665 2294 4736 κοινὴ
2327 4665 2360 4735 ἡ
2391 4664 2527 4734 ιωή.

2209 4843 2379 4898 Τοῦτο
2407 4843 2462 4897 δέ
2486 4843 2634 4896 ἐστιν
2663 4844 2694 4914 ἡ
2718 4840 2926 4912 ἀληθὴς
2954 4839 3232 4906 κοινωνία,
3259 4839 3387 4892 ὅταν
3409 4837 3601 4908 ἀμφοῖν
3625 4829 3679 4884 τὸ

2137 4935 2270 4990 αὐτὸ
2319 4933 2464 4986 κατὰ
2510 4933 2601 4986 τὸν
2658 4933 2820 4986 αὑτὸν
2868 4932 3059 5002 χρόνον
3115 4935 3290 5002 παρῇ,
3340 4931 3419 4992 ὡς
3475 4923 3677 4981 ἐπειδὰν

2135 5027 2392 5096 ἑκάτερος
2425 5023 2545 5094 ἔχῃ,
2576 5024 2669 5076 καὶ
2697 5023 2791 5077 νῦν
2825 5025 2924 5092 μὲν
2954 5017 3127 5088 οὗτος,
3163 5022 3257 5076 νῦν
3287 5023 3343 5075 δὲ
3382 5022 3596 5080 ἐκεῖνος,
3619 5015 3673 5067 οὑ

2133 5121 2408 5172 κοινωνεῖν
2439 5117 2505 5170 ἂν
2535 5116 2620 5184 είη
2647 5117 2844 5184 μᾶλλον
2871 5117 2903 5184 ἦ
2933 5117 3225 5170 διεστάναι.
3254 5115 3330 5168 Οὑ
3362 5113 3466 5182 γάρ
3496 5113 3603 5162 ἐστι
3622 5107 3672 5158 si

2133 5212 2424 5274 συνάπτον,
2452 5212 2534 5264 ὅτι
2571 5209 2646 5279 μὴ
2676 5210 2910 5277 πάρεστι
2940 5208 3081 5261 κατὰ
3107 5208 3299 5260 ταύτὸν
3334 5203 3668 5274 ἀμφοτέροις.

2128 5305 2157 5358 ὃ
2187 5320 2250 5370 γε
2289 5304 2448 5372 μόνος
2495 5303 2758 5372 ἑκάτερος
2797 5302 2946 5372 ἔχει·
2988 5301 3112 5355 ὅθεν
3163 5299 3288 5352 οὔτε
3345 5295 3671 5351 κοινωνοῦσιν

2131 5394 2404 5462 ἀλλήλοις,
2444 5392 2755 5446 οὑτινοσοῦν
2797 5393 3013 5459 ἀληθῶς
3051 5390 3173 5444 οὔτε
3216 5388 3675 5456 κεκοινωνήκασιν,

2130 5483 2244 5538 ἀλλ’
2274 5486 2301 5536 ὅ
2329 5500 2383 5536 τι
2410 5484 2470 5535 τὸ
2500 5484 2635 5537 αὑτό
2657 5487 2822 5549 ἐστιν,
2845 5484 2874 5536 ὃ
2903 5483 3165 5554 πρότερον
3189 5477 3258 5552 ἦν
3278 5481 3487 5542 τούτου,
3510 5476 3597 5530 νῦν
3621 5471 3670 5524 δὲ

2130 5575 2362 5639 ἐκείνου,
2391 5575 2576 5629 εἰκόνα
2609 5575 2730 5630 τινὰ
2781 5576 3068 5639 κοινωνίας
3112 5575 3246 5644 ἔχει.
3281 5570 3544 5637 Καθάπερ
3574 5564 3672 5632 γὰρ
