  <div class='ocr_page' id='page_1' title='image "/cluster/home/n/w/nwhite01/storage/ocr_20150623/150/hvd.32044073498826/306.png"; bbox 0 0 3982 6208; ppageno 0'>
   <div class='ocr_carea' id='block_1_1' title="bbox 359 377 459 440">
    <p class='ocr_par' dir='ltr' id='par_1_1' title="bbox 359 377 459 440">
     <span class='ocr_line' id='line_1_1' title="bbox 359 377 459 440; baseline -0.04 0"><span class='ocrx_word' id='word_1_1' title='bbox 359 377 459 440; x_wconf 76' lang='grc'><strong>601</strong></span> 
     </span>
    </p>
   </div>
   <div class='ocr_carea' id='block_1_2' title="bbox 1423 384 2570 454">
    <p class='ocr_par' dir='ltr' id='par_1_2' title="bbox 1423 384 2570 454">
     <span class='ocr_line' id='line_1_2' title="bbox 1423 384 2570 454; baseline 0.007 -11"><span class='ocrx_word' id='word_1_2' title='bbox 1423 385 1519 443; x_wconf 84' lang='lat' dir='ltr'><strong>DE</strong></span> <span class='ocrx_word' id='word_1_3' title='bbox 1547 384 1721 446; x_wconf 78' lang='lat' dir='ltr'><strong>VITA</strong></span> <span class='ocrx_word' id='word_1_4' title='bbox 1763 387 1846 451; x_wconf 86' lang='lat' dir='ltr'><strong>IN</strong></span> <span class='ocrx_word' id='word_1_5' title='bbox 1885 388 2217 451; x_wconf 79' lang='lat' dir='ltr'><strong>CHRISTO</strong></span> <span class='ocrx_word' id='word_1_6' title='bbox 2278 392 2421 452; x_wconf 85' lang='lat' dir='ltr'><strong>LIB.</strong></span> <span class='ocrx_word' id='word_1_7' title='bbox 2469 392 2570 454; x_wconf 89' lang='lat' dir='ltr'><strong>IV.</strong></span> 
     </span>
    </p>
   </div>
   <div class='ocr_carea' id='block_1_3' title="bbox 3488 402 3593 465">
    <p class='ocr_par' dir='ltr' id='par_1_3' title="bbox 3488 402 3593 465">
     <span class='ocr_line' id='line_1_3' title="bbox 3488 402 3593 465; baseline 0.038 -3"><span class='ocrx_word' id='word_1_8' title='bbox 3488 402 3593 465; x_wconf 68' lang='lat'><strong>(&#39;02</strong></span> 
     </span>
    </p>
   </div>
   <div class='ocr_carea' id='block_1_4' title="bbox 359 491 1921 582">
    <p class='ocr_par' dir='ltr' id='par_1_4' title="bbox 359 491 1921 569">
     <span class='ocr_line' id='line_1_4' title="bbox 359 491 1921 569; baseline 0.005 -22"><span class='ocrx_word' id='word_1_9' title='bbox 359 495 466 547; x_wconf 87' lang='grc' dir='ltr'><strong>οῦκ</strong></span> <span class='ocrx_word' id='word_1_10' title='bbox 487 494 553 547; x_wconf 77' lang='grc' dir='ltr'>ἄν</span> <span class='ocrx_word' id='word_1_11' title='bbox 579 511 660 556; x_wconf 87' lang='grc' dir='ltr'><strong>τις</strong></span> <span class='ocrx_word' id='word_1_12' title='bbox 683 496 766 563; x_wconf 81' lang='grc' dir='ltr'>εῐη</span> <span class='ocrx_word' id='word_1_13' title='bbox 799 494 1065 561; x_wconf 88' lang='grc' dir='ltr'>σύνοικος,</span> <span class='ocrx_word' id='word_1_14' title='bbox 1094 491 1137 562; x_wconf 80' lang='grc' dir='ltr'>ᾧ</span> <span class='ocrx_word' id='word_1_15' title='bbox 1161 495 1259 564; x_wconf 79' lang='grc' dir='ltr'>τὴν</span> <span class='ocrx_word' id='word_1_16' title='bbox 1286 497 1455 565; x_wconf 74' lang='grc' dir='ltr'>αὐτὴν</span> <span class='ocrx_word' id='word_1_17' title='bbox 1486 498 1701 569; x_wconf 75' lang='grc' dir='ltr'>ᾤκησεν</span> <span class='ocrx_word' id='word_1_18' title='bbox 1726 503 1921 568; x_wconf 90' lang='grc' dir='ltr'>οίκίαν,</span> 
     </span>
    </p>
   </div>
   <div class='ocr_carea' id='block_1_5' title="bbox 2023 491 3591 582">
    <p class='ocr_par' dir='ltr' id='par_1_5' title="bbox 2031 505 3591 582">
     <span class='ocr_line' id='line_1_5' title="bbox 2031 505 3591 582; baseline 0.007 -24"><span class='ocrx_word' id='word_1_19' title='bbox 2031 505 2305 559; x_wconf 85' lang='lat' dir='ltr'><strong>munionis</strong></span> <span class='ocrx_word' id='word_1_20' title='bbox 2354 516 2407 560; x_wconf 88' lang='lat' dir='ltr'><strong>et</strong></span> <span class='ocrx_word' id='word_1_21' title='bbox 2439 508 2615 574; x_wconf 85' lang='lat' dir='ltr'><strong>imago</strong></span> <span class='ocrx_word' id='word_1_22' title='bbox 2642 506 2866 562; x_wconf 85' lang='lat' dir='ltr'><strong>dicenda</strong></span> <span class='ocrx_word' id='word_1_23' title='bbox 2922 518 3005 564; x_wconf 89' lang='lat' dir='ltr'><strong>est</strong></span> <span class='ocrx_word' id='word_1_24' title='bbox 3036 512 3227 581; x_wconf 82' lang='lat' dir='ltr'><strong>magis,</strong></span> <span class='ocrx_word' id='word_1_25' title='bbox 3250 527 3411 582; x_wconf 88' lang='lat' dir='ltr'><strong>quam</strong></span> <span class='ocrx_word' id='word_1_26' title='bbox 3436 530 3591 569; x_wconf 84' lang='lat' dir='ltr'><strong>com-</strong></span> 
     </span>
    </p>
   </div>
   <div class='ocr_carea' id='block_1_6' title="bbox 363 585 1927 661">
    <p class='ocr_par' dir='ltr' id='par_1_6' title="bbox 363 585 1927 661">
     <span class='ocr_line' id='line_1_6' title="bbox 363 585 1927 661; baseline 0.005 -24"><span class='ocrx_word' id='word_1_27' title='bbox 363 587 417 637; x_wconf 80' lang='grc' dir='ltr'><strong>εί</strong></span> <span class='ocrx_word' id='word_1_28' title='bbox 469 586 591 654; x_wconf 81' lang='grc' dir='ltr'>μετ’</span> <span class='ocrx_word' id='word_1_29' title='bbox 623 586 830 636; x_wconf 73' lang='grc' dir='ltr'>ἐκεῖνον</span> <span class='ocrx_word' id='word_1_30' title='bbox 866 585 1065 654; x_wconf 69' lang='grc' dir='ltr'>οἰκοίην</span> <span class='ocrx_word' id='word_1_31' title='bbox 1097 586 1204 639; x_wconf 81' lang='grc' dir='ltr'><strong>οὐδ’</strong></span> <span class='ocrx_word' id='word_1_32' title='bbox 1240 588 1415 657; x_wconf 84' lang='grc' dir='ltr'>ἀρχῆς</span> <span class='ocrx_word' id='word_1_33' title='bbox 1440 592 1533 642; x_wconf 75' lang='grc' dir='ltr'>καὶ</span> <span class='ocrx_word' id='word_1_34' title='bbox 1581 594 1927 661; x_wconf 81' lang='grc' dir='ltr'><strong>πραγμάτων</strong></span> 
     </span>
    </p>
   </div>
   <div class='ocr_carea' id='block_1_7' title="bbox 363 675 1927 755">
    <p class='ocr_par' dir='ltr' id='par_1_7' title="bbox 363 675 1927 755">
     <span class='ocr_line' id='line_1_7' title="bbox 363 675 1927 755; baseline 0.008 -28"><span class='ocrx_word' id='word_1_35' title='bbox 363 676 460 728; x_wconf 81' lang='grc' dir='ltr'>καὶ</span> <span class='ocrx_word' id='word_1_36' title='bbox 505 675 801 743; x_wconf 76' lang='grc' dir='ltr'><strong>φροντίδων</strong></span> <span class='ocrx_word' id='word_1_37' title='bbox 863 677 1117 740; x_wconf 82' lang='grc' dir='ltr'>κοινωνὸς</span> <span class='ocrx_word' id='word_1_38' title='bbox 1152 679 1376 749; x_wconf 84' lang='grc' dir='ltr'>ὁτῳοῦν,</span> <span class='ocrx_word' id='word_1_39' title='bbox 1404 681 1464 744; x_wconf 77' lang='grc' dir='ltr'>ὃς</span> <span class='ocrx_word' id='word_1_40' title='bbox 1515 683 1790 749; x_wconf 65' lang='grc' dir='ltr'>ἐξεδέξατο</span> <span class='ocrx_word' id='word_1_41' title='bbox 1827 685 1927 755; x_wconf 80' lang='grc' dir='ltr'><strong>τήν</strong></span> 
     </span>
    </p>
   </div>
   <div class='ocr_carea' id='block_1_8' title="bbox 364 764 1927 840">
    <p class='ocr_par' dir='ltr' id='par_1_8' title="bbox 364 764 1927 840">
     <span class='ocr_line' id='line_1_8' title="bbox 364 764 1927 840; baseline 0.006 -23"><span class='ocrx_word' id='word_1_42' title='bbox 364 765 561 834; x_wconf 77' lang='grc' dir='ltr'>ἀρχὴν,</span> <span class='ocrx_word' id='word_1_43' title='bbox 597 766 715 817; x_wconf 78' lang='grc' dir='ltr'>ἀλλ’</span> <span class='ocrx_word' id='word_1_44' title='bbox 742 764 797 827; x_wconf 80' lang='grc' dir='ltr'>ὃς</span> <span class='ocrx_word' id='word_1_45' title='bbox 826 766 894 819; x_wconf 72' lang='grc' dir='ltr'>ἂν</span> <span class='ocrx_word' id='word_1_46' title='bbox 941 766 1078 836; x_wconf 90' lang='grc' dir='ltr'>πρός</span> <span class='ocrx_word' id='word_1_47' title='bbox 1126 783 1192 833; x_wconf 90' lang='grc' dir='ltr'><strong>γε</strong></span> <span class='ocrx_word' id='word_1_48' title='bbox 1241 768 1320 836; x_wconf 80' lang='grc' dir='ltr'><strong>τῷ</strong></span> <span class='ocrx_word' id='word_1_49' title='bbox 1370 769 1461 822; x_wconf 82' lang='grc' dir='ltr'>τὸν</span> <span class='ocrx_word' id='word_1_50' title='bbox 1505 771 1668 822; x_wconf 77' lang='grc' dir='ltr'>αὑτὸν</span> <span class='ocrx_word' id='word_1_51' title='bbox 1709 772 1927 840; x_wconf 78' lang='grc' dir='ltr'>οἰκῆσαι</span> 
     </span>
    </p>
   </div>
   <div class='ocr_carea' id='block_1_9' title="bbox 362 856 1919 932">
    <p class='ocr_par' dir='ltr' id='par_1_9' title="bbox 362 856 1919 932">
     <span class='ocr_line' id='line_1_9' title="bbox 362 856 1919 932; baseline 0.006 -25"><span class='ocrx_word' id='word_1_52' title='bbox 362 857 534 908; x_wconf 81' lang='grc' dir='ltr'><strong>τόπον</strong></span> <span class='ocrx_word' id='word_1_53' title='bbox 573 858 671 908; x_wconf 66' lang='grc' dir='ltr'><strong>καὶ⁸</strong></span> <span class='ocrx_word' id='word_1_54' title='bbox 698 856 806 909; x_wconf 84' lang='grc' dir='ltr'><strong>τῶν</strong></span> <span class='ocrx_word' id='word_1_55' title='bbox 860 858 1041 911; x_wconf 83' lang='grc' dir='ltr'>αὐτῶν</span> <span class='ocrx_word' id='word_1_56' title='bbox 1077 860 1376 928; x_wconf 80' lang='grc' dir='ltr'><strong>προστῆναι</strong></span> <span class='ocrx_word' id='word_1_57' title='bbox 1436 864 1803 932; x_wconf 80' lang='grc' dir='ltr'>πραγμάτων,</span> <span class='ocrx_word' id='word_1_58' title='bbox 1840 863 1919 917; x_wconf 76' lang='grc' dir='ltr'>ἔτι</span> 
     </span>
    </p>
   </div>
   <div class='ocr_carea' id='block_1_10' title="bbox 362 946 1925 1019">
    <p class='ocr_par' dir='ltr' id='par_1_10' title="bbox 362 946 1925 1019">
     <span class='ocr_line' id='line_1_10' title="bbox 362 946 1925 1019; baseline 0.008 -22"><span class='ocrx_word' id='word_1_59' title='bbox 362 946 462 998; x_wconf 80' lang='grc' dir='ltr'>καὶ</span> <span class='ocrx_word' id='word_1_60' title='bbox 486 947 699 1016; x_wconf 81' lang='grc' dir='ltr'>χρόνοις</span> <span class='ocrx_word' id='word_1_61' title='bbox 721 948 985 1019; x_wconf 86' lang='grc' dir='ltr'>χρήσαιτο</span> <span class='ocrx_word' id='word_1_62' title='bbox 1004 952 1322 1015; x_wconf 34' lang='grc' dir='ltr'>τοίςλαύτοῐς</span> <span class='ocrx_word' id='word_1_63' title='bbox 1340 968 1354 982; x_wconf 87' lang='grc'>⁶</span> <span class='ocrx_word' id='word_1_64' title='bbox 1386 953 1479 1007; x_wconf 74' lang='grc' dir='ltr'>τὸν</span> <span class='ocrx_word' id='word_1_65' title='bbox 1507 954 1620 1007; x_wconf 83' lang='grc' dir='ltr'>ίσον</span> <span class='ocrx_word' id='word_1_66' title='bbox 1645 955 1925 1009; x_wconf 81' lang='grc' dir='ltr'>κάνταῦθα</span> 
     </span>
    </p>
   </div>
   <div class='ocr_carea' id='block_1_11' title="bbox 351 1039 1925 1120">
    <p class='ocr_par' dir='ltr' id='par_1_11' title="bbox 351 1039 1925 1120">
     <span class='ocr_line' id='line_1_11' title="bbox 351 1039 1925 1120; baseline 0.007 -31"><span class='ocrx_word' id='word_1_67' title='bbox 351 1039 568 1120; x_wconf 49' lang='grc' dir='ltr'>,τρόπον</span> <span class='ocrx_word' id='word_1_68' title='bbox 608 1039 674 1092; x_wconf 81' lang='grc' dir='ltr'>ἂν</span> <span class='ocrx_word' id='word_1_69' title='bbox 704 1041 853 1109; x_wconf 81' lang='grc' dir='ltr'><strong>ἔχοι·</strong></span> <span class='ocrx_word' id='word_1_70' title='bbox 891 1043 984 1095; x_wconf 83' lang='grc' dir='ltr'><strong>καὶ</strong></span> <span class='ocrx_word' id='word_1_71' title='bbox 1024 1044 1227 1113; x_wconf 74' lang='grc' dir='ltr'>σαρκὸς</span> <span class='ocrx_word' id='word_1_72' title='bbox 1266 1045 1360 1097; x_wconf 80' lang='grc' dir='ltr'>καὶ</span> <span class='ocrx_word' id='word_1_73' title='bbox 1399 1046 1629 1115; x_wconf 75' lang='grc' dir='ltr'>αἵματος</span> <span class='ocrx_word' id='word_1_74' title='bbox 1672 1049 1786 1109; x_wconf 82' lang='grc' dir='ltr'>τοῖς</span> <span class='ocrx_word' id='word_1_75' title='bbox 1826 1049 1925 1115; x_wconf 82' lang='grc' dir='ltr'>μὲν</span> 
     </span>
    </p>
   </div>
   <div class='ocr_carea' id='block_1_12' title="bbox 359 1131 1928 1206">
    <p class='ocr_par' dir='ltr' id='par_1_12' title="bbox 359 1131 1928 1206">
     <span class='ocr_line' id='line_1_12' title="bbox 359 1131 1928 1206; baseline 0.006 -25"><span class='ocrx_word' id='word_1_76' title='bbox 359 1131 750 1198; x_wconf 86' lang='grc' dir='ltr'>γεγεννηκόσιν</span> <span class='ocrx_word' id='word_1_77' title='bbox 793 1133 854 1185; x_wconf 86' lang='grc' dir='ltr'><strong>ού</strong></span> <span class='ocrx_word' id='word_1_78' title='bbox 907 1134 1073 1199; x_wconf 84' lang='grc' dir='ltr'>πάνυ,</span> <span class='ocrx_word' id='word_1_79' title='bbox 1125 1136 1198 1205; x_wconf 83' lang='grc' dir='ltr'>μὴ</span> <span class='ocrx_word' id='word_1_80' title='bbox 1248 1136 1340 1188; x_wconf 82' lang='grc' dir='ltr'>τὸν</span> <span class='ocrx_word' id='word_1_81' title='bbox 1386 1137 1548 1191; x_wconf 82' lang='grc' dir='ltr'>αὐτὸν</span> <span class='ocrx_word' id='word_1_82' title='bbox 1599 1139 1732 1206; x_wconf 81' lang='grc' dir='ltr'><strong>ήμίν</strong></span> <span class='ocrx_word' id='word_1_83' title='bbox 1787 1140 1928 1191; x_wconf 76' lang='grc' dir='ltr'>αὐτὰ</span> 
     </span>
    </p>
   </div>
   <div class='ocr_carea' id='block_1_13' title="bbox 360 1224 1928 1300">
    <p class='ocr_par' dir='ltr' id='par_1_13' title="bbox 360 1224 1928 1300">
     <span class='ocr_line' id='line_1_13' title="bbox 360 1224 1928 1300; baseline 0.006 -26"><span class='ocrx_word' id='word_1_84' title='bbox 360 1224 695 1293; x_wconf 79' lang='grc' dir='ltr'><strong>μετασχοῦσι</strong></span> <span class='ocrx_word' id='word_1_85' title='bbox 716 1225 930 1295; x_wconf 84' lang='grc' dir='ltr'>χρόνον,</span> <span class='ocrx_word' id='word_1_86' title='bbox 956 1227 1034 1295; x_wconf 79' lang='grc' dir='ltr'>τῷ</span> <span class='ocrx_word' id='word_1_87' title='bbox 1054 1228 1277 1297; x_wconf 84' lang='grc' dir='ltr'>Χριστῷ</span> <span class='ocrx_word' id='word_1_88' title='bbox 1300 1228 1357 1281; x_wconf 73' lang='grc' dir='ltr'><strong>δὲ</strong></span> <span class='ocrx_word' id='word_1_89' title='bbox 1385 1230 1456 1291; x_wconf 84' lang='grc' dir='ltr'>ὡς</span> <span class='ocrx_word' id='word_1_90' title='bbox 1490 1228 1709 1300; x_wconf 85' lang='grc' dir='ltr'>άληθῶς</span> <span class='ocrx_word' id='word_1_91' title='bbox 1735 1247 1928 1283; x_wconf 81' lang='grc' dir='ltr'>κοινω-</span> 
     </span>
    </p>
   </div>
   <div class='ocr_carea' id='block_1_14' title="bbox 354 1316 1922 1395">
    <p class='ocr_par' dir='ltr' id='par_1_14' title="bbox 354 1316 1922 1395">
     <span class='ocr_line' id='line_1_14' title="bbox 354 1316 1922 1395; baseline 0.004 -29"><span class='ocrx_word' id='word_1_92' title='bbox 354 1316 581 1384; x_wconf 82' lang='grc' dir='ltr'>νοῦμεν,</span> <span class='ocrx_word' id='word_1_93' title='bbox 619 1317 756 1385; x_wconf 82' lang='grc' dir='ltr'>πρὸς</span> <span class='ocrx_word' id='word_1_94' title='bbox 784 1318 843 1370; x_wconf 74' lang='grc' dir='ltr'>ὃν</span> <span class='ocrx_word' id='word_1_95' title='bbox 868 1320 961 1371; x_wconf 75' lang='grc' dir='ltr'>καὶ</span> <span class='ocrx_word' id='word_1_96' title='bbox 1009 1321 1093 1370; x_wconf 76' lang='grc' dir='ltr'><strong>ἀεὶ</strong></span> <span class='ocrx_word' id='word_1_97' title='bbox 1136 1320 1295 1387; x_wconf 81' lang='grc' dir='ltr'>σῶμα</span> <span class='ocrx_word' id='word_1_98' title='bbox 1334 1321 1429 1373; x_wconf 79' lang='grc' dir='ltr'>καὶ</span> <span class='ocrx_word' id='word_1_99' title='bbox 1473 1318 1612 1390; x_wconf 77' lang='grc' dir='ltr'>αἷμα</span> <span class='ocrx_word' id='word_1_100' title='bbox 1641 1322 1739 1375; x_wconf 75' lang='grc' dir='ltr'>καὶ</span> <span class='ocrx_word' id='word_1_101' title='bbox 1787 1322 1922 1395; x_wconf 85' lang='grc' dir='ltr'>μέλη</span> 
     </span>
    </p>
   </div>
   <div class='ocr_carea' id='block_1_15' title="bbox 355 1407 1922 1478">
    <p class='ocr_par' dir='ltr' id='par_1_15' title="bbox 355 1407 1922 1478">
     <span class='ocr_line' id='line_1_15' title="bbox 355 1407 1922 1478; baseline 0.006 -20"><span class='ocrx_word' id='word_1_102' title='bbox 355 1414 456 1458; x_wconf 81' lang='grc' dir='ltr'><strong>καὶ</strong></span> <span class='ocrx_word' id='word_1_103' title='bbox 487 1407 663 1460; x_wconf 89' lang='grc' dir='ltr'>πάντα</span> <span class='ocrx_word' id='word_1_104' title='bbox 685 1409 855 1461; x_wconf 82' lang='grc' dir='ltr'>ταῦτα</span> <span class='ocrx_word' id='word_1_105' title='bbox 884 1411 1058 1463; x_wconf 87' lang='grc' dir='ltr'>κοινά.</span> <span class='ocrx_word' id='word_1_106' title='bbox 1093 1411 1229 1464; x_wconf 78' lang='grc' dir='ltr'><strong>Είδὲ</strong></span> <span class='ocrx_word' id='word_1_107' title='bbox 1259 1412 1415 1465; x_wconf 82' lang='grc' dir='ltr'>τοῦτο</span> <span class='ocrx_word' id='word_1_108' title='bbox 1442 1415 1589 1466; x_wconf 80' lang='grc' dir='ltr'>ποιεῖ</span> <span class='ocrx_word' id='word_1_109' title='bbox 1613 1414 1683 1466; x_wconf 84' lang='grc' dir='ltr'><strong>τὰ</strong></span> <span class='ocrx_word' id='word_1_110' title='bbox 1713 1415 1922 1478; x_wconf 84' lang='grc' dir='ltr'>παιδία,</span> 
     </span>
    </p>
   </div>
   <div class='ocr_carea' id='block_1_16' title="bbox 350 1500 1926 1573">
    <p class='ocr_par' dir='ltr' id='par_1_16' title="bbox 350 1500 1926 1573">
     <span class='ocr_line' id='line_1_16' title="bbox 350 1500 1926 1573; baseline 0.004 -21"><span class='ocrx_word' id='word_1_111' title='bbox 350 1500 421 1552; x_wconf 68' lang='grc' dir='ltr'>τὸ</span> <span class='ocrx_word' id='word_1_112' title='bbox 457 1501 788 1568; x_wconf 82' lang='grc' dir='ltr'>κοινωνῆσαι</span> <span class='ocrx_word' id='word_1_113' title='bbox 820 1502 1026 1570; x_wconf 82' lang='grc' dir='ltr'>σαρκὸς</span> <span class='ocrx_word' id='word_1_114' title='bbox 1055 1502 1150 1555; x_wconf 79' lang='grc' dir='ltr'><strong>καὶ</strong></span> <span class='ocrx_word' id='word_1_115' title='bbox 1185 1502 1439 1571; x_wconf 75' lang='grc' dir='ltr'>αἵματος,</span> <span class='ocrx_word' id='word_1_116' title='bbox 1466 1504 1625 1573; x_wconf 81' lang='grc' dir='ltr'>δῆλον</span> <span class='ocrx_word' id='word_1_117' title='bbox 1657 1504 1926 1558; x_wconf 88' lang='grc' dir='ltr'>καθέστα-</span> 
     </span>
    </p>
   </div>
   <div class='ocr_carea' id='block_1_17' title="bbox 358 1587 1926 1665">
    <p class='ocr_par' dir='ltr' id='par_1_17' title="bbox 358 1587 1926 1665">
     <span class='ocr_line' id='line_1_17' title="bbox 358 1587 1926 1665; baseline 0.006 -27"><span class='ocrx_word' id='word_1_118' title='bbox 358 1603 463 1655; x_wconf 87' lang='grc' dir='ltr'><strong>μεν</strong></span> <span class='ocrx_word' id='word_1_119' title='bbox 494 1587 630 1655; x_wconf 81' lang='grc' dir='ltr'>πρὸς</span> <span class='ocrx_word' id='word_1_120' title='bbox 652 1591 742 1639; x_wconf 70' lang='grc' dir='ltr'><strong>τὸν</strong></span> <span class='ocrx_word' id='word_1_121' title='bbox 767 1588 996 1657; x_wconf 79' lang='grc' dir='ltr'><strong>Σωτῆρα</strong></span> <span class='ocrx_word' id='word_1_122' title='bbox 1024 1591 1448 1661; x_wconf 77' lang='grc' dir='ltr'><strong>συγγενέστερον</strong></span> <span class='ocrx_word' id='word_1_123' title='bbox 1469 1592 1684 1661; x_wconf 70' lang='grc' dir='ltr'>ἔχοντες</span> <span class='ocrx_word' id='word_1_124' title='bbox 1704 1594 1811 1648; x_wconf 83' lang='grc' dir='ltr'>άπὸ</span> <span class='ocrx_word' id='word_1_125' title='bbox 1830 1596 1926 1665; x_wconf 85' lang='grc' dir='ltr'>τῆς</span> 
     </span>
    </p>
   </div>
   <div class='ocr_carea' id='block_1_18' title="bbox 352 1679 1925 1756">
    <p class='ocr_par' dir='ltr' id='par_1_18' title="bbox 352 1679 1925 1756">
     <span class='ocr_line' id='line_1_18' title="bbox 352 1679 1925 1756; baseline 0.008 -26"><span class='ocrx_word' id='word_1_126' title='bbox 352 1679 641 1749; x_wconf 75' lang='grc' dir='ltr'><strong>τραπέζης</strong></span> <span class='ocrx_word' id='word_1_127' title='bbox 689 1680 719 1748; x_wconf 83' lang='grc' dir='ltr'>ἢ</span> <span class='ocrx_word' id='word_1_128' title='bbox 761 1682 863 1750; x_wconf 83' lang='grc' dir='ltr'>τῆς</span> <span class='ocrx_word' id='word_1_129' title='bbox 902 1681 1119 1749; x_wconf 83' lang='grc' dir='ltr'>φύσεως</span> <span class='ocrx_word' id='word_1_130' title='bbox 1170 1684 1306 1752; x_wconf 79' lang='grc' dir='ltr'>πρὸς</span> <span class='ocrx_word' id='word_1_131' title='bbox 1354 1687 1481 1748; x_wconf 83' lang='grc' dir='ltr'>τοὺς</span> <span class='ocrx_word' id='word_1_132' title='bbox 1521 1688 1925 1756; x_wconf 74' lang='grc' dir='ltr'><strong>γεγεννηκότας</strong></span> 
     </span>
    </p>
   </div>
   <div class='ocr_carea' id='block_1_19' title="bbox 350 1769 1924 1848">
    <p class='ocr_par' dir='ltr' id='par_1_19' title="bbox 350 1769 1924 1848">
     <span class='ocr_line' id='line_1_19' title="bbox 350 1769 1924 1848; baseline 0.008 -28"><span class='ocrx_word' id='word_1_133' title='bbox 350 1769 556 1832; x_wconf 78' lang='grc' dir='ltr'>αὐτούς</span> <span class='ocrx_word' id='word_1_134' title='bbox 586 1787 602 1801; x_wconf 79' lang='grc' dir='ltr'><strong><em>ο</em></strong></span> <span class='ocrx_word' id='word_1_135' title='bbox 641 1771 721 1822; x_wconf 76' lang='grc' dir='ltr'>ἔτι</span> <span class='ocrx_word' id='word_1_136' title='bbox 752 1773 931 1825; x_wconf 83' lang='grc' dir='ltr'>τοίνυν</span> <span class='ocrx_word' id='word_1_137' title='bbox 954 1775 1051 1842; x_wconf 79' lang='grc' dir='ltr'><strong>οὐχ</strong></span> <span class='ocrx_word' id='word_1_138' title='bbox 1088 1773 1235 1838; x_wconf 76' lang='grc' dir='ltr'>ἅπαξ</span> <span class='ocrx_word' id='word_1_139' title='bbox 1258 1774 1483 1840; x_wconf 80' lang='grc' dir='ltr'>ζωώσας</span> <span class='ocrx_word' id='word_1_140' title='bbox 1514 1778 1702 1848; x_wconf 74' lang='grc' dir='ltr'>ὥσπερ</span> <span class='ocrx_word' id='word_1_141' title='bbox 1726 1781 1924 1833; x_wconf 69' lang='grc' dir='ltr'>ἐκείνοι</span> 
     </span>
    </p>
   </div>
   <div class='ocr_carea' id='block_1_20' title="bbox 350 1865 1919 1943">
    <p class='ocr_par' dir='ltr' id='par_1_20' title="bbox 350 1865 1919 1943">
     <span class='ocr_line' id='line_1_20' title="bbox 350 1865 1919 1943; baseline 0.009 -30"><span class='ocrx_word' id='word_1_142' title='bbox 350 1865 453 1915; x_wconf 69' lang='grc' dir='ltr'>καὶ</span> <span class='ocrx_word' id='word_1_143' title='bbox 493 1865 906 1934; x_wconf 79' lang='grc' dir='ltr'><strong>συστησάμενος</strong></span> <span class='ocrx_word' id='word_1_144' title='bbox 941 1867 1254 1938; x_wconf 78' lang='grc' dir='ltr'>ἀπηλλάγη,</span> <span class='ocrx_word' id='word_1_145' title='bbox 1288 1869 1406 1922; x_wconf 74' lang='grc' dir='ltr'>ἀλλ’</span> <span class='ocrx_word' id='word_1_146' title='bbox 1436 1871 1524 1922; x_wconf 81' lang='grc' dir='ltr'><strong>ἀεὶ</strong></span> <span class='ocrx_word' id='word_1_147' title='bbox 1563 1874 1795 1943; x_wconf 88' lang='grc' dir='ltr'>πάρεστι</span> <span class='ocrx_word' id='word_1_148' title='bbox 1827 1874 1919 1927; x_wconf 62' lang='grc' dir='ltr'><strong>καὶ⁵</strong></span> 
     </span>
    </p>
   </div>
   <div class='ocr_carea' id='block_1_21' title="bbox 346 1956 1919 2037">
    <p class='ocr_par' dir='ltr' id='par_1_21' title="bbox 346 1956 1919 2037">
     <span class='ocr_line' id='line_1_21' title="bbox 346 1956 1919 2037; baseline 0.008 -30"><span class='ocrx_word' id='word_1_149' title='bbox 346 1956 585 2025; x_wconf 69' lang='grc' dir='ltr'>ἥνωται,</span> <span class='ocrx_word' id='word_1_150' title='bbox 619 1961 713 2010; x_wconf 76' lang='grc' dir='ltr'>καὶ</span> <span class='ocrx_word' id='word_1_151' title='bbox 766 1958 941 2029; x_wconf 84' lang='grc' dir='ltr'>τούτῳ</span> <span class='ocrx_word' id='word_1_152' title='bbox 995 1960 1145 2028; x_wconf 85' lang='grc' dir='ltr'>αὑτῷ</span> <span class='ocrx_word' id='word_1_153' title='bbox 1190 1962 1321 2025; x_wconf 77' lang='grc' dir='ltr'>ζωοί</span> <span class='ocrx_word' id='word_1_154' title='bbox 1370 1965 1465 2015; x_wconf 80' lang='grc' dir='ltr'><strong>καὶ</strong></span> <span class='ocrx_word' id='word_1_155' title='bbox 1512 1967 1793 2036; x_wconf 77' lang='grc' dir='ltr'>συνίστησι</span> <span class='ocrx_word' id='word_1_156' title='bbox 1842 1968 1919 2037; x_wconf 80' lang='grc' dir='ltr'>τῷ</span> 
     </span>
    </p>
   </div>
   <div class='ocr_carea' id='block_1_22' title="bbox 348 2050 1917 2126">
    <p class='ocr_par' dir='ltr' id='par_1_22' title="bbox 348 2050 1917 2126">
     <span class='ocr_line' id='line_1_22' title="bbox 348 2050 1917 2126; baseline 0.007 -27"><span class='ocrx_word' id='word_1_157' title='bbox 348 2051 629 2117; x_wconf 78' lang='grc' dir='ltr'>παρεῖναι.</span> <span class='ocrx_word' id='word_1_158' title='bbox 665 2050 770 2104; x_wconf 76' lang='grc' dir='ltr'>Καὶ</span> <span class='ocrx_word' id='word_1_159' title='bbox 823 2051 935 2113; x_wconf 68' lang='grc' dir='ltr'><strong>’ὧν</strong></span> <span class='ocrx_word' id='word_1_160' title='bbox 975 2052 1074 2121; x_wconf 75' lang='grc' dir='ltr'>μὲν</span> <span class='ocrx_word' id='word_1_161' title='bbox 1104 2056 1511 2123; x_wconf 82' lang='grc' dir='ltr'>γεγεννηκότων</span> <span class='ocrx_word' id='word_1_162' title='bbox 1540 2056 1917 2126; x_wconf 71' lang='grc' dir='ltr'>ἀφεστηκότας</span> 
     </span>
    </p>
   </div>
   <div class='ocr_carea' id='block_1_23' title="bbox 347 2140 1918 2218">
    <p class='ocr_par' dir='ltr' id='par_1_23' title="bbox 347 2140 1918 2218">
     <span class='ocr_line' id='line_1_23' title="bbox 347 2140 1918 2218; baseline 0.008 -27"><span class='ocrx_word' id='word_1_163' title='bbox 347 2140 509 2193; x_wconf 80' lang='grc' dir='ltr'>οὐδὲν</span> <span class='ocrx_word' id='word_1_164' title='bbox 540 2142 735 2194; x_wconf 81' lang='grc' dir='ltr'>κωλύει</span> <span class='ocrx_word' id='word_1_165' title='bbox 763 2144 1060 2213; x_wconf 78' lang='grc' dir='ltr'>περιεῖναι,</span> <span class='ocrx_word' id='word_1_166' title='bbox 1088 2146 1214 2205; x_wconf 79' lang='grc' dir='ltr'>τοὺς</span> <span class='ocrx_word' id='word_1_167' title='bbox 1239 2145 1297 2198; x_wconf 70' lang='grc' dir='ltr'><strong>δὲ</strong></span> <span class='ocrx_word' id='word_1_168' title='bbox 1322 2146 1415 2199; x_wconf 91' lang='grc' dir='ltr'><strong>τοῦ</strong></span> <span class='ocrx_word' id='word_1_169' title='bbox 1448 2147 1687 2218; x_wconf 78' lang='grc' dir='ltr'>Χριστοῦ</span> <span class='ocrx_word' id='word_1_170' title='bbox 1712 2149 1918 2203; x_wconf 81' lang='grc' dir='ltr'>διϊστα-</span> 
     </span>
    </p>
   </div>
   <div class='ocr_carea' id='block_1_24' title="bbox 350 2235 1916 2310">
    <p class='ocr_par' dir='ltr' id='par_1_24' title="bbox 350 2235 1916 2310">
     <span class='ocr_line' id='line_1_24' title="bbox 350 2235 1916 2310; baseline 0.004 -24"><span class='ocrx_word' id='word_1_171' title='bbox 350 2235 552 2301; x_wconf 74' lang='grc' dir='ltr'>μένους</span> <span class='ocrx_word' id='word_1_172' title='bbox 605 2235 756 2289; x_wconf 78' lang='grc' dir='ltr'>οὐδὲν</span> <span class='ocrx_word' id='word_1_173' title='bbox 801 2236 929 2289; x_wconf 81' lang='grc' dir='ltr'>ἄλλο</span> <span class='ocrx_word' id='word_1_174' title='bbox 966 2236 1152 2289; x_wconf 80' lang='grc' dir='ltr'>λοιπὸν</span> <span class='ocrx_word' id='word_1_175' title='bbox 1194 2237 1227 2307; x_wconf 72' lang='grc' dir='ltr'>ἢ</span> <span class='ocrx_word' id='word_1_176' title='bbox 1265 2238 1539 2293; x_wconf 77' lang='grc' dir='ltr'>τεθνάναι.</span> <span class='ocrx_word' id='word_1_177' title='bbox 1578 2240 1686 2293; x_wconf 76' lang='grc' dir='ltr'><strong>Καὶ</strong></span> <span class='ocrx_word' id='word_1_178' title='bbox 1746 2241 1800 2292; x_wconf 91' lang='grc' dir='ltr'><strong>τί</strong></span> <span class='ocrx_word' id='word_1_179' title='bbox 1843 2240 1916 2310; x_wconf 80' lang='grc' dir='ltr'><strong>μὴ</strong></span> 
     </span>
    </p>
   </div>
   <div class='ocr_carea' id='block_1_25' title="bbox 346 2327 1918 2400">
    <p class='ocr_par' dir='ltr' id='par_1_25' title="bbox 346 2327 1918 2400">
     <span class='ocr_line' id='line_1_25' title="bbox 346 2327 1918 2400; baseline 0.003 -21"><span class='ocrx_word' id='word_1_180' title='bbox 346 2327 497 2395; x_wconf 80' lang='grc' dir='ltr'>λέγω</span> <span class='ocrx_word' id='word_1_181' title='bbox 550 2328 612 2381; x_wconf 79' lang='grc' dir='ltr'>τὸ</span> <span class='ocrx_word' id='word_1_182' title='bbox 675 2327 898 2396; x_wconf 72' lang='grc' dir='ltr'>μεῖζονς</span> <span class='ocrx_word' id='word_1_183' title='bbox 943 2328 1214 2398; x_wconf 84' lang='grc' dir='ltr'>Συστῆναι</span> <span class='ocrx_word' id='word_1_184' title='bbox 1272 2331 1372 2399; x_wconf 82' lang='grc' dir='ltr'>μὲν</span> <span class='ocrx_word' id='word_1_185' title='bbox 1422 2330 1531 2400; x_wconf 85' lang='grc' dir='ltr'><strong>γάρ</strong></span> <span class='ocrx_word' id='word_1_186' title='bbox 1582 2330 1783 2394; x_wconf 80' lang='grc' dir='ltr'>αὐτοὺς</span> <span class='ocrx_word' id='word_1_187' title='bbox 1833 2332 1918 2400; x_wconf 73' lang='grc' dir='ltr'><strong>ἐφ’</strong></span> 
     </span>
    </p>
   </div>
   <div class='ocr_carea' id='block_1_26' title="bbox 345 2418 1918 2490">
    <p class='ocr_par' dir='ltr' id='par_1_26' title="bbox 345 2418 1918 2490">
     <span class='ocr_line' id='line_1_26' title="bbox 345 2418 1918 2490; baseline 0.001 -18"><span class='ocrx_word' id='word_1_188' title='bbox 345 2418 565 2472; x_wconf 72' lang='grc' dir='ltr'>ἑαυτῶν</span> <span class='ocrx_word' id='word_1_189' title='bbox 617 2420 742 2482; x_wconf 87' lang='grc' dir='ltr'>τοὺς</span> <span class='ocrx_word' id='word_1_190' title='bbox 796 2420 931 2482; x_wconf 79' lang='grc' dir='ltr'><strong>υίείς</strong></span> <span class='ocrx_word' id='word_1_191' title='bbox 983 2420 1085 2473; x_wconf 82' lang='grc' dir='ltr'>οὐκ</span> <span class='ocrx_word' id='word_1_192' title='bbox 1137 2420 1254 2473; x_wconf 75' lang='grc' dir='ltr'>ἔστι</span> <span class='ocrx_word' id='word_1_193' title='bbox 1318 2422 1392 2490; x_wconf 81' lang='grc' dir='ltr'>μὴ</span> <span class='ocrx_word' id='word_1_194' title='bbox 1437 2422 1764 2484; x_wconf 82' lang='grc' dir='ltr'>διαστάντας</span> <span class='ocrx_word' id='word_1_195' title='bbox 1808 2422 1918 2475; x_wconf 83' lang='grc' dir='ltr'><strong>τῶν</strong></span> 
     </span>
    </p>
   </div>
   <div class='ocr_carea' id='block_1_27' title="bbox 345 2508 1918 2583">
    <p class='ocr_par' dir='ltr' id='par_1_27' title="bbox 345 2508 1918 2583">
     <span class='ocr_line' id='line_1_27' title="bbox 345 2508 1918 2583; baseline 0.002 -23"><span class='ocrx_word' id='word_1_196' title='bbox 345 2508 788 2579; x_wconf 84' lang='grc' dir='ltr'>γεγεννηκότων,</span> <span class='ocrx_word' id='word_1_197' title='bbox 830 2509 965 2561; x_wconf 83' lang='grc' dir='ltr'>άλλά</span> <span class='ocrx_word' id='word_1_198' title='bbox 1000 2509 1159 2563; x_wconf 84' lang='grc' dir='ltr'>τοῦτο</span> <span class='ocrx_word' id='word_1_199' title='bbox 1188 2512 1334 2563; x_wconf 86' lang='grc' dir='ltr'>ποιεῖ</span> <span class='ocrx_word' id='word_1_200' title='bbox 1360 2510 1490 2572; x_wconf 79' lang='grc' dir='ltr'>τοὺς</span> <span class='ocrx_word' id='word_1_201' title='bbox 1522 2510 1622 2580; x_wconf 81' lang='grc' dir='ltr'>μὲν</span> <span class='ocrx_word' id='word_1_202' title='bbox 1658 2527 1918 2583; x_wconf 86' lang='grc' dir='ltr'>γεγεννη-</span> 
     </span>
    </p>
   </div>
   <div class='ocr_carea' id='block_1_28' title="bbox 344 2596 1918 2674">
    <p class='ocr_par' dir='ltr' id='par_1_28' title="bbox 344 2596 1918 2674">
     <span class='ocr_line' id='line_1_28' title="bbox 344 2596 1918 2674; baseline 0.004 -26"><span class='ocrx_word' id='word_1_203' title='bbox 344 2596 529 2654; x_wconf 71' lang='grc' dir='ltr'>κέναι,</span> <span class='ocrx_word' id='word_1_204' title='bbox 563 2598 688 2659; x_wconf 80' lang='grc' dir='ltr'>τοὺς</span> <span class='ocrx_word' id='word_1_205' title='bbox 714 2597 772 2651; x_wconf 74' lang='grc' dir='ltr'><strong>δὲ</strong></span> <span class='ocrx_word' id='word_1_206' title='bbox 803 2599 1164 2668; x_wconf 82' lang='grc' dir='ltr'>γεγεννῆσθαι</span> <span class='ocrx_word' id='word_1_207' title='bbox 1192 2599 1294 2669; x_wconf 82' lang='grc' dir='ltr'>τὴν</span> <span class='ocrx_word' id='word_1_208' title='bbox 1325 2600 1500 2670; x_wconf 82' lang='grc' dir='ltr'>ἀρχὴν</span> <span class='ocrx_word' id='word_1_209' title='bbox 1528 2601 1608 2666; x_wconf 82' lang='grc' dir='ltr'>τῷ</span> <span class='ocrx_word' id='word_1_210' title='bbox 1636 2601 1918 2674; x_wconf 84' lang='grc' dir='ltr'>διαιρεθῆ-</span> 
     </span>
    </p>
   </div>
   <div class='ocr_carea' id='block_1_29' title="bbox 343 2674 1918 2764">
    <p class='ocr_par' dir='ltr' id='par_1_29' title="bbox 343 2674 1918 2764">
     <span class='ocr_line' id='line_1_29' title="bbox 343 2674 1918 2764; baseline 0.004 -23"><span class='ocrx_word' id='word_1_211' title='bbox 343 2705 473 2741; x_wconf 69' lang='grc' dir='ltr'>ναι*</span> <span class='ocrx_word' id='word_1_212' title='bbox 509 2691 543 2758; x_wconf 88' lang='grc' dir='ltr'><strong>ή</strong></span> <span class='ocrx_word' id='word_1_213' title='bbox 580 2689 626 2743; x_wconf 86' lang='grc' dir='ltr'>δ’</span> <span class='ocrx_word' id='word_1_214' title='bbox 653 2690 746 2743; x_wconf 71' lang='grc' dir='ltr'><strong>ἐπὶ</strong></span> <span class='ocrx_word' id='word_1_215' title='bbox 775 2690 882 2748; x_wconf 82' lang='grc' dir='ltr'>τῶν</span> <span class='ocrx_word' id='word_1_216' title='bbox 915 2692 1234 2761; x_wconf 83' lang='grc' dir='ltr'>μυστηρίων</span> <span class='ocrx_word' id='word_1_217' title='bbox 1265 2693 1449 2762; x_wconf 90' lang='grc' dir='ltr'>υίότης</span> <span class='ocrx_word' id='word_1_218' title='bbox 1483 2694 1542 2746; x_wconf 72' lang='grc' dir='ltr'><strong>έν</strong></span> <span class='ocrx_word' id='word_1_219' title='bbox 1576 2694 1653 2764; x_wconf 84' lang='grc' dir='ltr'><strong>τῷ</strong></span> <span class='ocrx_word' id='word_1_220' title='bbox 1683 2674 1918 2749; x_wconf 74' lang='grc' dir='ltr'>συνεῖναι</span> 
     </span>
    </p>
   </div>
   <div class='ocr_carea' id='block_1_30' title="bbox 347 2780 1920 2856">
    <p class='ocr_par' dir='ltr' id='par_1_30' title="bbox 347 2780 1920 2856">
     <span class='ocr_line' id='line_1_30' title="bbox 347 2780 1920 2856; baseline 0.005 -22"><span class='ocrx_word' id='word_1_221' title='bbox 347 2780 455 2834; x_wconf 84' lang='grc' dir='ltr'>καὶ</span> <span class='ocrx_word' id='word_1_222' title='bbox 498 2784 779 2835; x_wconf 76' lang='grc' dir='ltr'>κεινωνεῖν</span> <span class='ocrx_word' id='word_1_223' title='bbox 810 2783 947 2849; x_wconf 69' lang='grc' dir='ltr'>ἐστι,</span> <span class='ocrx_word' id='word_1_224' title='bbox 978 2785 1073 2837; x_wconf 75' lang='grc' dir='ltr'>καὶ</span> <span class='ocrx_word' id='word_1_225' title='bbox 1101 2784 1264 2837; x_wconf 88' lang='grc' dir='ltr'>τοῦτό</span> <span class='ocrx_word' id='word_1_226' title='bbox 1298 2785 1415 2837; x_wconf 77' lang='grc' dir='ltr'>ἐστι</span> <span class='ocrx_word' id='word_1_227' title='bbox 1453 2785 1779 2856; x_wconf 78' lang='grc' dir='ltr'>διεφθάρθαι</span> <span class='ocrx_word' id='word_1_228' title='bbox 1826 2790 1920 2842; x_wconf 70' lang='grc' dir='ltr'><strong>κα)⁸</strong></span> 
     </span>
    </p>
   </div>
   <div class='ocr_carea' id='block_1_31' title="bbox 349 2870 744 2941">
    <p class='ocr_par' dir='ltr' id='par_1_31' title="bbox 349 2870 744 2941">
     <span class='ocr_line' id='line_1_31' title="bbox 349 2870 744 2941; baseline 0.015 -16"><span class='ocrx_word' id='word_1_229' title='bbox 349 2874 553 2941; x_wconf 78' lang='grc' dir='ltr'>μηκέτ’</span> <span class='ocrx_word' id='word_1_230' title='bbox 581 2870 744 2931; x_wconf 71' lang='grc' dir='ltr'>εἶναι.</span> 
     </span>
    </p>
   </div>
   <div class='ocr_carea' id='block_1_32' title="bbox 2030 597 3587 674">
    <p class='ocr_par' dir='ltr' id='par_1_32' title="bbox 2030 597 3587 674">
     <span class='ocr_line' id='line_1_32' title="bbox 2030 597 3587 674; baseline 0.006 -23"><span class='ocrx_word' id='word_1_231' title='bbox 2030 599 2239 654; x_wconf 88' lang='lat' dir='ltr'><strong>munio.</strong></span> <span class='ocrx_word' id='word_1_232' title='bbox 2266 597 2420 653; x_wconf 91' lang='lat' dir='ltr'><strong>Sicut</strong></span> <span class='ocrx_word' id='word_1_233' title='bbox 2445 602 2587 653; x_wconf 89' lang='lat' dir='ltr'><strong>enim</strong></span> <span class='ocrx_word' id='word_1_234' title='bbox 2618 613 2722 655; x_wconf 91' lang='lat' dir='ltr'><strong>non</strong></span> <span class='ocrx_word' id='word_1_235' title='bbox 2751 610 2894 655; x_wconf 87' lang='lat' dir='ltr'><strong>esset</strong></span> <span class='ocrx_word' id='word_1_236' title='bbox 2922 606 3046 671; x_wconf 84' lang='lat' dir='ltr'><strong>quis</strong></span> <span class='ocrx_word' id='word_1_237' title='bbox 3081 606 3490 661; x_wconf 73' lang='lat' dir='ltr'><strong>contubernalis</strong></span> <span class='ocrx_word' id='word_1_238' title='bbox 3514 609 3587 674; x_wconf 89' lang='lat' dir='ltr'><strong>ei,</strong></span> 
     </span>
    </p>
   </div>
   <div class='ocr_carea' id='block_1_33' title="bbox 2029 690 3586 763">
    <p class='ocr_par' dir='ltr' id='par_1_33' title="bbox 2029 690 3586 763">
     <span class='ocr_line' id='line_1_33' title="bbox 2029 690 3586 763; baseline 0.006 -20"><span class='ocrx_word' id='word_1_239' title='bbox 2029 703 2150 743; x_wconf 90' lang='lat' dir='ltr'><strong>cum</strong></span> <span class='ocrx_word' id='word_1_240' title='bbox 2177 703 2283 756; x_wconf 92' lang='lat' dir='ltr'><strong>quo</strong></span> <span class='ocrx_word' id='word_1_241' title='bbox 2310 690 2555 744; x_wconf 83' lang='lat' dir='ltr'><strong>eamdem</strong></span> <span class='ocrx_word' id='word_1_242' title='bbox 2588 692 2807 745; x_wconf 90' lang='lat' dir='ltr'><strong>domum</strong></span> <span class='ocrx_word' id='word_1_243' title='bbox 2850 693 3136 753; x_wconf 76' lang='lat' dir='ltr'><strong>habitaret.</strong></span> <span class='ocrx_word' id='word_1_244' title='bbox 3190 698 3233 750; x_wconf 87' lang='lat' dir='ltr'><strong>si</strong></span> <span class='ocrx_word' id='word_1_245' title='bbox 3269 708 3401 763; x_wconf 68' lang='lat' dir='ltr'><strong>post</strong></span> <span class='ocrx_word' id='word_1_246' title='bbox 3438 698 3586 753; x_wconf 90' lang='lat' dir='ltr'><strong>illum</strong></span> 
     </span>
    </p>
   </div>
   <div class='ocr_carea' id='block_1_34' title="bbox 2030 779 3591 854">
    <p class='ocr_par' dir='ltr' id='par_1_34' title="bbox 2030 779 3591 854">
     <span class='ocr_line' id='line_1_34' title="bbox 2030 779 3591 854; baseline 0.006 -21"><span class='ocrx_word' id='word_1_247' title='bbox 2030 779 2317 843; x_wconf 77' lang='lat' dir='ltr'><strong>habitaret,</strong></span> <span class='ocrx_word' id='word_1_248' title='bbox 2354 796 2453 835; x_wconf 90' lang='lat' dir='ltr'><strong>nec</strong></span> <span class='ocrx_word' id='word_1_249' title='bbox 2513 782 2861 848; x_wconf 78' lang='lat' dir='ltr'><strong>magistratus</strong></span> <span class='ocrx_word' id='word_1_250' title='bbox 2880 794 2933 837; x_wconf 92' lang='lat' dir='ltr'><strong>et</strong></span> <span class='ocrx_word' id='word_1_251' title='bbox 2988 785 3297 854; x_wconf 72' lang='lat' dir='ltr'><strong>reipublicae</strong></span> <span class='ocrx_word' id='word_1_252' title='bbox 3336 791 3591 843; x_wconf 64' lang='lat' dir='ltr'><strong>curanda</strong></span> 
     </span>
    </p>
   </div>
   <div class='ocr_carea' id='block_1_35' title="bbox 2028 872 3590 944">
    <p class='ocr_par' dir='ltr' id='par_1_35' title="bbox 2028 872 3590 944">
     <span class='ocr_line' id='line_1_35' title="bbox 2028 872 3590 944; baseline 0.004 -17"><span class='ocrx_word' id='word_1_253' title='bbox 2028 874 2215 927; x_wconf 87' lang='lat' dir='ltr'><strong>socius</strong></span> <span class='ocrx_word' id='word_1_254' title='bbox 2260 872 2441 937; x_wconf 86' lang='lat' dir='ltr'><strong>alicui,</strong></span> <span class='ocrx_word' id='word_1_255' title='bbox 2509 873 2602 942; x_wconf 89' lang='lat' dir='ltr'><strong>qui</strong></span> <span class='ocrx_word' id='word_1_256' title='bbox 2652 875 3024 943; x_wconf 79' lang='lat' dir='ltr'><strong>magistratum</strong></span> <span class='ocrx_word' id='word_1_257' title='bbox 3054 884 3178 944; x_wconf 89' lang='lat' dir='ltr'><strong>post</strong></span> <span class='ocrx_word' id='word_1_258' title='bbox 3239 876 3393 930; x_wconf 91' lang='lat' dir='ltr'><strong>illum</strong></span> <span class='ocrx_word' id='word_1_259' title='bbox 3428 893 3590 933; x_wconf 84' lang='lat' dir='ltr'><strong>occe-</strong></span> 
     </span>
    </p>
   </div>
   <div class='ocr_carea' id='block_1_36' title="bbox 2028 965 3591 1037">
    <p class='ocr_par' dir='ltr' id='par_1_36' title="bbox 2028 965 3591 1037">
     <span class='ocr_line' id='line_1_36' title="bbox 2028 965 3591 1037; baseline 0.005 -21"><span class='ocrx_word' id='word_1_260' title='bbox 2028 965 2213 1033; x_wconf 81' lang='lat' dir='ltr'><strong>pisset,</strong></span> <span class='ocrx_word' id='word_1_261' title='bbox 2278 965 2371 1019; x_wconf 85' lang='lat' dir='ltr'><strong>sed</strong></span> <span class='ocrx_word' id='word_1_262' title='bbox 2426 965 2542 1034; x_wconf 90' lang='lat' dir='ltr'><strong>qui,</strong></span> <span class='ocrx_word' id='word_1_263' title='bbox 2598 975 2954 1035; x_wconf 71' lang='lat' dir='ltr'><strong>praeterquam</strong></span> <span class='ocrx_word' id='word_1_264' title='bbox 3014 968 3157 1037; x_wconf 85' lang='lat' dir='ltr'><strong>quod</strong></span> <span class='ocrx_word' id='word_1_265' title='bbox 3202 970 3391 1023; x_wconf 86' lang='lat' dir='ltr'><strong>eodem</strong></span> <span class='ocrx_word' id='word_1_266' title='bbox 3426 971 3591 1025; x_wconf 90' lang='lat' dir='ltr'><strong>modo</strong></span> 
     </span>
    </p>
   </div>
   <div class='ocr_carea' id='block_1_37' title="bbox 2024 1055 3591 1129">
    <p class='ocr_par' dir='ltr' id='par_1_37' title="bbox 2024 1055 3591 1129">
     <span class='ocr_line' id='line_1_37' title="bbox 2024 1055 3591 1129; baseline 0.005 -21"><span class='ocrx_word' id='word_1_267' title='bbox 2024 1055 2169 1108; x_wconf 69' lang='lat' dir='ltr'><strong>aedes</strong></span> <span class='ocrx_word' id='word_1_268' title='bbox 2220 1055 2437 1110; x_wconf 88' lang='lat' dir='ltr'><strong>easdem</strong></span> <span class='ocrx_word' id='word_1_269' title='bbox 2479 1056 2761 1119; x_wconf 77' lang='lat' dir='ltr'><strong>incoleret,</strong></span> <span class='ocrx_word' id='word_1_270' title='bbox 2812 1066 2866 1111; x_wconf 90' lang='lat' dir='ltr'><strong>et</strong></span> <span class='ocrx_word' id='word_1_271' title='bbox 2915 1058 3103 1111; x_wconf 83' lang='lat' dir='ltr'><strong>iisdem</strong></span> <span class='ocrx_word' id='word_1_272' title='bbox 3162 1072 3380 1129; x_wconf 89' lang='lat' dir='ltr'><strong>quoque</strong></span> <span class='ocrx_word' id='word_1_273' title='bbox 3424 1064 3591 1117; x_wconf 85' lang='lat' dir='ltr'><strong>rebus</strong></span> 
     </span>
    </p>
   </div>
   <div class='ocr_carea' id='block_1_38' title="bbox 2027 1147 3589 1221">
    <p class='ocr_par' dir='ltr' id='par_1_38' title="bbox 2027 1147 3589 1221">
     <span class='ocr_line' id='line_1_38' title="bbox 2027 1147 3589 1221; baseline 0.003 -19"><span class='ocrx_word' id='word_1_274' title='bbox 2027 1161 2149 1202; x_wconf 91' lang='lat' dir='ltr'><strong>cum</strong></span> <span class='ocrx_word' id='word_1_275' title='bbox 2178 1147 2404 1215; x_wconf 90' lang='lat' dir='ltr'><strong>imperio</strong></span> <span class='ocrx_word' id='word_1_276' title='bbox 2438 1155 2715 1216; x_wconf 60' lang='lat' dir='ltr'><strong>praeesset,</strong></span> <span class='ocrx_word' id='word_1_277' title='bbox 2762 1150 2924 1201; x_wconf 81' lang='lat' dir='ltr'><strong>etiam</strong></span> <span class='ocrx_word' id='word_1_278' title='bbox 2957 1148 3144 1203; x_wconf 87' lang='lat' dir='ltr'><strong>eodem</strong></span> <span class='ocrx_word' id='word_1_279' title='bbox 3184 1161 3421 1219; x_wconf 86' lang='lat' dir='ltr'><strong>tempore</strong></span> <span class='ocrx_word' id='word_1_280' title='bbox 3448 1169 3589 1221; x_wconf 65' lang='lat' dir='ltr'><strong>prae-</strong></span> 
     </span>
    </p>
   </div>
   <div class='ocr_carea' id='block_1_39' title="bbox 2024 1239 3591 1300">
    <p class='ocr_par' dir='ltr' id='par_1_39' title="bbox 2024 1239 3591 1300">
     <span class='ocr_line' id='line_1_39' title="bbox 2024 1239 3591 1300; baseline 0.004 -7"><span class='ocrx_word' id='word_1_281' title='bbox 2024 1248 2203 1293; x_wconf 87' lang='lat' dir='ltr'><strong>esset:</strong></span> <span class='ocrx_word' id='word_1_282' title='bbox 2248 1239 2341 1292; x_wconf 90' lang='lat' dir='ltr'><strong>tali</strong></span> <span class='ocrx_word' id='word_1_283' title='bbox 2376 1239 2535 1292; x_wconf 89' lang='lat' dir='ltr'><strong>modo</strong></span> <span class='ocrx_word' id='word_1_284' title='bbox 2590 1255 2649 1293; x_wconf 88' lang='lat' dir='ltr'><strong>se</strong></span> <span class='ocrx_word' id='word_1_285' title='bbox 2677 1255 2765 1294; x_wconf 86' lang='lat' dir='ltr'><strong>res</strong></span> <span class='ocrx_word' id='word_1_286' title='bbox 2808 1240 2895 1293; x_wconf 91' lang='lat' dir='ltr'><strong>hic</strong></span> <span class='ocrx_word' id='word_1_287' title='bbox 2957 1240 3139 1295; x_wconf 82' lang='lat' dir='ltr'><strong>habet.</strong></span> <span class='ocrx_word' id='word_1_288' title='bbox 3174 1240 3305 1295; x_wconf 82' lang='lat' dir='ltr'><strong>Nam</strong></span> <span class='ocrx_word' id='word_1_289' title='bbox 3344 1260 3509 1298; x_wconf 76' lang='lat' dir='ltr'><strong>carne</strong></span> <span class='ocrx_word' id='word_1_290' title='bbox 3536 1255 3591 1300; x_wconf 90' lang='lat' dir='ltr'><strong>et</strong></span> 
     </span>
    </p>
   </div>
   <div class='ocr_carea' id='block_1_40' title="bbox 2022 1329 3590 1400">
    <p class='ocr_par' dir='ltr' id='par_1_40' title="bbox 2022 1329 3590 1400">
     <span class='ocr_line' id='line_1_40' title="bbox 2022 1329 3590 1400; baseline 0.005 -17"><span class='ocrx_word' id='word_1_291' title='bbox 2022 1330 2287 1397; x_wconf 76' lang='lat' dir='ltr'><strong>sanguine</strong></span> <span class='ocrx_word' id='word_1_292' title='bbox 2320 1345 2427 1383; x_wconf 92' lang='lat' dir='ltr'><strong>non</strong></span> <span class='ocrx_word' id='word_1_293' title='bbox 2456 1329 2748 1383; x_wconf 83' lang='lat' dir='ltr'><strong>admodum</strong></span> <span class='ocrx_word' id='word_1_294' title='bbox 2791 1346 2914 1384; x_wconf 89' lang='lat' dir='ltr'><strong>cum</strong></span> <span class='ocrx_word' id='word_1_295' title='bbox 2973 1333 3291 1399; x_wconf 87' lang='lat' dir='ltr'><strong>parentibus</strong></span> <span class='ocrx_word' id='word_1_296' title='bbox 3330 1349 3451 1400; x_wconf 80' lang='lat' dir='ltr'><strong>nos,</strong></span> <span class='ocrx_word' id='word_1_297' title='bbox 3489 1352 3590 1391; x_wconf 92' lang='lat' dir='ltr'><strong>nec</strong></span> 
     </span>
    </p>
   </div>
   <div class='ocr_carea' id='block_1_41' title="bbox 2024 1420 3585 1490">
    <p class='ocr_par' dir='ltr' id='par_1_41' title="bbox 2024 1420 3585 1490">
     <span class='ocr_line' id='line_1_41' title="bbox 2024 1420 3585 1490; baseline 0.003 -15"><span class='ocrx_word' id='word_1_298' title='bbox 2024 1423 2213 1476; x_wconf 87' lang='lat' dir='ltr'><strong>eodem</strong></span> <span class='ocrx_word' id='word_1_299' title='bbox 2244 1432 2485 1490; x_wconf 84' lang='lat' dir='ltr'><strong>tempore</strong></span> <span class='ocrx_word' id='word_1_300' title='bbox 2506 1421 2560 1474; x_wconf 93' lang='lat' dir='ltr'><strong>iu</strong></span> <span class='ocrx_word' id='word_1_301' title='bbox 2588 1420 2672 1475; x_wconf 86' lang='lat' dir='ltr'><strong>his</strong></span> <span class='ocrx_word' id='word_1_302' title='bbox 2694 1421 2980 1475; x_wconf 85' lang='lat' dir='ltr'><strong>nobiscum</strong></span> <span class='ocrx_word' id='word_1_303' title='bbox 3017 1422 3114 1490; x_wconf 90' lang='lat' dir='ltr'><strong>ipsi</strong></span> <span class='ocrx_word' id='word_1_304' title='bbox 3150 1425 3585 1480; x_wconf 82' lang='lat' dir='ltr'><strong>communicant.</strong></span> 
     </span>
    </p>
   </div>
   <div class='ocr_carea' id='block_1_42' title="bbox 2025 1510 3590 1585">
    <p class='ocr_par' dir='ltr' id='par_1_42' title="bbox 2025 1510 3590 1585">
     <span class='ocr_line' id='line_1_42' title="bbox 2025 1510 3590 1585; baseline 0.003 -20"><span class='ocrx_word' id='word_1_305' title='bbox 2025 1511 2244 1565; x_wconf 76' lang='lat' dir='ltr'><strong>Christo</strong></span> <span class='ocrx_word' id='word_1_306' title='bbox 2281 1520 2461 1565; x_wconf 89' lang='lat' dir='ltr'><strong>autem</strong></span> <span class='ocrx_word' id='word_1_307' title='bbox 2504 1525 2691 1565; x_wconf 84' lang='lat' dir='ltr'><strong>revera</strong></span> <span class='ocrx_word' id='word_1_308' title='bbox 2740 1510 3232 1576; x_wconf 71' lang='lat' dir='ltr'><strong>communicaturus,</strong></span> <span class='ocrx_word' id='word_1_309' title='bbox 3300 1528 3422 1568; x_wconf 89' lang='lat' dir='ltr'><strong>cum</strong></span> <span class='ocrx_word' id='word_1_310' title='bbox 3479 1532 3590 1585; x_wconf 89' lang='lat' dir='ltr'><strong>quo</strong></span> 
     </span>
    </p>
   </div>
   <div class='ocr_carea' id='block_1_43' title="bbox 2024 1604 3591 1673">
    <p class='ocr_par' dir='ltr' id='par_1_43' title="bbox 2024 1604 3591 1673">
     <span class='ocr_line' id='line_1_43' title="bbox 2024 1604 3591 1673; baseline 0.003 -15"><span class='ocrx_word' id='word_1_311' title='bbox 2024 1619 2240 1673; x_wconf 81' lang='lat' dir='ltr'><strong>semper</strong></span> <span class='ocrx_word' id='word_1_312' title='bbox 2268 1612 2323 1658; x_wconf 91' lang='lat' dir='ltr'><strong>et</strong></span> <span class='ocrx_word' id='word_1_313' title='bbox 2387 1619 2608 1671; x_wconf 85' lang='lat' dir='ltr'><strong>corpus,</strong></span> <span class='ocrx_word' id='word_1_314' title='bbox 2640 1612 2694 1657; x_wconf 80' lang='lat' dir='ltr'><strong>et</strong></span> <span class='ocrx_word' id='word_1_315' title='bbox 2727 1604 3069 1672; x_wconf 89' lang='lat' dir='ltr'><strong>sanguinem,</strong></span> <span class='ocrx_word' id='word_1_316' title='bbox 3102 1614 3155 1658; x_wconf 90' lang='lat' dir='ltr'><strong>et</strong></span> <span class='ocrx_word' id='word_1_317' title='bbox 3220 1608 3492 1671; x_wconf 85' lang='lat' dir='ltr'><strong>membra,</strong></span> <span class='ocrx_word' id='word_1_318' title='bbox 3536 1620 3591 1663; x_wconf 91' lang='lat' dir='ltr'><strong>et</strong></span> 
     </span>
    </p>
   </div>
   <div class='ocr_carea' id='block_1_44' title="bbox 2022 1693 3588 1761">
    <p class='ocr_par' dir='ltr' id='par_1_44' title="bbox 2022 1693 3588 1761">
     <span class='ocr_line' id='line_1_44' title="bbox 2022 1693 3588 1761; baseline 0.004 -13"><span class='ocrx_word' id='word_1_319' title='bbox 2022 1694 2207 1749; x_wconf 77' lang='lat' dir='ltr'><strong>omnia</strong></span> <span class='ocrx_word' id='word_1_320' title='bbox 2240 1694 2355 1748; x_wconf 68' lang='lat' dir='ltr'><strong>haec</strong></span> <span class='ocrx_word' id='word_1_321' title='bbox 2384 1693 2647 1747; x_wconf 87' lang='lat' dir='ltr'><strong>habemus</strong></span> <span class='ocrx_word' id='word_1_322' title='bbox 2677 1694 3015 1749; x_wconf 88' lang='lat' dir='ltr'><strong>communia.</strong></span> <span class='ocrx_word' id='word_1_323' title='bbox 3045 1694 3200 1761; x_wconf 86' lang='lat' dir='ltr'><strong>Quod</strong></span> <span class='ocrx_word' id='word_1_324' title='bbox 3228 1697 3276 1752; x_wconf 88' lang='lat' dir='ltr'><strong>si</strong></span> <span class='ocrx_word' id='word_1_325' title='bbox 3314 1698 3418 1751; x_wconf 89' lang='lat' dir='ltr'><strong>hoc</strong></span> <span class='ocrx_word' id='word_1_326' title='bbox 3450 1699 3588 1755; x_wconf 85' lang='lat' dir='ltr'><strong>iilios</strong></span> 
     </span>
    </p>
   </div>
   <div class='ocr_carea' id='block_1_45' title="bbox 2025 1786 3588 1857">
    <p class='ocr_par' dir='ltr' id='par_1_45' title="bbox 2025 1786 3588 1857">
     <span class='ocr_line' id='line_1_45' title="bbox 2025 1786 3588 1857; baseline 0.002 -16"><span class='ocrx_word' id='word_1_327' title='bbox 2025 1786 2206 1851; x_wconf 83' lang='lat' dir='ltr'><strong>eilicit,</strong></span> <span class='ocrx_word' id='word_1_328' title='bbox 2238 1786 2646 1840; x_wconf 84' lang='lat' dir='ltr'><strong>communicare</strong></span> <span class='ocrx_word' id='word_1_329' title='bbox 2701 1799 2866 1840; x_wconf 88' lang='lat' dir='ltr'><strong>carne</strong></span> <span class='ocrx_word' id='word_1_330' title='bbox 2892 1794 2948 1841; x_wconf 90' lang='lat' dir='ltr'><strong>et</strong></span> <span class='ocrx_word' id='word_1_331' title='bbox 2976 1787 3261 1857; x_wconf 85' lang='lat' dir='ltr'><strong>sanguine,</strong></span> <span class='ocrx_word' id='word_1_332' title='bbox 3307 1804 3407 1845; x_wconf 91' lang='lat' dir='ltr'><strong>nos</strong></span> <span class='ocrx_word' id='word_1_333' title='bbox 3466 1805 3588 1844; x_wconf 84' lang='lat' dir='ltr'><strong>ma-</strong></span> 
     </span>
    </p>
   </div>
   <div class='ocr_carea' id='block_1_46' title="bbox 1954 1851 3587 1945">
    <p class='ocr_par' dir='ltr' id='par_1_46' title="bbox 1954 1851 3587 1945">
     <span class='ocr_line' id='line_1_46' title="bbox 1954 1851 3587 1945; baseline 0.004 -15"><span class='ocrx_word' id='word_1_334' title='bbox 1954 1851 1995 1909; x_wconf 72' lang='grc' dir='ltr'><strong>Β</strong></span> <span class='ocrx_word' id='word_1_335' title='bbox 2020 1878 2140 1945; x_wconf 88' lang='lat' dir='ltr'><strong>jore</strong></span> <span class='ocrx_word' id='word_1_336' title='bbox 2168 1876 2490 1944; x_wconf 73' lang='lat' dir='ltr'><strong>cognatione</strong></span> <span class='ocrx_word' id='word_1_337' title='bbox 2515 1890 2640 1929; x_wconf 91' lang='lat' dir='ltr'><strong>cum</strong></span> <span class='ocrx_word' id='word_1_338' title='bbox 2673 1874 2957 1930; x_wconf 87' lang='lat' dir='ltr'><strong>Salvatore</strong></span> <span class='ocrx_word' id='word_1_339' title='bbox 2987 1891 3079 1945; x_wconf 88' lang='lat' dir='ltr'><strong>per</strong></span> <span class='ocrx_word' id='word_1_340' title='bbox 3102 1893 3313 1932; x_wconf 84' lang='lat' dir='ltr'><strong>sacram</strong></span> <span class='ocrx_word' id='word_1_341' title='bbox 3343 1894 3587 1936; x_wconf 81' lang='lat' dir='ltr'><strong>mensam</strong></span> 
     </span>
    </p>
   </div>
   <div class='ocr_carea' id='block_1_47' title="bbox 2025 1967 3591 2039">
    <p class='ocr_par' dir='ltr' id='par_1_47' title="bbox 2025 1967 3591 2039">
     <span class='ocr_line' id='line_1_47' title="bbox 2025 1967 3591 2039; baseline 0.004 -19"><span class='ocrx_word' id='word_1_342' title='bbox 2025 1967 2342 2029; x_wconf 84' lang='lat' dir='ltr'><strong>devinctos,</strong></span> <span class='ocrx_word' id='word_1_343' title='bbox 2401 1981 2562 2034; x_wconf 90' lang='lat' dir='ltr'><strong>quam</strong></span> <span class='ocrx_word' id='word_1_344' title='bbox 2621 1981 2716 2034; x_wconf 88' lang='lat' dir='ltr'><strong>per</strong></span> <span class='ocrx_word' id='word_1_345' title='bbox 2772 1978 3021 2021; x_wconf 87' lang='lat' dir='ltr'><strong>naturam</strong></span> <span class='ocrx_word' id='word_1_346' title='bbox 3081 1983 3205 2022; x_wconf 91' lang='lat' dir='ltr'><strong>cum</strong></span> <span class='ocrx_word' id='word_1_347' title='bbox 3270 1974 3591 2039; x_wconf 88' lang='lat' dir='ltr'><strong>parentibus</strong></span> 
     </span>
    </p>
   </div>
   <div class='ocr_carea' id='block_1_48' title="bbox 2024 2055 3591 2126">
    <p class='ocr_par' dir='ltr' id='par_1_48' title="bbox 2024 2055 3591 2126">
     <span class='ocr_line' id='line_1_48' title="bbox 2024 2055 3591 2126; baseline 0.003 -14"><span class='ocrx_word' id='word_1_348' title='bbox 2024 2058 2177 2126; x_wconf 85' lang='lat' dir='ltr'><strong>ipsis,</strong></span> <span class='ocrx_word' id='word_1_349' title='bbox 2219 2055 2566 2111; x_wconf 78' lang='lat' dir='ltr'><strong>manifestum</strong></span> <span class='ocrx_word' id='word_1_350' title='bbox 2592 2065 2697 2110; x_wconf 87' lang='lat' dir='ltr'><strong>est.</strong></span> <span class='ocrx_word' id='word_1_351' title='bbox 2730 2055 2848 2110; x_wconf 82' lang='lat' dir='ltr'><strong>Jam</strong></span> <span class='ocrx_word' id='word_1_352' title='bbox 2904 2072 3032 2112; x_wconf 90' lang='lat' dir='ltr'><strong>vero</strong></span> <span class='ocrx_word' id='word_1_353' title='bbox 3085 2074 3194 2113; x_wconf 94' lang='lat' dir='ltr'><strong>non</strong></span> <span class='ocrx_word' id='word_1_354' title='bbox 3241 2075 3364 2114; x_wconf 87' lang='lat' dir='ltr'><strong>cum</strong></span> <span class='ocrx_word' id='word_1_355' title='bbox 3422 2061 3591 2116; x_wconf 87' lang='lat' dir='ltr'><strong>semel</strong></span> 
     </span>
    </p>
   </div>
   <div class='ocr_carea' id='block_1_49' title="bbox 2027 2147 3589 2219">
    <p class='ocr_par' dir='ltr' id='par_1_49' title="bbox 2027 2147 3589 2219">
     <span class='ocr_line' id='line_1_49' title="bbox 2027 2147 3589 2219; baseline 0.002 -16"><span class='ocrx_word' id='word_1_356' title='bbox 2027 2164 2128 2203; x_wconf 84' lang='lat' dir='ltr'><strong>nos</strong></span> <span class='ocrx_word' id='word_1_357' title='bbox 2156 2148 2309 2203; x_wconf 89' lang='lat' dir='ltr'><strong>vivos</strong></span> <span class='ocrx_word' id='word_1_358' title='bbox 2338 2159 2678 2218; x_wconf 82' lang='lat' dir='ltr'><strong>procreasset</strong></span> <span class='ocrx_word' id='word_1_359' title='bbox 2709 2147 3125 2219; x_wconf 78' lang='lat' dir='ltr'><strong>formassetque,</strong></span> <span class='ocrx_word' id='word_1_360' title='bbox 3160 2158 3222 2203; x_wconf 90' lang='lat' dir='ltr'><strong>ut</strong></span> <span class='ocrx_word' id='word_1_361' title='bbox 3281 2151 3383 2215; x_wconf 90' lang='lat' dir='ltr'><strong>illi,</strong></span> <span class='ocrx_word' id='word_1_362' title='bbox 3413 2166 3472 2205; x_wconf 90' lang='lat' dir='ltr'><strong>se</strong></span> <span class='ocrx_word' id='word_1_363' title='bbox 3499 2167 3589 2206; x_wconf 84' lang='lat' dir='ltr'><strong>re-</strong></span> 
     </span>
    </p>
   </div>
   <div class='ocr_carea' id='block_1_50' title="bbox 2026 2239 3592 2308">
    <p class='ocr_par' dir='ltr' id='par_1_50' title="bbox 2026 2239 3592 2308">
     <span class='ocr_line' id='line_1_50' title="bbox 2026 2239 3592 2308; baseline 0.001 -14"><span class='ocrx_word' id='word_1_364' title='bbox 2026 2239 2234 2295; x_wconf 82' lang='lat' dir='ltr'><strong>movit:</strong></span> <span class='ocrx_word' id='word_1_365' title='bbox 2270 2241 2365 2294; x_wconf 87' lang='lat' dir='ltr'><strong>sed</strong></span> <span class='ocrx_word' id='word_1_366' title='bbox 2393 2253 2676 2308; x_wconf 78' lang='lat' dir='ltr'><strong>nunquam</strong></span> <span class='ocrx_word' id='word_1_367' title='bbox 2713 2254 2821 2293; x_wconf 90' lang='lat' dir='ltr'><strong>non</strong></span> <span class='ocrx_word' id='word_1_368' title='bbox 2862 2241 3035 2305; x_wconf 87' lang='lat' dir='ltr'><strong>adest,</strong></span> <span class='ocrx_word' id='word_1_369' title='bbox 3078 2250 3134 2296; x_wconf 90' lang='lat' dir='ltr'><strong>et</strong></span> <span class='ocrx_word' id='word_1_370' title='bbox 3161 2243 3349 2297; x_wconf 88' lang='lat' dir='ltr'><strong>unitus</strong></span> <span class='ocrx_word' id='word_1_371' title='bbox 3403 2252 3505 2308; x_wconf 91' lang='lat' dir='ltr'><strong>est,</strong></span> <span class='ocrx_word' id='word_1_372' title='bbox 3537 2254 3592 2296; x_wconf 87' lang='lat' dir='ltr'><strong>et</strong></span> 
     </span>
    </p>
   </div>
   <div class='ocr_carea' id='block_1_51' title="bbox 2024 2331 3592 2400">
    <p class='ocr_par' dir='ltr' id='par_1_51' title="bbox 2024 2331 3592 2400">
     <span class='ocr_line' id='line_1_51' title="bbox 2024 2331 3592 2400; baseline 0.001 -15"><span class='ocrx_word' id='word_1_373' title='bbox 2024 2331 2126 2385; x_wconf 90' lang='lat' dir='ltr'><strong>hoc</strong></span> <span class='ocrx_word' id='word_1_374' title='bbox 2151 2332 2271 2399; x_wconf 86' lang='lat' dir='ltr'><strong>ipso</strong></span> <span class='ocrx_word' id='word_1_375' title='bbox 2308 2331 2453 2400; x_wconf 89' lang='lat' dir='ltr'><strong>quod</strong></span> <span class='ocrx_word' id='word_1_376' title='bbox 2490 2332 2669 2393; x_wconf 85' lang='lat' dir='ltr'><strong>adest,</strong></span> <span class='ocrx_word' id='word_1_377' title='bbox 2722 2346 2826 2385; x_wconf 88' lang='lat' dir='ltr'><strong>nos</strong></span> <span class='ocrx_word' id='word_1_378' title='bbox 2878 2331 3115 2386; x_wconf 82' lang='lat' dir='ltr'><strong>viviﬁcat</strong></span> <span class='ocrx_word' id='word_1_379' title='bbox 3142 2342 3193 2387; x_wconf 88' lang='lat' dir='ltr'><strong>et</strong></span> <span class='ocrx_word' id='word_1_380' title='bbox 3248 2333 3466 2387; x_wconf 81' lang='lat' dir='ltr'><strong>format.</strong></span> <span class='ocrx_word' id='word_1_381' title='bbox 3524 2333 3592 2387; x_wconf 88' lang='lat' dir='ltr'><strong>Et</strong></span> 
     </span>
    </p>
   </div>
   <div class='ocr_carea' id='block_1_52' title="bbox 2023 2425 3589 2495">
    <p class='ocr_par' dir='ltr' id='par_1_52' title="bbox 2023 2425 3589 2495">
     <span class='ocr_line' id='line_1_52' title="bbox 2023 2425 3589 2495; baseline -0.001 -14"><span class='ocrx_word' id='word_1_382' title='bbox 2023 2425 2301 2491; x_wconf 87' lang='lat' dir='ltr'><strong>sejunctos</strong></span> <span class='ocrx_word' id='word_1_383' title='bbox 2328 2426 2546 2495; x_wconf 86' lang='lat' dir='ltr'><strong>quidem</strong></span> <span class='ocrx_word' id='word_1_384' title='bbox 2568 2440 2596 2478; x_wconf 90' lang='lat' dir='ltr'><strong>a</strong></span> <span class='ocrx_word' id='word_1_385' title='bbox 2623 2426 2934 2493; x_wconf 85' lang='lat' dir='ltr'><strong>parentibus</strong></span> <span class='ocrx_word' id='word_1_386' title='bbox 2956 2425 3090 2479; x_wconf 89' lang='lat' dir='ltr'><strong>nihil</strong></span> <span class='ocrx_word' id='word_1_387' title='bbox 3115 2435 3261 2480; x_wconf 71' lang='lat' dir='ltr'><strong>vetat</strong></span> <span class='ocrx_word' id='word_1_388' title='bbox 3281 2442 3589 2495; x_wconf 81' lang='lat' dir='ltr'><strong>superesse,</strong></span> 
     </span>
    </p>
   </div>
   <div class='ocr_carea' id='block_1_53' title="bbox 2023 2516 3592 2585">
    <p class='ocr_par' dir='ltr' id='par_1_53' title="bbox 2023 2516 3592 2585">
     <span class='ocr_line' id='line_1_53' title="bbox 2023 2516 3592 2585; baseline -0.001 -14"><span class='ocrx_word' id='word_1_389' title='bbox 2023 2516 2299 2571; x_wconf 82' lang='lat' dir='ltr'><strong>aChristo</strong></span> <span class='ocrx_word' id='word_1_390' title='bbox 2330 2526 2510 2570; x_wconf 84' lang='lat' dir='ltr'><strong>autem</strong></span> <span class='ocrx_word' id='word_1_391' title='bbox 2552 2516 2840 2583; x_wconf 74' lang='lat' dir='ltr'><strong>separatis,</strong></span> <span class='ocrx_word' id='word_1_392' title='bbox 2914 2522 3113 2585; x_wconf 69' lang='lat' dir='ltr'><strong>praeter</strong></span> <span class='ocrx_word' id='word_1_393' title='bbox 3172 2525 3400 2570; x_wconf 87' lang='lat' dir='ltr'><strong>mortem</strong></span> <span class='ocrx_word' id='word_1_394' title='bbox 3456 2517 3592 2571; x_wconf 85' lang='lat' dir='ltr'><strong>nihil</strong></span> 
     </span>
    </p>
   </div>
   <div class='ocr_carea' id='block_1_54' title="bbox 2023 2604 3589 2678">
    <p class='ocr_par' dir='ltr' id='par_1_54' title="bbox 2023 2604 3589 2678">
     <span class='ocr_line' id='line_1_54' title="bbox 2023 2604 3589 2678; baseline -0.001 -15"><span class='ocrx_word' id='word_1_395' title='bbox 2023 2606 2452 2678; x_wconf 74' lang='lat' dir='ltr'><strong>exspectandum</strong></span> <span class='ocrx_word' id='word_1_396' title='bbox 2508 2617 2611 2661; x_wconf 91' lang='lat' dir='ltr'><strong>est.</strong></span> <span class='ocrx_word' id='word_1_397' title='bbox 2666 2604 2770 2661; x_wconf 86' lang='lat' dir='ltr'><strong>Sed</strong></span> <span class='ocrx_word' id='word_1_398' title='bbox 2821 2622 2923 2661; x_wconf 92' lang='lat' dir='ltr'><strong>cur</strong></span> <span class='ocrx_word' id='word_1_399' title='bbox 2972 2607 3149 2677; x_wconf 83' lang='lat' dir='ltr'><strong>majus</strong></span> <span class='ocrx_word' id='word_1_400' title='bbox 3183 2608 3441 2677; x_wconf 88' lang='lat' dir='ltr'><strong>quiddam</strong></span> <span class='ocrx_word' id='word_1_401' title='bbox 3480 2624 3589 2662; x_wconf 91' lang='lat' dir='ltr'><strong>non</strong></span> 
     </span>
    </p>
   </div>
   <div class='ocr_carea' id='block_1_55' title="bbox 2025 2697 3594 2768">
    <p class='ocr_par' dir='ltr' id='par_1_55' title="bbox 2025 2697 3594 2768">
     <span class='ocr_line' id='line_1_55' title="bbox 2025 2697 3594 2768; baseline -0.002 -13"><span class='ocrx_word' id='word_1_402' title='bbox 2025 2700 2193 2755; x_wconf 77' lang='lat' dir='ltr'><strong>dico?</strong></span> <span class='ocrx_word' id='word_1_403' title='bbox 2228 2699 2455 2768; x_wconf 78' lang='lat' dir='ltr'><strong>Fingere</strong></span> <span class='ocrx_word' id='word_1_404' title='bbox 2487 2698 2618 2767; x_wconf 83' lang='lat' dir='ltr'><strong>ipsis</strong></span> <span class='ocrx_word' id='word_1_405' title='bbox 2649 2698 2701 2751; x_wconf 94' lang='lat' dir='ltr'><strong>in</strong></span> <span class='ocrx_word' id='word_1_406' title='bbox 2767 2697 3073 2768; x_wconf 89' lang='lat' dir='ltr'><strong>semetipsis</strong></span> <span class='ocrx_word' id='word_1_407' title='bbox 3103 2699 3267 2761; x_wconf 76' lang='lat' dir='ltr'><strong>filios,</strong></span> <span class='ocrx_word' id='word_1_408' title='bbox 3313 2700 3441 2767; x_wconf 83' lang='lat' dir='ltr'><strong>quia</strong></span> <span class='ocrx_word' id='word_1_409' title='bbox 3500 2714 3594 2768; x_wconf 88' lang='lat' dir='ltr'><strong>pa-</strong></span> 
     </span>
    </p>
   </div>
   <div class='ocr_carea' id='block_1_56' title="bbox 2025 2786 3587 2849">
    <p class='ocr_par' dir='ltr' id='par_1_56' title="bbox 2025 2786 3587 2849">
     <span class='ocr_line' id='line_1_56' title="bbox 2025 2786 3587 2849; baseline -0.001 -4"><span class='ocrx_word' id='word_1_410' title='bbox 2025 2790 2273 2845; x_wconf 88' lang='lat' dir='ltr'><strong>rentibus</strong></span> <span class='ocrx_word' id='word_1_411' title='bbox 2299 2803 2406 2843; x_wconf 92' lang='lat' dir='ltr'><strong>non</strong></span> <span class='ocrx_word' id='word_1_412' title='bbox 2453 2786 2807 2849; x_wconf 86' lang='lat' dir='ltr'><strong>dirimantur,</strong></span> <span class='ocrx_word' id='word_1_413' title='bbox 2875 2789 3019 2842; x_wconf 89' lang='lat' dir='ltr'><strong>haud</strong></span> <span class='ocrx_word' id='word_1_414' title='bbox 3080 2790 3417 2844; x_wconf 84' lang='lat' dir='ltr'><strong>conceditur.</strong></span> <span class='ocrx_word' id='word_1_415' title='bbox 3479 2789 3587 2845; x_wconf 87' lang='lat' dir='ltr'><strong>Sed</strong></span> 
     </span>
    </p>
   </div>
   <div class='ocr_carea' id='block_1_57' title="bbox 1944 2872 3591 2950">
    <p class='ocr_par' dir='ltr' id='par_1_57' title="bbox 1944 2872 3591 2950">
     <span class='ocr_line' id='line_1_57' title="bbox 1944 2872 3591 2950; baseline 0.001 -16"><span class='ocrx_word' id='word_1_416' title='bbox 1944 2872 1989 2934; x_wconf 89' lang='lat' dir='ltr'><strong>C</strong></span> <span class='ocrx_word' id='word_1_417' title='bbox 2026 2881 2153 2950; x_wconf 90' lang='lat' dir='ltr'><strong>quia</strong></span> <span class='ocrx_word' id='word_1_418' title='bbox 2184 2879 2277 2933; x_wconf 90' lang='lat' dir='ltr'><strong>alii</strong></span> <span class='ocrx_word' id='word_1_419' title='bbox 2311 2889 2665 2950; x_wconf 90' lang='lat' dir='ltr'><strong>generarunt,</strong></span> <span class='ocrx_word' id='word_1_420' title='bbox 2720 2880 2811 2934; x_wconf 89' lang='lat' dir='ltr'><strong>alii</strong></span> <span class='ocrx_word' id='word_1_421' title='bbox 2865 2883 3105 2948; x_wconf 75' lang='lat' dir='ltr'><strong>generati</strong></span> <span class='ocrx_word' id='word_1_422' title='bbox 3154 2891 3301 2944; x_wconf 86' lang='lat' dir='ltr'><strong>sunt,</strong></span> <span class='ocrx_word' id='word_1_423' title='bbox 3340 2882 3443 2935; x_wconf 85' lang='lat' dir='ltr'><strong>hoc</strong></span> <span class='ocrx_word' id='word_1_424' title='bbox 3497 2896 3591 2935; x_wconf 86' lang='lat' dir='ltr'><strong>eos</strong></span> 
     </span>
    </p>
   </div>
   <div class='ocr_carea' id='block_1_58' title="bbox 347 2967 3587 3046">
    <p class='ocr_par' dir='ltr' id='par_1_58' title="bbox 347 2967 3587 3046">
     <span class='ocr_line' id='line_1_58' title="bbox 347 2967 3587 3046; baseline 0.003 -27"><span class='ocrx_word' id='word_1_425' title='bbox 347 2982 580 3036; x_wconf 86' lang='lat' dir='ltr'><strong>prorsus</strong></span> <span class='ocrx_word' id='word_1_426' title='bbox 606 2967 833 3029; x_wconf 89' lang='lat' dir='ltr'><strong>dirimit.</strong></span> <span class='ocrx_word' id='word_1_427' title='bbox 862 2982 927 3023; x_wconf 85' lang='lat' dir='ltr'><strong>ac</strong></span> <span class='ocrx_word' id='word_1_428' title='bbox 957 2968 1207 3038; x_wconf 77' lang='lat' dir='ltr'><strong>seiungit.</strong></span> <span class='ocrx_word' id='word_1_429' title='bbox 1237 2970 1369 3023; x_wconf 84' lang='lat' dir='ltr'><strong>Esse</strong></span> <span class='ocrx_word' id='word_1_430' title='bbox 1421 2980 1602 3025; x_wconf 87' lang='lat' dir='ltr'><strong>autem</strong></span> <span class='ocrx_word' id='word_1_431' title='bbox 1645 2971 1785 3026; x_wconf 79' lang='lat' dir='ltr'><strong>ﬁlios</strong></span> <span class='ocrx_word' id='word_1_432' title='bbox 1844 2973 1896 3026; x_wconf 94' lang='lat' dir='ltr'><strong>in</strong></span> <span class='ocrx_word' id='word_1_433' title='bbox 1947 2974 2243 3046; x_wconf 81' lang='lat' dir='ltr'><strong>mysteriis,</strong></span> <span class='ocrx_word' id='word_1_434' title='bbox 2278 2973 2329 3026; x_wconf 92' lang='lat' dir='ltr'><strong>in</strong></span> <span class='ocrx_word' id='word_1_435' title='bbox 2363 2974 2691 3027; x_wconf 89' lang='lat' dir='ltr'><strong>commercio</strong></span> <span class='ocrx_word' id='word_1_436' title='bbox 2726 2984 2779 3026; x_wconf 91' lang='lat' dir='ltr'><strong>et</strong></span> <span class='ocrx_word' id='word_1_437' title='bbox 2827 2974 3322 3029; x_wconf 83' lang='lat' dir='ltr'><strong>communicatione</strong></span> <span class='ocrx_word' id='word_1_438' title='bbox 3352 2976 3587 3043; x_wconf 87' lang='lat' dir='ltr'><strong>positum</strong></span> 
     </span>
    </p>
   </div>
   <div class='ocr_carea' id='block_1_59' title="bbox 345 3061 2819 3137">
    <p class='ocr_par' dir='ltr' id='par_1_59' title="bbox 345 3061 2819 3137">
     <span class='ocr_line' id='line_1_59' title="bbox 345 3061 2819 3137; baseline 0.001 -20"><span class='ocrx_word' id='word_1_439' title='bbox 345 3068 456 3124; x_wconf 76' lang='lat' dir='ltr'><strong>est,</strong></span> <span class='ocrx_word' id='word_1_440' title='bbox 488 3069 544 3114; x_wconf 89' lang='lat' dir='ltr'><strong>et</strong></span> <span class='ocrx_word' id='word_1_441' title='bbox 606 3061 949 3129; x_wconf 74' lang='lat' dir='ltr'><strong>separari&#39;ac</strong></span> <span class='ocrx_word' id='word_1_442' title='bbox 996 3061 1230 3131; x_wconf 87' lang='lat' dir='ltr'><strong>sejungi,</strong></span> <span class='ocrx_word' id='word_1_443' title='bbox 1284 3064 1387 3118; x_wconf 90' lang='lat' dir='ltr'><strong>hoc</strong></span> <span class='ocrx_word' id='word_1_444' title='bbox 1424 3074 1507 3119; x_wconf 88' lang='lat' dir='ltr'><strong>est</strong></span> <span class='ocrx_word' id='word_1_445' title='bbox 1563 3080 1671 3120; x_wconf 89' lang='lat' dir='ltr'><strong>non</strong></span> <span class='ocrx_word' id='word_1_446' title='bbox 1719 3066 2108 3137; x_wconf 83' lang='lat' dir='ltr'><strong>ampliusesse,</strong></span> <span class='ocrx_word' id='word_1_447' title='bbox 2163 3068 2256 3122; x_wconf 89' lang='lat' dir='ltr'><strong>sed</strong></span> <span class='ocrx_word' id='word_1_448' title='bbox 2306 3067 2531 3120; x_wconf 91' lang='lat' dir='ltr'><strong>omnino</strong></span> <span class='ocrx_word' id='word_1_449' title='bbox 2575 3066 2819 3135; x_wconf 84' lang='lat' dir='ltr'><strong>periisse.</strong></span> 
     </span>
    </p>
   </div>
   <div class='ocr_carea' id='block_1_60' title="bbox 430 3158 1927 3233">
    <p class='ocr_par' dir='ltr' id='par_1_60' title="bbox 430 3158 1927 3233">
     <span class='ocr_line' id='line_1_60' title="bbox 430 3158 1927 3233; baseline 0.001 -18"><span class='ocrx_word' id='word_1_450' title='bbox 430 3160 638 3215; x_wconf 72' lang='grc' dir='ltr'>Οὐκοῦν</span> <span class='ocrx_word' id='word_1_451' title='bbox 670 3161 717 3213; x_wconf 84' lang='grc' dir='ltr'><strong>εί</strong></span> <span class='ocrx_word' id='word_1_452' title='bbox 750 3158 1033 3212; x_wconf 85' lang='grc' dir='ltr'>κοινωνίαν</span> <span class='ocrx_word' id='word_1_453' title='bbox 1060 3159 1183 3212; x_wconf 77' lang='grc' dir='ltr'>τινὰ</span> <span class='ocrx_word' id='word_1_454' title='bbox 1219 3159 1466 3230; x_wconf 85' lang='grc' dir='ltr'>βούλεται</span> <span class='ocrx_word' id='word_1_455' title='bbox 1494 3163 1556 3215; x_wconf 74' lang='grc' dir='ltr'><strong>τὸ</strong></span> <span class='ocrx_word' id='word_1_456' title='bbox 1590 3163 1688 3233; x_wconf 83' lang='grc' dir='ltr'>τῆς</span> <span class='ocrx_word' id='word_1_457' title='bbox 1730 3180 1927 3231; x_wconf 85' lang='grc' dir='ltr'>συγγε-</span> 
     </span>
    </p>
   </div>
   <div class='ocr_carea' id='block_1_61' title="bbox 349 3248 1925 3325">
    <p class='ocr_par' dir='ltr' id='par_1_61' title="bbox 349 3248 1925 3325">
     <span class='ocr_line' id='line_1_61' title="bbox 349 3248 1925 3325; baseline 0.002 -19"><span class='ocrx_word' id='word_1_458' title='bbox 349 3254 511 3315; x_wconf 88' lang='grc' dir='ltr'>νείας</span> <span class='ocrx_word' id='word_1_459' title='bbox 540 3252 731 3323; x_wconf 83' lang='grc' dir='ltr'>ϐνομα,</span> <span class='ocrx_word' id='word_1_460' title='bbox 770 3254 863 3306; x_wconf 72' lang='grc' dir='ltr'>καὶ</span> <span class='ocrx_word' id='word_1_461' title='bbox 888 3250 1112 3313; x_wconf 77' lang='grc' dir='ltr'>τούτους</span> <span class='ocrx_word' id='word_1_462' title='bbox 1144 3248 1298 3321; x_wconf 73' lang='grc' dir='ltr'>οἶμαι</span> <span class='ocrx_word' id='word_1_463' title='bbox 1335 3252 1529 3322; x_wconf 84' lang='grc' dir='ltr'>μηνύει</span> <span class='ocrx_word' id='word_1_464' title='bbox 1564 3259 1690 3317; x_wconf 80' lang='grc' dir='ltr'>τοὺς</span> <span class='ocrx_word' id='word_1_465' title='bbox 1731 3254 1925 3325; x_wconf 73' lang='grc' dir='ltr'>αἵματι</span> 
     </span>
    </p>
   </div>
   <div class='ocr_carea' id='block_1_62' title="bbox 353 3344 1921 3416">
    <p class='ocr_par' dir='ltr' id='par_1_62' title="bbox 353 3344 1921 3416">
     <span class='ocr_line' id='line_1_62' title="bbox 353 3344 1921 3416; baseline 0.001 -17"><span class='ocrx_word' id='word_1_466' title='bbox 353 3344 526 3416; x_wconf 80' lang='grc' dir='ltr'>κοινῷ</span> <span class='ocrx_word' id='word_1_467' title='bbox 562 3347 964 3414; x_wconf 83' lang='grc' dir='ltr'>συνημμένους,</span> <span class='ocrx_word' id='word_1_468' title='bbox 997 3346 1129 3415; x_wconf 86' lang='grc' dir='ltr'>μόνη</span> <span class='ocrx_word' id='word_1_469' title='bbox 1158 3345 1256 3415; x_wconf 80' lang='grc' dir='ltr'>μὲν</span> <span class='ocrx_word' id='word_1_470' title='bbox 1298 3345 1526 3414; x_wconf 78' lang='grc' dir='ltr'>αἵματος</span> <span class='ocrx_word' id='word_1_471' title='bbox 1570 3345 1636 3399; x_wconf 80' lang='grc' dir='ltr'>ἂν</span> <span class='ocrx_word' id='word_1_472' title='bbox 1670 3346 1754 3415; x_wconf 76' lang='grc' dir='ltr'>εἴη</span> <span class='ocrx_word' id='word_1_473' title='bbox 1807 3365 1921 3400; x_wconf 79' lang='grc' dir='ltr'>κοιο</span> 
     </span>
    </p>
   </div>
   <div class='ocr_carea' id='block_1_63' title="bbox 352 3438 1924 3511">
    <p class='ocr_par' dir='ltr' id='par_1_63' title="bbox 352 3438 1924 3511">
     <span class='ocr_line' id='line_1_63' title="bbox 352 3438 1924 3511; baseline 0 -19"><span class='ocrx_word' id='word_1_474' title='bbox 352 3439 544 3508; x_wconf 79' lang='grc' dir='ltr'>νότης,</span> <span class='ocrx_word' id='word_1_475' title='bbox 595 3438 730 3509; x_wconf 87' lang='grc' dir='ltr'>μόνη</span> <span class='ocrx_word' id='word_1_476' title='bbox 769 3438 825 3490; x_wconf 84' lang='grc' dir='ltr'><strong>δὲ</strong></span> <span class='ocrx_word' id='word_1_477' title='bbox 874 3438 1167 3507; x_wconf 74' lang='grc' dir='ltr'>συγγένεια</span> <span class='ocrx_word' id='word_1_478' title='bbox 1209 3439 1304 3491; x_wconf 77' lang='grc' dir='ltr'>καὶ</span> <span class='ocrx_word' id='word_1_479' title='bbox 1355 3439 1564 3507; x_wconf 87' lang='grc' dir='ltr'>υίότης,</span> <span class='ocrx_word' id='word_1_480' title='bbox 1596 3438 1721 3492; x_wconf 83' lang='grc' dir='ltr'>καθ’</span> <span class='ocrx_word' id='word_1_481' title='bbox 1747 3440 1815 3511; x_wconf 83' lang='grc' dir='ltr'>ἢν</span> <span class='ocrx_word' id='word_1_482' title='bbox 1846 3440 1924 3509; x_wconf 84' lang='grc' dir='ltr'>τῷ</span> 
     </span>
    </p>
   </div>
   <div class='ocr_carea' id='block_1_64' title="bbox 352 3528 1924 3602">
    <p class='ocr_par' dir='ltr' id='par_1_64' title="bbox 352 3528 1924 3602">
     <span class='ocr_line' id='line_1_64' title="bbox 352 3528 1924 3602; baseline -0.001 -16"><span class='ocrx_word' id='word_1_483' title='bbox 352 3531 583 3602; x_wconf 81' lang='grc' dir='ltr'>Χριστῷ</span> <span class='ocrx_word' id='word_1_484' title='bbox 614 3528 1001 3600; x_wconf 82' lang='grc' dir='ltr'>κοινωνοῦμεν.</span> <span class='ocrx_word' id='word_1_485' title='bbox 1062 3532 1161 3582; x_wconf 79' lang='grc' dir='ltr'><strong>Διὰ</strong></span> <span class='ocrx_word' id='word_1_486' title='bbox 1210 3530 1369 3583; x_wconf 83' lang='grc' dir='ltr'>τοῦτο</span> <span class='ocrx_word' id='word_1_487' title='bbox 1410 3532 1508 3584; x_wconf 77' lang='grc' dir='ltr'>καὶ</span> <span class='ocrx_word' id='word_1_488' title='bbox 1542 3531 1640 3601; x_wconf 84' lang='grc' dir='ltr'>τὴν</span> <span class='ocrx_word' id='word_1_489' title='bbox 1686 3530 1924 3601; x_wconf 82' lang='grc' dir='ltr'>φυσικὴν</span> 
     </span>
    </p>
   </div>
   <div class='ocr_carea' id='block_1_65' title="bbox 349 3616 1925 3692">
    <p class='ocr_par' dir='ltr' id='par_1_65' title="bbox 349 3616 1925 3692">
     <span class='ocr_line' id='line_1_65' title="bbox 349 3616 1925 3692; baseline -0.001 -17"><span class='ocrx_word' id='word_1_490' title='bbox 349 3624 611 3692; x_wconf 83' lang='grc' dir='ltr'>γέννησιν</span> <span class='ocrx_word' id='word_1_491' title='bbox 638 3622 1003 3690; x_wconf 81' lang='grc' dir='ltr'>ἀποκρύπτει,</span> <span class='ocrx_word' id='word_1_492' title='bbox 1029 3621 1247 3674; x_wconf 73' lang='grc' dir='ltr'>ἐπειδάν</span> <span class='ocrx_word' id='word_1_493' title='bbox 1280 3623 1370 3674; x_wconf 73' lang='grc' dir='ltr'><strong>ἐπὶ</strong></span> <span class='ocrx_word' id='word_1_494' title='bbox 1394 3622 1503 3675; x_wconf 84' lang='grc' dir='ltr'><strong>τῶν</strong></span> <span class='ocrx_word' id='word_1_495' title='bbox 1525 3624 1703 3676; x_wconf 76' lang='grc' dir='ltr'>αὐτῶν</span> <span class='ocrx_word' id='word_1_496' title='bbox 1729 3616 1925 3691; x_wconf 82' lang='grc' dir='ltr'>γένων-</span> 
     </span>
    </p>
   </div>
   <div class='ocr_carea' id='block_1_66' title="bbox 348 3712 1922 3784">
    <p class='ocr_par' dir='ltr' id='par_1_66' title="bbox 348 3712 1922 3784">
     <span class='ocr_line' id='line_1_66' title="bbox 348 3712 1922 3784; baseline -0.001 -18"><span class='ocrx_word' id='word_1_497' title='bbox 348 3731 449 3766; x_wconf 87' lang='grc' dir='ltr'><strong>ται</strong></span> <span class='ocrx_word' id='word_1_498' title='bbox 467 3728 485 3744; x_wconf 79' lang='grc' dir='ltr'><strong><em>ο</em></strong></span> <span class='ocrx_word' id='word_1_499' title='bbox 518 3730 537 3764; x_wconf 80' lang='grc' dir='ltr'><strong>ι</strong></span> <span class='ocrx_word' id='word_1_500' title='bbox 570 3713 721 3765; x_wconf 83' lang='grc' dir='ltr'>Ὅσοι</span> <span class='ocrx_word' id='word_1_501' title='bbox 744 3712 851 3782; x_wconf 85' lang='grc' dir='ltr'><strong>γάρ</strong></span> <span class='ocrx_word' id='word_1_502' title='bbox 873 3712 1063 3766; x_wconf 72' lang='grc' dir='ltr'>ἔλαϐον</span> <span class='ocrx_word' id='word_1_503' title='bbox 1083 3712 1266 3779; x_wconf 82' lang='grc' dir='ltr'>αὐτὸν,</span> <span class='ocrx_word' id='word_1_504' title='bbox 1291 3714 1476 3784; x_wconf 80' lang='grc' dir='ltr'>φησὶν.</span> <span class='ocrx_word' id='word_1_505' title='bbox 1512 3714 1697 3777; x_wconf 77' lang='grc' dir='ltr'>αὐτοῖς</span> <span class='ocrx_word' id='word_1_506' title='bbox 1726 3714 1922 3766; x_wconf 74' lang='grc' dir='ltr'>ἔδωκεν</span> 
     </span>
    </p>
   </div>
   <div class='ocr_carea' id='block_1_67' title="bbox 351 3800 1922 3875">
    <p class='ocr_par' dir='ltr' id='par_1_67' title="bbox 351 3800 1922 3875">
     <span class='ocr_line' id='line_1_67' title="bbox 351 3800 1922 3875; baseline 0.001 -18"><span class='ocrx_word' id='word_1_507' title='bbox 351 3806 609 3869; x_wconf 68' lang='grc' dir='ltr'>ἐξουσίαν</span> <span class='ocrx_word' id='word_1_508' title='bbox 630 3806 799 3860; x_wconf 85' lang='grc' dir='ltr'>τέκνα</span> <span class='ocrx_word' id='word_1_509' title='bbox 818 3800 954 3858; x_wconf 85' lang='grc' dir='ltr'>Θεοῦ</span> <span class='ocrx_word' id='word_1_510' title='bbox 981 3805 1237 3872; x_wconf 85' lang='grc' dir='ltr'>γενέσθαι</span> <span class='ocrx_word' id='word_1_511' title='bbox 1260 3818 1276 3836; x_wconf 84' lang='lat'><strong>&#39;</strong></span> <span class='ocrx_word' id='word_1_512' title='bbox 1310 3824 1327 3857; x_wconf 77' lang='grc' dir='ltr'><strong>ι</strong></span> <span class='ocrx_word' id='word_1_513' title='bbox 1361 3805 1544 3860; x_wconf 84' lang='grc' dir='ltr'>καίτοι</span> <span class='ocrx_word' id='word_1_514' title='bbox 1569 3808 1922 3875; x_wconf 88' lang='grc' dir='ltr'>γεγέννηνται</span> 
     </span>
    </p>
   </div>
   <div class='ocr_carea' id='block_1_68' title="bbox 351 3892 1923 3966">
    <p class='ocr_par' dir='ltr' id='par_1_68' title="bbox 351 3892 1923 3966">
     <span class='ocr_line' id='line_1_68' title="bbox 351 3892 1923 3966; baseline 0.001 -19"><span class='ocrx_word' id='word_1_515' title='bbox 351 3896 453 3948; x_wconf 83' lang='grc' dir='ltr'><strong>καὶ</strong></span> <span class='ocrx_word' id='word_1_516' title='bbox 476 3894 677 3965; x_wconf 85' lang='grc' dir='ltr'>σάρκες</span> <span class='ocrx_word' id='word_1_517' title='bbox 699 3892 836 3963; x_wconf 76' lang='grc' dir='ltr'>ἦσαν</span> <span class='ocrx_word' id='word_1_518' title='bbox 862 3895 913 3948; x_wconf 78' lang='lat' dir='ltr'><strong>oi</strong></span> <span class='ocrx_word' id='word_1_519' title='bbox 939 3896 1356 3963; x_wconf 81' lang='grc' dir='ltr'>γεγεννηκότες,</span> <span class='ocrx_word' id='word_1_520' title='bbox 1381 3896 1477 3949; x_wconf 77' lang='grc' dir='ltr'>καὶ</span> <span class='ocrx_word' id='word_1_521' title='bbox 1499 3897 1599 3966; x_wconf 82' lang='grc' dir='ltr'>τῆς</span> <span class='ocrx_word' id='word_1_522' title='bbox 1616 3898 1923 3965; x_wconf 84' lang='grc' dir='ltr'>γεννήσεως</span> 
     </span>
    </p>
   </div>
   <div class='ocr_carea' id='block_1_69' title="bbox 350 3985 1923 4057">
    <p class='ocr_par' dir='ltr' id='par_1_69' title="bbox 350 3985 1923 4057">
     <span class='ocr_line' id='line_1_69' title="bbox 350 3985 1923 4057; baseline 0.001 -18"><span class='ocrx_word' id='word_1_523' title='bbox 350 3988 601 4057; x_wconf 70' lang='grc' dir='ltr'>προτέρα</span> <span class='ocrx_word' id='word_1_524' title='bbox 641 3985 845 4055; x_wconf 85' lang='grc' dir='ltr'>ταύτης</span> <span class='ocrx_word' id='word_1_525' title='bbox 893 3986 1112 4055; x_wconf 77' lang='grc' dir='ltr'>ἐκείνη·</span> <span class='ocrx_word' id='word_1_526' title='bbox 1162 3986 1298 4041; x_wconf 76' lang='grc' dir='ltr'>ἀλλὰ</span> <span class='ocrx_word' id='word_1_527' title='bbox 1340 3988 1594 4041; x_wconf 82' lang='grc' dir='ltr'>τοσοῦτον</span> <span class='ocrx_word' id='word_1_528' title='bbox 1627 3989 1659 4057; x_wconf 85' lang='grc' dir='ltr'><strong>ή</strong></span> <span class='ocrx_word' id='word_1_529' title='bbox 1696 3986 1923 4055; x_wconf 81' lang='grc' dir='ltr'>δευτέρα</span> 
     </span>
    </p>
   </div>
   <div class='ocr_carea' id='block_1_70' title="bbox 354 4077 1922 4148">
    <p class='ocr_par' dir='ltr' id='par_1_70' title="bbox 354 4077 1922 4148">
     <span class='ocr_line' id='line_1_70' title="bbox 354 4077 1922 4148; baseline -0.001 -17"><span class='ocrx_word' id='word_1_530' title='bbox 354 4078 740 4147; x_wconf 86' lang='grc' dir='ltr'>κατεκράτησε</span> <span class='ocrx_word' id='word_1_531' title='bbox 784 4077 886 4146; x_wconf 83' lang='grc' dir='ltr'>τῆς</span> <span class='ocrx_word' id='word_1_532' title='bbox 931 4078 1337 4148; x_wconf 87' lang='grc' dir='ltr'>πρεσϐυτέρας,</span> <span class='ocrx_word' id='word_1_533' title='bbox 1397 4079 1540 4131; x_wconf 82' lang='grc' dir='ltr'>ὥστε</span> <span class='ocrx_word' id='word_1_534' title='bbox 1597 4079 1729 4148; x_wconf 78' lang='grc' dir='ltr'>μηδὲ</span> <span class='ocrx_word' id='word_1_535' title='bbox 1777 4079 1922 4146; x_wconf 87' lang='grc' dir='ltr'>ίχνος</span> 
     </span>
    </p>
   </div>
   <div class='ocr_carea' id='block_1_71' title="bbox 356 4169 1921 4241">
    <p class='ocr_par' dir='ltr' id='par_1_71' title="bbox 356 4169 1921 4241">
     <span class='ocr_line' id='line_1_71' title="bbox 356 4169 1921 4241; baseline -0.001 -15"><span class='ocrx_word' id='word_1_536' title='bbox 356 4173 577 4240; x_wconf 76' lang='grc' dir='ltr'>ἐκείνης</span> <span class='ocrx_word' id='word_1_537' title='bbox 611 4170 742 4240; x_wconf 81' lang='grc' dir='ltr'>μηδὲ</span> <span class='ocrx_word' id='word_1_538' title='bbox 778 4171 949 4240; x_wconf 74' lang='grc' dir='ltr'>ὄνομα</span> <span class='ocrx_word' id='word_1_539' title='bbox 981 4171 1169 4224; x_wconf 80' lang='grc' dir='ltr'>λοιπὸν</span> <span class='ocrx_word' id='word_1_540' title='bbox 1197 4169 1357 4233; x_wconf 68' lang='grc' dir='ltr'>εἶναι,</span> <span class='ocrx_word' id='word_1_541' title='bbox 1387 4176 1478 4224; x_wconf 72' lang='grc' dir='ltr'><strong>καὶ</strong></span> <span class='ocrx_word' id='word_1_542' title='bbox 1511 4171 1686 4233; x_wconf 79' lang='grc' dir='ltr'>οὕτως</span> <span class='ocrx_word' id='word_1_543' title='bbox 1715 4174 1743 4224; x_wconf 85' lang='grc' dir='ltr'><strong>ὁ</strong></span> <span class='ocrx_word' id='word_1_544' title='bbox 1779 4171 1921 4241; x_wconf 83' lang='grc' dir='ltr'>ίερδς</span> 
     </span>
    </p>
   </div>
   <div class='ocr_carea' id='block_1_72' title="bbox 354 4260 1921 4331">
    <p class='ocr_par' dir='ltr' id='par_1_72' title="bbox 354 4260 1921 4331">
     <span class='ocr_line' id='line_1_72' title="bbox 354 4260 1921 4331; baseline -0.002 -14"><span class='ocrx_word' id='word_1_545' title='bbox 354 4264 524 4331; x_wconf 80' lang='grc' dir='ltr'>ἄρτος</span> <span class='ocrx_word' id='word_1_546' title='bbox 541 4260 630 4313; x_wconf 86' lang='grc' dir='ltr'>τδν</span> <span class='ocrx_word' id='word_1_547' title='bbox 646 4260 765 4313; x_wconf 82' lang='grc' dir='ltr'>νέον</span> <span class='ocrx_word' id='word_1_548' title='bbox 786 4261 1026 4327; x_wconf 87' lang='grc' dir='ltr'>είσάγων</span> <span class='ocrx_word' id='word_1_549' title='bbox 1044 4260 1328 4329; x_wconf 68' lang='grc' dir='ltr'>ἄνθρωπον</span> <span class='ocrx_word' id='word_1_550' title='bbox 1356 4260 1650 4330; x_wconf 74' lang='grc' dir='ltr'>πρόρριζον</span> <span class='ocrx_word' id='word_1_551' title='bbox 1669 4260 1921 4314; x_wconf 81' lang='grc' dir='ltr'>ἐκϐάλλει</span> 
     </span>
    </p>
   </div>
   <div class='ocr_carea' id='block_1_73' title="bbox 347 4350 1921 4421">
    <p class='ocr_par' dir='ltr' id='par_1_73' title="bbox 347 4350 1921 4421">
     <span class='ocr_line' id='line_1_73' title="bbox 347 4350 1921 4421; baseline -0.001 -17"><span class='ocrx_word' id='word_1_552' title='bbox 347 4353 451 4404; x_wconf 77' lang='grc' dir='ltr'>τὸν</span> <span class='ocrx_word' id='word_1_553' title='bbox 472 4350 720 4405; x_wconf 88' lang='grc' dir='ltr'>παλαιόν.</span> <span class='ocrx_word' id='word_1_554' title='bbox 756 4352 864 4404; x_wconf 76' lang='grc' dir='ltr'><strong>Καὶ</strong></span> <span class='ocrx_word' id='word_1_555' title='bbox 888 4350 1047 4404; x_wconf 84' lang='grc' dir='ltr'>τοῦτο</span> <span class='ocrx_word' id='word_1_556' title='bbox 1079 4352 1188 4421; x_wconf 83' lang='grc' dir='ltr'><strong>γάρ</strong></span> <span class='ocrx_word' id='word_1_557' title='bbox 1218 4351 1318 4415; x_wconf 81' lang='grc' dir='ltr'>τῆς</span> <span class='ocrx_word' id='word_1_558' title='bbox 1345 4351 1495 4420; x_wconf 79' lang='grc' dir='ltr'>ἱερᾶς</span> <span class='ocrx_word' id='word_1_559' title='bbox 1526 4352 1687 4419; x_wconf 77' lang='grc' dir='ltr'>ἔργον</span> <span class='ocrx_word' id='word_1_560' title='bbox 1712 4352 1921 4421; x_wconf 80' lang='grc' dir='ltr'>τραπέο</span> 
     </span>
    </p>
   </div>
   <div class='ocr_carea' id='block_1_74' title="bbox 2098 3161 3592 3234">
    <p class='ocr_par' dir='ltr' id='par_1_74' title="bbox 2098 3161 3592 3234">
     <span class='ocr_line' id='line_1_74' title="bbox 2098 3161 3592 3234; baseline -0.001 -15"><span class='ocrx_word' id='word_1_561' title='bbox 2098 3164 2283 3234; x_wconf 86' lang='lat' dir='ltr'><strong>ltaque</strong></span> <span class='ocrx_word' id='word_1_562' title='bbox 2314 3164 2361 3218; x_wconf 89' lang='lat' dir='ltr'><strong>si</strong></span> <span class='ocrx_word' id='word_1_563' title='bbox 2400 3177 2594 3217; x_wconf 88' lang='lat' dir='ltr'><strong>nomen</strong></span> <span class='ocrx_word' id='word_1_564' title='bbox 2635 3161 2977 3229; x_wconf 77' lang='lat' dir='ltr'><strong>cognationis</strong></span> <span class='ocrx_word' id='word_1_565' title='bbox 3015 3162 3460 3218; x_wconf 85' lang='lat' dir='ltr'><strong>communionem</strong></span> <span class='ocrx_word' id='word_1_566' title='bbox 3489 3164 3592 3218; x_wconf 90' lang='lat' dir='ltr'><strong>ali-</strong></span> 
     </span>
    </p>
   </div>
   <div class='ocr_carea' id='block_1_75' title="bbox 2026 3253 3589 3325">
    <p class='ocr_par' dir='ltr' id='par_1_75' title="bbox 2026 3253 3589 3325">
     <span class='ocr_line' id='line_1_75' title="bbox 2026 3253 3589 3325; baseline 0 -17"><span class='ocrx_word' id='word_1_567' title='bbox 2026 3270 2189 3325; x_wconf 89' lang='lat' dir='ltr'><strong>quam</strong></span> <span class='ocrx_word' id='word_1_568' title='bbox 2223 3254 2517 3325; x_wconf 79' lang='lat' dir='ltr'><strong>signiﬁcat,</strong></span> <span class='ocrx_word' id='word_1_569' title='bbox 2554 3265 2608 3308; x_wconf 92' lang='lat' dir='ltr'><strong>et</strong></span> <span class='ocrx_word' id='word_1_570' title='bbox 2640 3268 2734 3307; x_wconf 88' lang='lat' dir='ltr'><strong>eos</strong></span> <span class='ocrx_word' id='word_1_571' title='bbox 2776 3253 3003 3317; x_wconf 88' lang='lat' dir='ltr'><strong>indicat,</strong></span> <span class='ocrx_word' id='word_1_572' title='bbox 3038 3254 3255 3324; x_wconf 82' lang='lat' dir='ltr'><strong>Opinor,</strong></span> <span class='ocrx_word' id='word_1_573' title='bbox 3287 3254 3381 3323; x_wconf 87' lang='lat' dir='ltr'><strong>qui</strong></span> <span class='ocrx_word' id='word_1_574' title='bbox 3435 3269 3589 3308; x_wconf 86' lang='lat' dir='ltr'><strong>com-</strong></span> 
     </span>
    </p>
   </div>
   <div class='ocr_carea' id='block_1_76' title="bbox 2028 3344 3593 3414">
    <p class='ocr_par' dir='ltr' id='par_1_76' title="bbox 2028 3344 3593 3414">
     <span class='ocr_line' id='line_1_76' title="bbox 2028 3344 3593 3414; baseline 0 -14"><span class='ocrx_word' id='word_1_575' title='bbox 2028 3346 2289 3400; x_wconf 87' lang='lat' dir='ltr'><strong>munitate</strong></span> <span class='ocrx_word' id='word_1_576' title='bbox 2322 3344 2607 3414; x_wconf 85' lang='lat' dir='ltr'><strong>sanguinis</strong></span> <span class='ocrx_word' id='word_1_577' title='bbox 2664 3345 2904 3413; x_wconf 88' lang='lat' dir='ltr'><strong>copulati</strong></span> <span class='ocrx_word' id='word_1_578' title='bbox 2938 3354 3086 3408; x_wconf 89' lang='lat' dir='ltr'><strong>sunt,</strong></span> <span class='ocrx_word' id='word_1_579' title='bbox 3142 3346 3257 3399; x_wconf 86' lang='lat' dir='ltr'><strong>sola</strong></span> <span class='ocrx_word' id='word_1_580' title='bbox 3316 3346 3420 3399; x_wconf 89' lang='lat' dir='ltr'><strong>erit</strong></span> <span class='ocrx_word' id='word_1_581' title='bbox 3464 3360 3593 3400; x_wconf 81' lang='lat' dir='ltr'><strong>saa-</strong></span> 
     </span>
    </p>
   </div>
   <div class='ocr_carea' id='block_1_77' title="bbox 2026 3436 3592 3509">
    <p class='ocr_par' dir='ltr' id='par_1_77' title="bbox 2026 3436 3592 3509">
     <span class='ocr_line' id='line_1_77' title="bbox 2026 3436 3592 3509; baseline -0.002 -16"><span class='ocrx_word' id='word_1_582' title='bbox 2026 3439 2208 3509; x_wconf 89' lang='lat' dir='ltr'><strong>guinis</strong></span> <span class='ocrx_word' id='word_1_583' title='bbox 2247 3436 2594 3497; x_wconf 88' lang='lat' dir='ltr'><strong>communio.</strong></span> <span class='ocrx_word' id='word_1_584' title='bbox 2626 3437 2740 3491; x_wconf 89' lang='lat' dir='ltr'><strong>sola</strong></span> <span class='ocrx_word' id='word_1_585' title='bbox 2770 3437 3020 3505; x_wconf 80' lang='lat' dir='ltr'><strong>cognatio</strong></span> <span class='ocrx_word' id='word_1_586' title='bbox 3077 3444 3133 3490; x_wconf 85' lang='lat' dir='ltr'><strong>et</strong></span> <span class='ocrx_word' id='word_1_587' title='bbox 3160 3436 3371 3500; x_wconf 83' lang='lat' dir='ltr'><strong>ﬁliatio,</strong></span> <span class='ocrx_word' id='word_1_588' title='bbox 3398 3452 3592 3491; x_wconf 86' lang='lat' dir='ltr'><strong>secun-</strong></span> 
     </span>
    </p>
   </div>
   <div class='ocr_carea' id='block_1_78' title="bbox 2025 3527 3589 3599">
    <p class='ocr_par' dir='ltr' id='par_1_78' title="bbox 2025 3527 3589 3599">
     <span class='ocr_line' id='line_1_78' title="bbox 2025 3527 3589 3599; baseline 0 -16"><span class='ocrx_word' id='word_1_589' title='bbox 2025 3530 2152 3583; x_wconf 91' lang='lat' dir='ltr'><strong>dum</strong></span> <span class='ocrx_word' id='word_1_590' title='bbox 2186 3544 2349 3599; x_wconf 89' lang='lat' dir='ltr'><strong>quam</strong></span> <span class='ocrx_word' id='word_1_591' title='bbox 2389 3543 2514 3584; x_wconf 91' lang='lat' dir='ltr'><strong>cum</strong></span> <span class='ocrx_word' id='word_1_592' title='bbox 2544 3527 2764 3582; x_wconf 90' lang='lat' dir='ltr'><strong>Christo</strong></span> <span class='ocrx_word' id='word_1_593' title='bbox 2796 3528 3289 3582; x_wconf 87' lang='lat' dir='ltr'><strong>communicamus.</strong></span> <span class='ocrx_word' id='word_1_594' title='bbox 3321 3528 3509 3596; x_wconf 84' lang='lat' dir='ltr'><strong>Itaque</strong></span> <span class='ocrx_word' id='word_1_595' title='bbox 3535 3540 3589 3582; x_wconf 88' lang='lat' dir='ltr'><strong>et</strong></span> 
     </span>
    </p>
   </div>
   <div class='ocr_carea' id='block_1_79' title="bbox 2025 3617 3590 3689">
    <p class='ocr_par' dir='ltr' id='par_1_79' title="bbox 2025 3617 3590 3689">
     <span class='ocr_line' id='line_1_79' title="bbox 2025 3617 3590 3689; baseline -0.003 -13"><span class='ocrx_word' id='word_1_596' title='bbox 2025 3621 2289 3676; x_wconf 81' lang='lat' dir='ltr'><strong>naturalis</strong></span> <span class='ocrx_word' id='word_1_597' title='bbox 2323 3619 2600 3689; x_wconf 83' lang='lat' dir='ltr'><strong>generatio</strong></span> <span class='ocrx_word' id='word_1_598' title='bbox 2637 3619 2690 3672; x_wconf 92' lang='lat' dir='ltr'><strong>in</strong></span> <span class='ocrx_word' id='word_1_599' title='bbox 2724 3617 2810 3671; x_wconf 91' lang='lat' dir='ltr'><strong>his</strong></span> <span class='ocrx_word' id='word_1_600' title='bbox 2842 3619 3192 3672; x_wconf 88' lang='lat' dir='ltr'><strong>obscuratur.</strong></span> <span class='ocrx_word' id='word_1_601' title='bbox 3235 3636 3255 3669; x_wconf 86' lang='grc' dir='ltr'><strong>ι</strong></span> <span class='ocrx_word' id='word_1_602' title='bbox 3310 3618 3590 3688; x_wconf 85' lang='lat' dir='ltr'><strong>Quotquot</strong></span> 
     </span>
    </p>
   </div>
   <div class='ocr_carea' id='block_1_80' title="bbox 2027 3708 3587 3779">
    <p class='ocr_par' dir='ltr' id='par_1_80' title="bbox 2027 3708 3587 3779">
     <span class='ocr_line' id='line_1_80' title="bbox 2027 3708 3587 3779; baseline -0.003 -13"><span class='ocrx_word' id='word_1_603' title='bbox 2027 3724 2205 3766; x_wconf 92' lang='lat' dir='ltr'><strong>autem</strong></span> <span class='ocrx_word' id='word_1_604' title='bbox 2240 3727 2363 3766; x_wconf 88' lang='lat' dir='ltr'><strong>eum</strong></span> <span class='ocrx_word' id='word_1_605' title='bbox 2393 3716 2734 3779; x_wconf 86' lang='lat' dir='ltr'><strong>receperunt,</strong></span> <span class='ocrx_word' id='word_1_606' title='bbox 2766 3709 2958 3779; x_wconf 85' lang='lat' dir='ltr'><strong>inquit,</strong></span> <span class='ocrx_word' id='word_1_607' title='bbox 2991 3709 3139 3763; x_wconf 88' lang='lat' dir='ltr'><strong>dedit</strong></span> <span class='ocrx_word' id='word_1_608' title='bbox 3157 3708 3236 3762; x_wconf 91' lang='lat' dir='ltr'><strong>eis</strong></span> <span class='ocrx_word' id='word_1_609' title='bbox 3266 3719 3587 3777; x_wconf 81' lang='lat' dir='ltr'><strong>potestatem</strong></span> 
     </span>
    </p>
   </div>
   <div class='ocr_carea' id='block_1_81' title="bbox 2026 3799 3586 3869">
    <p class='ocr_par' dir='ltr' id='par_1_81' title="bbox 2026 3799 3586 3869">
     <span class='ocr_line' id='line_1_81' title="bbox 2026 3799 3586 3869; baseline -0.002 -12"><span class='ocrx_word' id='word_1_610' title='bbox 2026 3803 2167 3857; x_wconf 85' lang='lat' dir='ltr'><strong>ﬁlios</strong></span> <span class='ocrx_word' id='word_1_611' title='bbox 2210 3804 2298 3857; x_wconf 90' lang='lat' dir='ltr'><strong>Dei</strong></span> <span class='ocrx_word' id='word_1_612' title='bbox 2327 3802 2441 3855; x_wconf 80' lang='lat' dir='ltr'><strong>ﬂeri</strong></span> <span class='ocrx_word' id='word_1_613' title='bbox 2472 3802 2538 3854; x_wconf 75' lang='lat'><strong>“.</strong></span> <span class='ocrx_word' id='word_1_614' title='bbox 2579 3819 2599 3853; x_wconf 70' lang='grc' dir='ltr'><strong>ι</strong></span> <span class='ocrx_word' id='word_1_615' title='bbox 2635 3799 2752 3854; x_wconf 86' lang='lat' dir='ltr'><strong>Non</strong></span> <span class='ocrx_word' id='word_1_616' title='bbox 2795 3811 2926 3855; x_wconf 85' lang='lat' dir='ltr'><strong>sunt</strong></span> <span class='ocrx_word' id='word_1_617' title='bbox 2960 3801 3072 3854; x_wconf 82' lang='lat' dir='ltr'><strong>nati</strong></span> <span class='ocrx_word' id='word_1_618' title='bbox 3095 3816 3160 3854; x_wconf 75' lang='lat' dir='ltr'><strong>ex</strong></span> <span class='ocrx_word' id='word_1_619' title='bbox 3202 3801 3586 3869; x_wconf 87' lang='lat' dir='ltr'><strong>sanguinihus,</strong></span> 
     </span>
    </p>
   </div>
   <div class='ocr_carea' id='block_1_82' title="bbox 2027 3892 3586 3962">
    <p class='ocr_par' dir='ltr' id='par_1_82' title="bbox 2027 3892 3586 3962">
     <span class='ocr_line' id='line_1_82' title="bbox 2027 3892 3586 3962; baseline -0.002 -14"><span class='ocrx_word' id='word_1_620' title='bbox 2027 3894 2240 3948; x_wconf 85' lang='lat' dir='ltr'><strong>tametsi</strong></span> <span class='ocrx_word' id='word_1_621' title='bbox 2269 3894 2379 3946; x_wconf 84' lang='lat' dir='ltr'><strong>nati</strong></span> <span class='ocrx_word' id='word_1_622' title='bbox 2409 3901 2557 3957; x_wconf 88' lang='lat' dir='ltr'><strong>sunt,</strong></span> <span class='ocrx_word' id='word_1_623' title='bbox 2584 3901 2636 3945; x_wconf 87' lang='lat' dir='ltr'><strong>et</strong></span> <span class='ocrx_word' id='word_1_624' title='bbox 2684 3892 2777 3962; x_wconf 90' lang='lat' dir='ltr'><strong>qui</strong></span> <span class='ocrx_word' id='word_1_625' title='bbox 2846 3906 2941 3945; x_wconf 91' lang='lat' dir='ltr'><strong>eos</strong></span> <span class='ocrx_word' id='word_1_626' title='bbox 2991 3901 3313 3959; x_wconf 90' lang='lat' dir='ltr'><strong>genuerunt,</strong></span> <span class='ocrx_word' id='word_1_627' title='bbox 3369 3908 3586 3951; x_wconf 87' lang='lat' dir='ltr'><strong>carnem</strong></span> 
     </span>
    </p>
   </div>
   <div class='ocr_carea' id='block_1_83' title="bbox 2025 3984 3570 4053">
    <p class='ocr_par' dir='ltr' id='par_1_83' title="bbox 2025 3984 3570 4053">
     <span class='ocr_line' id='line_1_83' title="bbox 2025 3984 3570 4053; baseline -0.003 -12"><span class='ocrx_word' id='word_1_628' title='bbox 2025 3986 2196 4041; x_wconf 91' lang='lat' dir='ltr'><strong>induti</strong></span> <span class='ocrx_word' id='word_1_629' title='bbox 2230 3985 2466 4045; x_wconf 83' lang='lat' dir='ltr'><strong>fuerunt.</strong></span> <span class='ocrx_word' id='word_1_630' title='bbox 2498 3993 2550 4038; x_wconf 87' lang='lat' dir='ltr'><strong>et</strong></span> <span class='ocrx_word' id='word_1_631' title='bbox 2570 3994 2756 4053; x_wconf 90' lang='lat' dir='ltr'><strong>partus</strong></span> <span class='ocrx_word' id='word_1_632' title='bbox 2789 3984 2879 4039; x_wconf 91' lang='lat' dir='ltr'><strong>ille</strong></span> <span class='ocrx_word' id='word_1_633' title='bbox 2936 3984 3081 4040; x_wconf 88' lang='lat' dir='ltr'><strong>hunc</strong></span> <span class='ocrx_word' id='word_1_634' title='bbox 3143 3984 3437 4053; x_wconf 64' lang='lat' dir='ltr'><strong>praecessit.</strong></span> <span class='ocrx_word' id='word_1_635' title='bbox 3465 3985 3570 4038; x_wconf 87' lang='lat' dir='ltr'><strong>Sed</strong></span> 
     </span>
    </p>
   </div>
   <div class='ocr_carea' id='block_1_84' title="bbox 2025 4076 3586 4146">
    <p class='ocr_par' dir='ltr' id='par_1_84' title="bbox 2025 4076 3586 4146">
     <span class='ocr_line' id='line_1_84' title="bbox 2025 4076 3586 4146; baseline 0.001 -16"><span class='ocrx_word' id='word_1_636' title='bbox 2025 4078 2375 4133; x_wconf 81' lang='lat' dir='ltr'><strong>vetustiorem</strong></span> <span class='ocrx_word' id='word_1_637' title='bbox 2411 4078 2684 4131; x_wconf 89' lang='lat' dir='ltr'><strong>recentior</strong></span> <span class='ocrx_word' id='word_1_638' title='bbox 2723 4084 2802 4131; x_wconf 90' lang='lat' dir='ltr'><strong>tot</strong></span> <span class='ocrx_word' id='word_1_639' title='bbox 2832 4076 3079 4146; x_wconf 87' lang='lat' dir='ltr'><strong>partibus</strong></span> <span class='ocrx_word' id='word_1_640' title='bbox 3112 4076 3241 4130; x_wconf 84' lang='lat' dir='ltr'><strong>vicit</strong></span> <span class='ocrx_word' id='word_1_641' title='bbox 3273 4115 3289 4140; x_wconf 87' lang='lat'><strong>,</strong></span> <span class='ocrx_word' id='word_1_642' title='bbox 3332 4086 3389 4131; x_wconf 90' lang='lat' dir='ltr'><strong>ut</strong></span> <span class='ocrx_word' id='word_1_643' title='bbox 3440 4077 3586 4131; x_wconf 87' lang='lat' dir='ltr'><strong>illius</strong></span> 
     </span>
    </p>
   </div>
   <div class='ocr_carea' id='block_1_85' title="bbox 2026 4168 3586 4239">
    <p class='ocr_par' dir='ltr' id='par_1_85' title="bbox 2026 4168 3586 4239">
     <span class='ocr_line' id='line_1_85' title="bbox 2026 4168 3586 4239; baseline -0.001 -15"><span class='ocrx_word' id='word_1_644' title='bbox 2026 4184 2198 4237; x_wconf 89' lang='lat' dir='ltr'><strong>neque</strong></span> <span class='ocrx_word' id='word_1_645' title='bbox 2233 4168 2534 4239; x_wconf 82' lang='lat' dir='ltr'><strong>vestigium.</strong></span> <span class='ocrx_word' id='word_1_646' title='bbox 2576 4182 2752 4237; x_wconf 90' lang='lat' dir='ltr'><strong>neque</strong></span> <span class='ocrx_word' id='word_1_647' title='bbox 2775 4182 2969 4221; x_wconf 89' lang='lat' dir='ltr'><strong>nomen</strong></span> <span class='ocrx_word' id='word_1_648' title='bbox 3000 4168 3256 4237; x_wconf 88' lang='lat' dir='ltr'><strong>supersit.</strong></span> <span class='ocrx_word' id='word_1_649' title='bbox 3288 4168 3351 4221; x_wconf 85' lang='lat' dir='ltr'><strong>Et</strong></span> <span class='ocrx_word' id='word_1_650' title='bbox 3394 4169 3465 4221; x_wconf 88' lang='lat' dir='ltr'><strong>ita</strong></span> <span class='ocrx_word' id='word_1_651' title='bbox 3497 4184 3586 4222; x_wconf 84' lang='lat' dir='ltr'><strong>sa-</strong></span> 
     </span>
    </p>
   </div>
   <div class='ocr_carea' id='block_1_86' title="bbox 2024 4258 3584 4330">
    <p class='ocr_par' dir='ltr' id='par_1_86' title="bbox 2024 4258 3584 4330">
     <span class='ocr_line' id='line_1_86' title="bbox 2024 4258 3584 4330; baseline -0.002 -13"><span class='ocrx_word' id='word_1_652' title='bbox 2024 4277 2114 4317; x_wconf 80' lang='lat' dir='ltr'><strong>Cer</strong></span> <span class='ocrx_word' id='word_1_653' title='bbox 2147 4261 2300 4330; x_wconf 87' lang='lat' dir='ltr'><strong>panis</strong></span> <span class='ocrx_word' id='word_1_654' title='bbox 2326 4274 2524 4313; x_wconf 86' lang='lat' dir='ltr'><strong>novum</strong></span> <span class='ocrx_word' id='word_1_655' title='bbox 2563 4259 2837 4313; x_wconf 86' lang='lat' dir='ltr'><strong>hominem</strong></span> <span class='ocrx_word' id='word_1_656' title='bbox 2900 4258 3274 4321; x_wconf 83' lang='lat' dir='ltr'><strong>introducens,</strong></span> <span class='ocrx_word' id='word_1_657' title='bbox 3325 4258 3584 4314; x_wconf 90' lang='lat' dir='ltr'><strong>radicitus</strong></span> 
     </span>
    </p>
   </div>
   <div class='ocr_carea' id='block_1_87' title="bbox 2024 4349 3585 4418">
    <p class='ocr_par' dir='ltr' id='par_1_87' title="bbox 2024 4349 3585 4418">
     <span class='ocr_line' id='line_1_87' title="bbox 2024 4349 3585 4418; baseline -0.001 -14"><span class='ocrx_word' id='word_1_658' title='bbox 2024 4360 2259 4406; x_wconf 88' lang='lat' dir='ltr'><strong>veterem</strong></span> <span class='ocrx_word' id='word_1_659' title='bbox 2296 4351 2486 4417; x_wconf 75' lang='lat' dir='ltr'><strong>eiicit;</strong></span> <span class='ocrx_word' id='word_1_660' title='bbox 2520 4365 2644 4403; x_wconf 88' lang='lat' dir='ltr'><strong>nam</strong></span> <span class='ocrx_word' id='word_1_661' title='bbox 2677 4359 2730 4403; x_wconf 92' lang='lat' dir='ltr'><strong>et</strong></span> <span class='ocrx_word' id='word_1_662' title='bbox 2762 4349 2903 4402; x_wconf 90' lang='lat' dir='ltr'><strong>istuc</strong></span> <span class='ocrx_word' id='word_1_663' title='bbox 2934 4363 3105 4402; x_wconf 63' lang='lat' dir='ltr'><strong>sacrae</strong></span> <span class='ocrx_word' id='word_1_664' title='bbox 3154 4363 3356 4402; x_wconf 68' lang='lat' dir='ltr'><strong>mensae</strong></span> <span class='ocrx_word' id='word_1_665' title='bbox 3411 4350 3585 4418; x_wconf 80' lang='lat' dir='ltr'><strong>quod-</strong></span> 
     </span>
    </p>
   </div>
   <div class='ocr_carea' id='block_1_88' title="bbox 351 4439 1921 4514">
    <p class='ocr_par' dir='ltr' id='par_1_88' title="bbox 351 4440 1918 4514">
     <span class='ocr_line' id='line_1_88' title="bbox 351 4440 1918 4514; baseline -0.001 -18"><span class='ocrx_word' id='word_1_666' title='bbox 351 4444 460 4512; x_wconf 78' lang='grc' dir='ltr'>ζης</span> <span class='ocrx_word' id='word_1_667' title='bbox 478 4460 489 4474; x_wconf 94' lang='grc'><strong>·</strong></span> <span class='ocrx_word' id='word_1_668' title='bbox 524 4443 571 4495; x_wconf 84' lang='lat' dir='ltr'><strong>oi</strong></span> <span class='ocrx_word' id='word_1_669' title='bbox 595 4444 705 4511; x_wconf 76' lang='grc' dir='ltr'>γὰρ</span> <span class='ocrx_word' id='word_1_670' title='bbox 728 4441 983 4503; x_wconf 83' lang='grc' dir='ltr'>λαϐόντες</span> <span class='ocrx_word' id='word_1_671' title='bbox 1008 4441 1193 4505; x_wconf 79' lang='grc' dir='ltr'>αὑτὸν,</span> <span class='ocrx_word' id='word_1_672' title='bbox 1217 4440 1403 4510; x_wconf 62' lang='grc' dir='ltr'>φησιν,</span> <span class='ocrx_word' id='word_1_673' title='bbox 1422 4442 1522 4494; x_wconf 80' lang='grc' dir='ltr'>οὐκ</span> <span class='ocrx_word' id='word_1_674' title='bbox 1551 4442 1918 4514; x_wconf 77' lang='grc' dir='ltr'>ἐγεννήθησαν</span> 
     </span>
    </p>
   </div>
   <div class='ocr_carea' id='block_1_89' title="bbox 2023 4439 3583 4514">
    <p class='ocr_par' dir='ltr' id='par_1_89' title="bbox 2023 4439 3583 4509">
     <span class='ocr_line' id='line_1_89' title="bbox 2023 4439 3583 4509; baseline 0 -14"><span class='ocrx_word' id='word_1_675' title='bbox 2023 4443 2145 4496; x_wconf 88' lang='lat' dir='ltr'><strong>dam</strong></span> <span class='ocrx_word' id='word_1_676' title='bbox 2210 4457 2408 4495; x_wconf 86' lang='lat' dir='ltr'><strong>munus</strong></span> <span class='ocrx_word' id='word_1_677' title='bbox 2439 4451 2543 4496; x_wconf 90' lang='lat' dir='ltr'><strong>est.</strong></span> <span class='ocrx_word' id='word_1_678' title='bbox 2580 4439 2790 4494; x_wconf 88' lang='lat' dir='ltr'><strong>Etenim</strong></span> <span class='ocrx_word' id='word_1_679' title='bbox 2849 4439 2944 4508; x_wconf 90' lang='lat' dir='ltr'><strong>qui</strong></span> <span class='ocrx_word' id='word_1_680' title='bbox 2974 4450 3292 4509; x_wconf 89' lang='lat' dir='ltr'><strong>receperunt</strong></span> <span class='ocrx_word' id='word_1_681' title='bbox 3318 4456 3463 4503; x_wconf 90' lang='lat' dir='ltr'><strong>eum,</strong></span> <span class='ocrx_word' id='word_1_682' title='bbox 3500 4441 3583 4495; x_wconf 89' lang='lat' dir='ltr'><strong>in-</strong></span> 
     </span>
    </p>
   </div>
   <div class='ocr_carea' id='block_1_90' title="bbox 350 4530 1923 4603">
    <p class='ocr_par' dir='ltr' id='par_1_90' title="bbox 350 4530 1923 4603">
     <span class='ocr_line' id='line_1_90' title="bbox 350 4530 1923 4603; baseline 0 -16"><span class='ocrx_word' id='word_1_683' title='bbox 350 4533 420 4597; x_wconf 75' lang='grc' dir='ltr'><strong>ἑξ</strong></span> <span class='ocrx_word' id='word_1_684' title='bbox 453 4535 506 4586; x_wconf 84' lang='grc' dir='ltr'><strong>αί</strong></span> <span class='ocrx_word' id='word_1_685' title='bbox 516 4533 701 4603; x_wconf 86' lang='grc' dir='ltr'>μάτων</span> <span class='ocrx_word' id='word_1_686' title='bbox 725 4550 739 4565; x_wconf 79' lang='grc'><em>’</em></span> <span class='ocrx_word' id='word_1_687' title='bbox 764 4532 893 4584; x_wconf 88' lang='grc' dir='ltr'>πότε</span> <span class='ocrx_word' id='word_1_688' title='bbox 928 4531 982 4583; x_wconf 76' lang='grc' dir='ltr'><strong>δὲ</strong></span> <span class='ocrx_word' id='word_1_689' title='bbox 1010 4530 1171 4584; x_wconf 77' lang='grc' dir='ltr'>αὑτὸν</span> <span class='ocrx_word' id='word_1_690' title='bbox 1200 4530 1574 4601; x_wconf 87' lang='grc' dir='ltr'>λαμϐάνομεν,</span> <span class='ocrx_word' id='word_1_691' title='bbox 1608 4534 1923 4603; x_wconf 79' lang='grc' dir='ltr'>ὲπιγνῶμεν</span> 
     </span>
    </p>
   </div>
   <div class='ocr_carea' id='block_1_91' title="bbox 345 4616 1917 4694">
    <p class='ocr_par' dir='ltr' id='par_1_91' title="bbox 345 4616 1917 4694">
     <span class='ocr_line' id='line_1_91' title="bbox 345 4616 1917 4694; baseline 0.001 -16"><span class='ocrx_word' id='word_1_692' title='bbox 345 4624 417 4679; x_wconf 82' lang='grc' dir='ltr'>τδ</span> <span class='ocrx_word' id='word_1_693' title='bbox 443 4625 617 4694; x_wconf 73' lang='grc' dir='ltr'>ῥῆμα,</span> <span class='ocrx_word' id='word_1_694' title='bbox 654 4624 750 4676; x_wconf 78' lang='grc' dir='ltr'>καὶ</span> <span class='ocrx_word' id='word_1_695' title='bbox 777 4623 905 4693; x_wconf 80' lang='grc' dir='ltr'>παρ’</span> <span class='ocrx_word' id='word_1_696' title='bbox 936 4616 980 4689; x_wconf 84' lang='grc' dir='ltr'><strong>ᾧ</strong></span> <span class='ocrx_word' id='word_1_697' title='bbox 1009 4622 1119 4676; x_wconf 85' lang='grc' dir='ltr'><strong>τῶν</strong></span> <span class='ocrx_word' id='word_1_698' title='bbox 1149 4624 1465 4693; x_wconf 88' lang='grc' dir='ltr'>μυστηρίων</span> <span class='ocrx_word' id='word_1_699' title='bbox 1493 4624 1709 4693; x_wconf 72' lang='grc' dir='ltr'>εἴρηται</span> <span class='ocrx_word' id='word_1_700' title='bbox 1740 4625 1917 4691; x_wconf 88' lang='grc' dir='ltr'>τοῦτο,</span> 
     </span>
    </p>
   </div>
   <div class='ocr_carea' id='block_1_92' title="bbox 344 4700 1923 4789">
    <p class='ocr_par' dir='ltr' id='par_1_92' title="bbox 344 4700 1923 4789">
     <span class='ocr_line' id='line_1_92' title="bbox 344 4700 1923 4789; baseline -0.001 -15"><span class='ocrx_word' id='word_1_701' title='bbox 344 4722 499 4787; x_wconf 81' lang='grc' dir='ltr'>λέγω</span> <span class='ocrx_word' id='word_1_702' title='bbox 550 4719 616 4788; x_wconf 80' lang='grc' dir='ltr'><strong>δὴ</strong></span> <span class='ocrx_word' id='word_1_703' title='bbox 660 4717 742 4783; x_wconf 86' lang='grc' dir='ltr'><strong>τὺ,</strong></span> <span class='ocrx_word' id='word_1_704' title='bbox 801 4736 820 4770; x_wconf 78' lang='grc' dir='ltr'><strong>ι</strong></span> <span class='ocrx_word' id='word_1_705' title='bbox 888 4717 1134 4771; x_wconf 85' lang='grc' dir='ltr'>Λάϐετε·</span> <span class='ocrx_word' id='word_1_706' title='bbox 1196 4700 1424 4787; x_wconf 46' lang='lat' dir='ltr'><strong>{eam</strong></span> <span class='ocrx_word' id='word_1_707' title='bbox 1462 4719 1594 4789; x_wconf 74' lang='grc' dir='ltr'>γάρ,</span> <span class='ocrx_word' id='word_1_708' title='bbox 1623 4718 1698 4779; x_wconf 73' lang='grc' dir='ltr'>ὡς</span> <span class='ocrx_word' id='word_1_709' title='bbox 1742 4719 1835 4773; x_wconf 61' lang='grc' dir='ltr'><strong>ἰπὶ</strong></span> <span class='ocrx_word' id='word_1_710' title='bbox 1863 4720 1923 4773; x_wconf 77' lang='grc' dir='ltr'>τδ</span> 
     </span>
    </p>
   </div>
   <div class='ocr_carea' id='block_1_93' title="bbox 344 4809 1921 4881">
    <p class='ocr_par' dir='ltr' id='par_1_93' title="bbox 344 4809 1921 4881">
     <span class='ocr_line' id='line_1_93' title="bbox 344 4809 1921 4881; baseline 0 -16"><span class='ocrx_word' id='word_1_711' title='bbox 344 4813 572 4867; x_wconf 84' lang='grc' dir='ltr'>δεῖπνον</span> <span class='ocrx_word' id='word_1_712' title='bbox 634 4809 810 4880; x_wconf 83' lang='grc' dir='ltr'>ταύτῃ</span> <span class='ocrx_word' id='word_1_713' title='bbox 859 4809 1177 4877; x_wconf 87' lang='grc' dir='ltr'>καλούμεθα</span> <span class='ocrx_word' id='word_1_714' title='bbox 1232 4812 1299 4881; x_wconf 77' lang='grc' dir='ltr'>τῇ</span> <span class='ocrx_word' id='word_1_715' title='bbox 1350 4812 1525 4879; x_wconf 82' lang='grc' dir='ltr'>φωνῇ,</span> <span class='ocrx_word' id='word_1_716' title='bbox 1589 4811 1711 4864; x_wconf 83' lang='grc' dir='ltr'>καθ’</span> <span class='ocrx_word' id='word_1_717' title='bbox 1744 4811 1773 4864; x_wconf 83' lang='grc' dir='ltr'><strong>δ</strong></span> <span class='ocrx_word' id='word_1_718' title='bbox 1828 4812 1921 4865; x_wconf 74' lang='grc' dir='ltr'>τὸν</span> 
     </span>
    </p>
   </div>
   <div class='ocr_carea' id='block_1_94' title="bbox 343 4902 1919 4973">
    <p class='ocr_par' dir='ltr' id='par_1_94' title="bbox 343 4902 1919 4973">
     <span class='ocr_line' id='line_1_94' title="bbox 343 4902 1919 4973; baseline -0.001 -16"><span class='ocrx_word' id='word_1_719' title='bbox 343 4902 591 4972; x_wconf 76' lang='grc' dir='ltr'>Χριστὸν</span> <span class='ocrx_word' id='word_1_720' title='bbox 616 4903 711 4956; x_wconf 76' lang='grc' dir='ltr'><strong>καὶ</strong></span> <span class='ocrx_word' id='word_1_721' title='bbox 744 4904 902 4971; x_wconf 83' lang='grc' dir='ltr'>χερσὶ</span> <span class='ocrx_word' id='word_1_722' title='bbox 938 4902 1291 4972; x_wconf 82' lang='grc' dir='ltr'>λαμϐάνομεν</span> <span class='ocrx_word' id='word_1_723' title='bbox 1313 4902 1535 4971; x_wconf 84' lang='grc' dir='ltr'>άληθῶς</span> <span class='ocrx_word' id='word_1_724' title='bbox 1565 4905 1659 4956; x_wconf 72' lang='grc' dir='ltr'>καὶ</span> <span class='ocrx_word' id='word_1_725' title='bbox 1689 4904 1919 4973; x_wconf 86' lang='grc' dir='ltr'>στόματι</span> 
     </span>
    </p>
   </div>
   <div class='ocr_carea' id='block_1_95' title="bbox 345 4993 1921 5064">
    <p class='ocr_par' dir='ltr' id='par_1_95' title="bbox 345 4993 1921 5064">
     <span class='ocr_line' id='line_1_95' title="bbox 345 4993 1921 5064; baseline -0.001 -17"><span class='ocrx_word' id='word_1_726' title='bbox 345 4994 625 5064; x_wconf 83' lang='grc' dir='ltr'>δεχόμεθα</span> <span class='ocrx_word' id='word_1_727' title='bbox 723 4995 818 5046; x_wconf 72' lang='grc' dir='ltr'><strong>καὶ</strong></span> <span class='ocrx_word' id='word_1_728' title='bbox 871 4994 1016 5064; x_wconf 72' lang='grc' dir='ltr'>ψυχῇ</span> <span class='ocrx_word' id='word_1_729' title='bbox 1094 4993 1481 5063; x_wconf 83' lang='grc' dir='ltr'>συμμίγνυμεν</span> <span class='ocrx_word' id='word_1_730' title='bbox 1539 4995 1635 5046; x_wconf 76' lang='grc' dir='ltr'>καὶ</span> <span class='ocrx_word' id='word_1_731' title='bbox 1708 4993 1921 5063; x_wconf 83' lang='grc' dir='ltr'>σώματι</span> 
     </span>
    </p>
   </div>
   <div class='ocr_carea' id='block_1_96' title="bbox 349 5083 1921 5155">
    <p class='ocr_par' dir='ltr' id='par_1_96' title="bbox 349 5083 1921 5155">
     <span class='ocr_line' id='line_1_96' title="bbox 349 5083 1921 5155; baseline -0.002 -18"><span class='ocrx_word' id='word_1_732' title='bbox 349 5085 703 5154; x_wconf 80' lang='grc' dir='ltr'>συνάπτομεν</span> <span class='ocrx_word' id='word_1_733' title='bbox 750 5086 846 5139; x_wconf 80' lang='grc' dir='ltr'>καὶ</span> <span class='ocrx_word' id='word_1_734' title='bbox 885 5085 1163 5155; x_wconf 80' lang='grc' dir='ltr'>κιρνῶμεν</span> <span class='ocrx_word' id='word_1_735' title='bbox 1192 5085 1409 5153; x_wconf 81' lang='grc' dir='ltr'>αἵματι,</span> <span class='ocrx_word' id='word_1_736' title='bbox 1443 5083 1535 5137; x_wconf 73' lang='grc' dir='ltr'><strong>καὶ</strong></span> <span class='ocrx_word' id='word_1_737' title='bbox 1567 5083 1829 5152; x_wconf 83' lang='grc' dir='ltr'>πρόσεστι</span> <span class='ocrx_word' id='word_1_738' title='bbox 1860 5084 1921 5135; x_wconf 82' lang='grc' dir='ltr'>τὸ</span> 
     </span>
    </p>
   </div>
   <div class='ocr_carea' id='block_1_97' title="bbox 348 5174 1921 5247">
    <p class='ocr_par' dir='ltr' id='par_1_97' title="bbox 348 5174 1921 5247">
     <span class='ocr_line' id='line_1_97' title="bbox 348 5174 1921 5247; baseline -0.001 -17"><span class='ocrx_word' id='word_1_739' title='bbox 348 5176 605 5239; x_wconf 85' lang='grc' dir='ltr'>δικαίως.</span> <span class='ocrx_word' id='word_1_740' title='bbox 658 5177 785 5239; x_wconf 80' lang='grc' dir='ltr'>Τοῖς</span> <span class='ocrx_word' id='word_1_741' title='bbox 830 5177 939 5247; x_wconf 80' lang='grc' dir='ltr'><strong>γάρ</strong></span> <span class='ocrx_word' id='word_1_742' title='bbox 972 5176 1112 5228; x_wconf 76' lang='grc' dir='ltr'>οὕτω</span> <span class='ocrx_word' id='word_1_743' title='bbox 1152 5176 1245 5228; x_wconf 82' lang='grc' dir='ltr'>τὸν</span> <span class='ocrx_word' id='word_1_744' title='bbox 1294 5176 1525 5245; x_wconf 83' lang='grc' dir='ltr'>Σωτῆρα</span> <span class='ocrx_word' id='word_1_745' title='bbox 1571 5177 1665 5228; x_wconf 78' lang='grc' dir='ltr'>καὶ</span> <span class='ocrx_word' id='word_1_746' title='bbox 1694 5174 1921 5229; x_wconf 79' lang='grc' dir='ltr'>λαϐοῦσι</span> 
     </span>
    </p>
   </div>
   <div class='ocr_carea' id='block_1_98' title="bbox 350 5268 1921 5340">
    <p class='ocr_par' dir='ltr' id='par_1_98' title="bbox 350 5268 1921 5340">
     <span class='ocr_line' id='line_1_98' title="bbox 350 5268 1921 5340; baseline 0.001 -17"><span class='ocrx_word' id='word_1_747' title='bbox 350 5269 451 5323; x_wconf 76' lang='grc' dir='ltr'>καὶ</span> <span class='ocrx_word' id='word_1_748' title='bbox 487 5268 820 5340; x_wconf 84' lang='grc' dir='ltr'>κατασχοῦσι</span> <span class='ocrx_word' id='word_1_749' title='bbox 843 5268 1120 5333; x_wconf 78' lang='grc' dir='ltr'>διατέλους</span> <span class='ocrx_word' id='word_1_750' title='bbox 1147 5269 1262 5321; x_wconf 77' lang='grc' dir='ltr'>ἐστὶ</span> <span class='ocrx_word' id='word_1_751' title='bbox 1289 5269 1389 5338; x_wconf 83' lang='grc' dir='ltr'>μὲν</span> <span class='ocrx_word' id='word_1_752' title='bbox 1417 5268 1577 5331; x_wconf 80' lang='grc' dir='ltr'>αὐτὸς</span> <span class='ocrx_word' id='word_1_753' title='bbox 1604 5268 1921 5339; x_wconf 74' lang='grc' dir='ltr'>ἁρμόζουσα</span> 
     </span>
    </p>
   </div>
   <div class='ocr_carea' id='block_1_99' title="bbox 346 5359 1920 5432">
    <p class='ocr_par' dir='ltr' id='par_1_99' title="bbox 346 5359 1920 5432">
     <span class='ocr_line' id='line_1_99' title="bbox 346 5359 1920 5432; baseline 0.001 -18"><span class='ocrx_word' id='word_1_754' title='bbox 346 5359 587 5431; x_wconf 78' lang='grc' dir='ltr'>κεφαλή,</span> <span class='ocrx_word' id='word_1_755' title='bbox 622 5360 797 5431; x_wconf 89' lang='grc' dir='ltr'>τούτῳ</span> <span class='ocrx_word' id='word_1_756' title='bbox 836 5361 891 5413; x_wconf 85' lang='grc' dir='ltr'><strong>δὲ</strong></span> <span class='ocrx_word' id='word_1_757' title='bbox 924 5361 1121 5414; x_wconf 73' lang='grc' dir='ltr'>ἐκεῖνον.</span> <span class='ocrx_word' id='word_1_758' title='bbox 1147 5360 1429 5432; x_wconf 85' lang='grc' dir='ltr'>πρέποντα</span> <span class='ocrx_word' id='word_1_759' title='bbox 1463 5360 1631 5431; x_wconf 87' lang='grc' dir='ltr'>μέλη·</span> <span class='ocrx_word' id='word_1_760' title='bbox 1666 5362 1920 5430; x_wconf 87' lang='grc' dir='ltr'>γέννησιν</span> 
     </span>
    </p>
   </div>
   <div class='ocr_carea' id='block_1_100' title="bbox 347 5451 1922 5523">
    <p class='ocr_par' dir='ltr' id='par_1_100' title="bbox 347 5451 1922 5523">
     <span class='ocr_line' id='line_1_100' title="bbox 347 5451 1922 5523; baseline 0.001 -19"><span class='ocrx_word' id='word_1_761' title='bbox 347 5451 409 5505; x_wconf 79' lang='grc' dir='ltr'><strong>δὲ</strong></span> <span class='ocrx_word' id='word_1_762' title='bbox 433 5453 503 5503; x_wconf 82' lang='grc' dir='ltr'><strong>τά</strong></span> <span class='ocrx_word' id='word_1_763' title='bbox 550 5451 685 5522; x_wconf 88' lang='grc' dir='ltr'>μέλη</span> <span class='ocrx_word' id='word_1_764' title='bbox 722 5451 1049 5521; x_wconf 86' lang='grc' dir='ltr'>γεννηθῆναι</span> <span class='ocrx_word' id='word_1_765' title='bbox 1084 5456 1149 5521; x_wconf 72' lang='grc' dir='ltr'>τῇ</span> <span class='ocrx_word' id='word_1_766' title='bbox 1194 5452 1405 5523; x_wconf 86' lang='grc' dir='ltr'>κεφαλῇ</span> <span class='ocrx_word' id='word_1_767' title='bbox 1440 5451 1541 5523; x_wconf 79' lang='grc' dir='ltr'>τὴν</span> <span class='ocrx_word' id='word_1_768' title='bbox 1586 5451 1757 5520; x_wconf 76' lang='grc' dir='ltr'>αὐτὴν</span> <span class='ocrx_word' id='word_1_769' title='bbox 1792 5452 1922 5506; x_wconf 79' lang='grc' dir='ltr'>άκό-</span> 
     </span>
    </p>
   </div>
   <div class='ocr_carea' id='block_1_101' title="bbox 348 5538 1918 5615">
    <p class='ocr_par' dir='ltr' id='par_1_101' title="bbox 348 5538 1918 5615">
     <span class='ocr_line' id='line_1_101' title="bbox 348 5538 1918 5615; baseline 0.001 -20"><span class='ocrx_word' id='word_1_770' title='bbox 348 5542 542 5595; x_wconf 74' lang='grc' dir='ltr'>λουθον</span> <span class='ocrx_word' id='word_1_771' title='bbox 573 5538 659 5612; x_wconf 78' lang='grc' dir='ltr'>ἦν.</span> <span class='ocrx_word' id='word_1_772' title='bbox 695 5544 810 5596; x_wconf 82' lang='grc' dir='ltr'><strong>Οὐκ</strong></span> <span class='ocrx_word' id='word_1_773' title='bbox 839 5542 898 5607; x_wconf 77' lang='grc' dir='ltr'><strong>ἐξ</strong></span> <span class='ocrx_word' id='word_1_774' title='bbox 924 5543 1174 5610; x_wconf 77' lang='grc' dir='ltr'>αἱμάτων</span> <span class='ocrx_word' id='word_1_775' title='bbox 1224 5545 1257 5613; x_wconf 89' lang='grc' dir='ltr'><strong>ή</strong></span> <span class='ocrx_word' id='word_1_776' title='bbox 1300 5545 1433 5615; x_wconf 71' lang='grc' dir='ltr'>σὰρξ</span> <span class='ocrx_word' id='word_1_777' title='bbox 1467 5544 1652 5615; x_wconf 78' lang='grc' dir='ltr'>ἐκείνη</span> <span class='ocrx_word' id='word_1_778' title='bbox 1700 5544 1823 5598; x_wconf 79' lang='grc' dir='ltr'><strong>οὐδὲ</strong></span> <span class='ocrx_word' id='word_1_779' title='bbox 1854 5546 1918 5596; x_wconf 77' lang='grc' dir='ltr'>ὲκ</span> 
     </span>
    </p>
   </div>
   <div class='ocr_carea' id='block_1_102' title="bbox 356 5635 1921 5709">
    <p class='ocr_par' dir='ltr' id='par_1_102' title="bbox 356 5635 1921 5709">
     <span class='ocr_line' id='line_1_102' title="bbox 356 5635 1921 5709; baseline 0 -21"><span class='ocrx_word' id='word_1_780' title='bbox 356 5635 670 5705; x_wconf 85' lang='grc' dir='ltr'>θελήματος</span> <span class='ocrx_word' id='word_1_781' title='bbox 699 5635 899 5706; x_wconf 78' lang='grc' dir='ltr'>σαρκὸς</span> <span class='ocrx_word' id='word_1_782' title='bbox 934 5635 1053 5690; x_wconf 71' lang='grc' dir='ltr'><strong>οὐδὲ</strong></span> <span class='ocrx_word' id='word_1_783' title='bbox 1099 5637 1162 5689; x_wconf 66' lang='grc' dir='ltr'>ἐκ</span> <span class='ocrx_word' id='word_1_784' title='bbox 1210 5636 1520 5707; x_wconf 85' lang='grc' dir='ltr'>θελήματος</span> <span class='ocrx_word' id='word_1_785' title='bbox 1551 5637 1763 5709; x_wconf 70' lang='grc' dir='ltr'>ἀνδρὸς,</span> <span class='ocrx_word' id='word_1_786' title='bbox 1807 5636 1921 5690; x_wconf 79' lang='grc' dir='ltr'>ἀλλ’</span> 
     </span>
    </p>
   </div>
   <div class='ocr_carea' id='block_1_103' title="bbox 430 5808 1627 5875">
    <p class='ocr_par' dir='ltr' id='par_1_103' title="bbox 430 5808 1627 5875">
     <span class='ocr_line' id='line_1_103' title="bbox 430 5808 1627 5875; baseline 0.005 -13"><span class='ocrx_word' id='word_1_787' title='bbox 430 5808 651 5864; x_wconf 82' lang='lat' dir='ltr'><strong>“Joan.</strong></span> <span class='ocrx_word' id='word_1_788' title='bbox 693 5826 731 5875; x_wconf 83' lang='lat' dir='ltr'><strong>l,</strong></span> <span class='ocrx_word' id='word_1_789' title='bbox 780 5810 864 5865; x_wconf 78' lang='lat' dir='ltr'><strong>l2.</strong></span> <span class='ocrx_word' id='word_1_790' title='bbox 940 5812 984 5846; x_wconf 82' lang='lat'>“</span> <span class='ocrx_word' id='word_1_791' title='bbox 1033 5809 1224 5867; x_wconf 78' lang='lat' dir='ltr'><strong>Matth.</strong></span> <span class='ocrx_word' id='word_1_792' title='bbox 1263 5828 1408 5874; x_wconf 80' lang='lat' dir='ltr'><strong>xxvi.</strong></span> <span class='ocrx_word' id='word_1_793' title='bbox 1440 5811 1627 5868; x_wconf 77' lang='lat'><strong>26—27.</strong></span> 
     </span>
    </p>
   </div>
   <div class='ocr_carea' id='block_1_104' title="bbox 2028 4530 3581 4604">
    <p class='ocr_par' dir='ltr' id='par_1_104' title="bbox 2028 4530 3581 4604">
     <span class='ocr_line' id='line_1_104' title="bbox 2028 4530 3581 4604; baseline -0.003 -15"><span class='ocrx_word' id='word_1_794' title='bbox 2028 4535 2164 4604; x_wconf 89' lang='lat' dir='ltr'><strong>quit,</strong></span> <span class='ocrx_word' id='word_1_795' title='bbox 2197 4550 2302 4588; x_wconf 92' lang='lat' dir='ltr'><strong>non</strong></span> <span class='ocrx_word' id='word_1_796' title='bbox 2345 4542 2472 4588; x_wconf 89' lang='lat' dir='ltr'><strong>sunt</strong></span> <span class='ocrx_word' id='word_1_797' title='bbox 2501 4532 2612 4587; x_wconf 89' lang='lat' dir='ltr'><strong>nati</strong></span> <span class='ocrx_word' id='word_1_798' title='bbox 2646 4548 2712 4585; x_wconf 77' lang='lat' dir='ltr'><strong>ex</strong></span> <span class='ocrx_word' id='word_1_799' title='bbox 2749 4531 3127 4600; x_wconf 90' lang='lat' dir='ltr'><strong>sanguiuihus.</strong></span> <span class='ocrx_word' id='word_1_800' title='bbox 3152 4530 3374 4596; x_wconf 85' lang='lat' dir='ltr'><strong>Quoties</strong></span> <span class='ocrx_word' id='word_1_801' title='bbox 3404 4543 3581 4584; x_wconf 84' lang='lat' dir='ltr'><strong>autem</strong></span> 
     </span>
    </p>
   </div>
   <div class='ocr_carea' id='block_1_105' title="bbox 2027 4624 3580 4697">
    <p class='ocr_par' dir='ltr' id='par_1_105' title="bbox 2027 4624 3580 4697">
     <span class='ocr_line' id='line_1_105' title="bbox 2027 4624 3580 4697; baseline -0.003 -17"><span class='ocrx_word' id='word_1_802' title='bbox 2027 4627 2205 4697; x_wconf 91' lang='lat' dir='ltr'><strong>ipsum</strong></span> <span class='ocrx_word' id='word_1_803' title='bbox 2234 4625 2549 4693; x_wconf 84' lang='lat' dir='ltr'><strong>recipimus,</strong></span> <span class='ocrx_word' id='word_1_804' title='bbox 2606 4624 2768 4677; x_wconf 89' lang='lat' dir='ltr'><strong>toties</strong></span> <span class='ocrx_word' id='word_1_805' title='bbox 2813 4624 3039 4677; x_wconf 78' lang='lat' dir='ltr'><strong>verbum</strong></span> <span class='ocrx_word' id='word_1_806' title='bbox 3094 4624 3198 4676; x_wconf 91' lang='lat' dir='ltr'><strong>hoc</strong></span> <span class='ocrx_word' id='word_1_807' title='bbox 3235 4626 3580 4690; x_wconf 79' lang='lat' dir='ltr'><strong>experimur;</strong></span> 
     </span>
    </p>
   </div>
   <div class='ocr_carea' id='block_1_106' title="bbox 2024 4714 3575 4786">
    <p class='ocr_par' dir='ltr' id='par_1_106' title="bbox 2024 4714 3575 4786">
     <span class='ocr_line' id='line_1_106' title="bbox 2024 4714 3575 4786; baseline -0.005 -13"><span class='ocrx_word' id='word_1_808' title='bbox 2024 4731 2077 4774; x_wconf 92' lang='lat' dir='ltr'><strong>et</strong></span> <span class='ocrx_word' id='word_1_809' title='bbox 2113 4720 2165 4772; x_wconf 92' lang='lat' dir='ltr'><strong>in</strong></span> <span class='ocrx_word' id='word_1_810' title='bbox 2217 4731 2326 4786; x_wconf 90' lang='lat' dir='ltr'><strong>quo</strong></span> <span class='ocrx_word' id='word_1_811' title='bbox 2362 4715 2622 4786; x_wconf 82' lang='lat' dir='ltr'><strong>mysterio</strong></span> <span class='ocrx_word' id='word_1_812' title='bbox 2662 4714 2864 4768; x_wconf 91' lang='lat' dir='ltr'><strong>dictum</strong></span> <span class='ocrx_word' id='word_1_813' title='bbox 2923 4717 2995 4768; x_wconf 89' lang='lat' dir='ltr'><strong>sit</strong></span> <span class='ocrx_word' id='word_1_814' title='bbox 3051 4714 3174 4776; x_wconf 85' lang='lat' dir='ltr'><strong>hoc,</strong></span> <span class='ocrx_word' id='word_1_815' title='bbox 3209 4733 3228 4765; x_wconf 79' lang='grc' dir='ltr'><strong>ι</strong></span> <span class='ocrx_word' id='word_1_816' title='bbox 3264 4716 3520 4781; x_wconf 81' lang='lat' dir='ltr'><strong>Accipite.</strong></span> <span class='ocrx_word' id='word_1_817' title='bbox 3556 4734 3575 4765; x_wconf 70' lang='grc' dir='ltr'><strong>ι</strong></span> 
     </span>
    </p>
   </div>
   <div class='ocr_carea' id='block_1_107' title="bbox 2025 4806 3584 4879">
    <p class='ocr_par' dir='ltr' id='par_1_107' title="bbox 2025 4806 3584 4879">
     <span class='ocr_line' id='line_1_107' title="bbox 2025 4806 3584 4879; baseline -0.003 -14"><span class='ocrx_word' id='word_1_818' title='bbox 2025 4813 2246 4879; x_wconf 74' lang='lat' dir='ltr'><strong>inquam</strong></span> <span class='ocrx_word' id='word_1_819' title='bbox 2273 4809 2341 4861; x_wconf 80' lang='grc'><strong>⁸⁸.</strong></span> <span class='ocrx_word' id='word_1_820' title='bbox 2375 4806 2599 4861; x_wconf 81' lang='lat' dir='ltr'><strong>Certum</strong></span> <span class='ocrx_word' id='word_1_821' title='bbox 2628 4814 2714 4860; x_wconf 86' lang='lat' dir='ltr'><strong>est</strong></span> <span class='ocrx_word' id='word_1_822' title='bbox 2742 4808 2795 4859; x_wconf 93' lang='lat' dir='ltr'><strong>in</strong></span> <span class='ocrx_word' id='word_1_823' title='bbox 2826 4820 2979 4861; x_wconf 71' lang='lat' dir='ltr'><strong>coena</strong></span> <span class='ocrx_word' id='word_1_824' title='bbox 3016 4820 3113 4859; x_wconf 91' lang='lat' dir='ltr'><strong>nos</strong></span> <span class='ocrx_word' id='word_1_825' title='bbox 3151 4807 3253 4861; x_wconf 88' lang='lat' dir='ltr'><strong>hac</strong></span> <span class='ocrx_word' id='word_1_826' title='bbox 3289 4822 3417 4861; x_wconf 79' lang='lat' dir='ltr'><strong>voce</strong></span> <span class='ocrx_word' id='word_1_827' title='bbox 3446 4808 3584 4860; x_wconf 82' lang='lat' dir='ltr'><strong>invi-</strong></span> 
     </span>
    </p>
   </div>
   <div class='ocr_carea' id='block_1_108' title="bbox 2026 4900 3581 4971">
    <p class='ocr_par' dir='ltr' id='par_1_108' title="bbox 2026 4900 3581 4971">
     <span class='ocr_line' id='line_1_108' title="bbox 2026 4900 3581 4971; baseline -0.002 -13"><span class='ocrx_word' id='word_1_828' title='bbox 2026 4906 2149 4966; x_wconf 90' lang='lat' dir='ltr'><strong>tari,</strong></span> <span class='ocrx_word' id='word_1_829' title='bbox 2184 4904 2237 4956; x_wconf 95' lang='lat' dir='ltr'><strong>in</strong></span> <span class='ocrx_word' id='word_1_830' title='bbox 2277 4917 2381 4971; x_wconf 89' lang='lat' dir='ltr'><strong>qua</strong></span> <span class='ocrx_word' id='word_1_831' title='bbox 2417 4900 2694 4956; x_wconf 87' lang='lat' dir='ltr'><strong>Christum</strong></span> <span class='ocrx_word' id='word_1_832' title='bbox 2725 4908 2781 4953; x_wconf 89' lang='lat' dir='ltr'><strong>et</strong></span> <span class='ocrx_word' id='word_1_833' title='bbox 2812 4900 3065 4953; x_wconf 88' lang='lat' dir='ltr'><strong>manibus</strong></span> <span class='ocrx_word' id='word_1_834' title='bbox 3094 4915 3222 4955; x_wconf 88' lang='lat' dir='ltr'><strong>vere</strong></span> <span class='ocrx_word' id='word_1_835' title='bbox 3260 4902 3581 4969; x_wconf 89' lang='lat' dir='ltr'><strong>accipimus,</strong></span> 
     </span>
    </p>
   </div>
   <div class='ocr_carea' id='block_1_109' title="bbox 2022 4991 3590 5063">
    <p class='ocr_par' dir='ltr' id='par_1_109' title="bbox 2022 4991 3590 5063">
     <span class='ocr_line' id='line_1_109' title="bbox 2022 4991 3590 5063; baseline -0.004 -12"><span class='ocrx_word' id='word_1_836' title='bbox 2022 5008 2074 5051; x_wconf 90' lang='lat' dir='ltr'><strong>et</strong></span> <span class='ocrx_word' id='word_1_837' title='bbox 2102 5010 2196 5050; x_wconf 89' lang='lat' dir='ltr'><strong>ore</strong></span> <span class='ocrx_word' id='word_1_838' title='bbox 2234 4994 2582 5063; x_wconf 88' lang='lat' dir='ltr'><strong>suscipimus,</strong></span> <span class='ocrx_word' id='word_1_839' title='bbox 2606 5000 2661 5047; x_wconf 89' lang='lat' dir='ltr'><strong>et</strong></span> <span class='ocrx_word' id='word_1_840' title='bbox 2691 4992 2888 5045; x_wconf 63' lang='lat' dir='ltr'><strong>animae</strong></span> <span class='ocrx_word' id='word_1_841' title='bbox 2946 4991 3331 5059; x_wconf 85' lang='lat' dir='ltr'><strong>admiscemus,</strong></span> <span class='ocrx_word' id='word_1_842' title='bbox 3361 5002 3415 5045; x_wconf 90' lang='lat' dir='ltr'><strong>et</strong></span> <span class='ocrx_word' id='word_1_843' title='bbox 3466 5009 3590 5047; x_wconf 82' lang='lat' dir='ltr'><strong>cor-</strong></span> 
     </span>
    </p>
   </div>
   <div class='ocr_carea' id='block_1_110' title="bbox 2023 5084 3587 5159">
    <p class='ocr_par' dir='ltr' id='par_1_110' title="bbox 2023 5084 3587 5159">
     <span class='ocr_line' id='line_1_110' title="bbox 2023 5084 3587 5159; baseline -0.004 -16"><span class='ocrx_word' id='word_1_844' title='bbox 2023 5088 2141 5159; x_wconf 88' lang='lat' dir='ltr'><strong>pori</strong></span> <span class='ocrx_word' id='word_1_845' title='bbox 2172 5087 2517 5157; x_wconf 90' lang='lat' dir='ltr'><strong>copulamus,</strong></span> <span class='ocrx_word' id='word_1_846' title='bbox 2551 5095 2605 5141; x_wconf 90' lang='lat' dir='ltr'><strong>et</strong></span> <span class='ocrx_word' id='word_1_847' title='bbox 2641 5085 2894 5154; x_wconf 84' lang='lat' dir='ltr'><strong>sanguini</strong></span> <span class='ocrx_word' id='word_1_848' title='bbox 2928 5084 3325 5155; x_wconf 87' lang='lat' dir='ltr'><strong>immergimus.</strong></span> <span class='ocrx_word' id='word_1_849' title='bbox 3354 5086 3417 5137; x_wconf 85' lang='lat' dir='ltr'><strong>Et</strong></span> <span class='ocrx_word' id='word_1_850' title='bbox 3463 5084 3587 5153; x_wconf 88' lang='lat' dir='ltr'><strong>jure</strong></span> 
     </span>
    </p>
   </div>
   <div class='ocr_carea' id='block_1_111' title="bbox 2025 5176 3583 5251">
    <p class='ocr_par' dir='ltr' id='par_1_111' title="bbox 2025 5176 3583 5251">
     <span class='ocr_line' id='line_1_111' title="bbox 2025 5176 3583 5251; baseline -0.004 -16"><span class='ocrx_word' id='word_1_851' title='bbox 2025 5180 2276 5251; x_wconf 90' lang='lat' dir='ltr'><strong>quidem.</strong></span> <span class='ocrx_word' id='word_1_852' title='bbox 2313 5180 2406 5234; x_wconf 90' lang='lat' dir='ltr'><strong>Sic</strong></span> <span class='ocrx_word' id='word_1_853' title='bbox 2468 5178 2612 5233; x_wconf 90' lang='lat' dir='ltr'><strong>enim</strong></span> <span class='ocrx_word' id='word_1_854' title='bbox 2682 5178 3017 5232; x_wconf 88' lang='lat' dir='ltr'><strong>Salvatorem</strong></span> <span class='ocrx_word' id='word_1_855' title='bbox 3066 5186 3119 5231; x_wconf 90' lang='lat' dir='ltr'><strong>et</strong></span> <span class='ocrx_word' id='word_1_856' title='bbox 3171 5176 3583 5244; x_wconf 88' lang='lat' dir='ltr'><strong>accipientibus,</strong></span> 
     </span>
    </p>
   </div>
   <div class='ocr_carea' id='block_1_112' title="bbox 2023 5270 3587 5341">
    <p class='ocr_par' dir='ltr' id='par_1_112' title="bbox 2023 5270 3587 5341">
     <span class='ocr_line' id='line_1_112' title="bbox 2023 5270 3587 5341; baseline -0.005 -14"><span class='ocrx_word' id='word_1_857' title='bbox 2023 5283 2076 5327; x_wconf 89' lang='lat' dir='ltr'><strong>et</strong></span> <span class='ocrx_word' id='word_1_858' title='bbox 2102 5288 2275 5341; x_wconf 88' lang='lat' dir='ltr'><strong>usque</strong></span> <span class='ocrx_word' id='word_1_859' title='bbox 2299 5272 2363 5325; x_wconf 88' lang='lat' dir='ltr'><strong>ad</strong></span> <span class='ocrx_word' id='word_1_860' title='bbox 2395 5280 2700 5326; x_wconf 74' lang='lat' dir='ltr'><strong>extremum</strong></span> <span class='ocrx_word' id='word_1_861' title='bbox 2720 5270 2843 5325; x_wconf 70' lang='lat' dir='ltr'><strong>vita:</strong></span> <span class='ocrx_word' id='word_1_862' title='bbox 2872 5270 3251 5334; x_wconf 90' lang='lat' dir='ltr'><strong>retinentibus,</strong></span> <span class='ocrx_word' id='word_1_863' title='bbox 3280 5270 3395 5337; x_wconf 87' lang='lat' dir='ltr'><strong>ipse</strong></span> <span class='ocrx_word' id='word_1_864' title='bbox 3425 5276 3587 5334; x_wconf 89' lang='lat' dir='ltr'><strong>caput</strong></span> 
     </span>
    </p>
   </div>
   <div class='ocr_carea' id='block_1_113' title="bbox 2024 5358 3581 5433">
    <p class='ocr_par' dir='ltr' id='par_1_113' title="bbox 2024 5358 3581 5433">
     <span class='ocr_line' id='line_1_113' title="bbox 2024 5358 3581 5433; baseline -0.009 -11"><span class='ocrx_word' id='word_1_865' title='bbox 2024 5366 2277 5421; x_wconf 74' lang='lat' dir='ltr'><strong>idoneum</strong></span> <span class='ocrx_word' id='word_1_866' title='bbox 2306 5375 2361 5419; x_wconf 89' lang='lat' dir='ltr'><strong>et</strong></span> <span class='ocrx_word' id='word_1_867' title='bbox 2388 5364 2715 5420; x_wconf 87' lang='lat' dir='ltr'><strong>conveniens</strong></span> <span class='ocrx_word' id='word_1_868' title='bbox 2744 5370 2848 5427; x_wconf 89' lang='lat' dir='ltr'><strong>est,</strong></span> <span class='ocrx_word' id='word_1_869' title='bbox 2905 5372 2962 5417; x_wconf 87' lang='lat' dir='ltr'><strong>et</strong></span> <span class='ocrx_word' id='word_1_870' title='bbox 3020 5363 3119 5433; x_wconf 89' lang='lat' dir='ltr'><strong>ipsi</strong></span> <span class='ocrx_word' id='word_1_871' title='bbox 3144 5363 3315 5417; x_wconf 89' lang='lat' dir='ltr'><strong>eidem</strong></span> <span class='ocrx_word' id='word_1_872' title='bbox 3341 5358 3581 5412; x_wconf 87' lang='lat' dir='ltr'><strong>membra</strong></span> 
     </span>
    </p>
   </div>
   <div class='ocr_carea' id='block_1_114' title="bbox 2025 5447 3582 5525">
    <p class='ocr_par' dir='ltr' id='par_1_114' title="bbox 2025 5447 3582 5525">
     <span class='ocr_line' id='line_1_114' title="bbox 2025 5447 3582 5525; baseline -0.006 -16"><span class='ocrx_word' id='word_1_873' title='bbox 2025 5458 2269 5513; x_wconf 88' lang='lat' dir='ltr'><strong>decentia</strong></span> <span class='ocrx_word' id='word_1_874' title='bbox 2300 5473 2315 5521; x_wconf 89' lang='lat'><strong>;</strong></span> <span class='ocrx_word' id='word_1_875' title='bbox 2340 5456 2528 5510; x_wconf 89' lang='lat' dir='ltr'><strong>eadem</strong></span> <span class='ocrx_word' id='word_1_876' title='bbox 2553 5464 2731 5509; x_wconf 90' lang='lat' dir='ltr'><strong>autem</strong></span> <span class='ocrx_word' id='word_1_877' title='bbox 2767 5454 3121 5525; x_wconf 83' lang='lat' dir='ltr'><strong>generatione</strong></span> <span class='ocrx_word' id='word_1_878' title='bbox 3150 5453 3389 5506; x_wconf 87' lang='lat' dir='ltr'><strong>membra</strong></span> <span class='ocrx_word' id='word_1_879' title='bbox 3416 5447 3582 5515; x_wconf 87' lang='lat' dir='ltr'><strong>capiti</strong></span> 
     </span>
    </p>
   </div>
   <div class='ocr_carea' id='block_1_115' title="bbox 2026 5539 3584 5617">
    <p class='ocr_par' dir='ltr' id='par_1_115' title="bbox 2026 5539 3584 5617">
     <span class='ocr_line' id='line_1_115' title="bbox 2026 5539 3584 5617; baseline -0.004 -14"><span class='ocrx_word' id='word_1_880' title='bbox 2026 5548 2277 5617; x_wconf 86' lang='lat' dir='ltr'><strong>generari</strong></span> <span class='ocrx_word' id='word_1_881' title='bbox 2335 5562 2549 5615; x_wconf 69' lang='lat' dir='ltr'><strong>a2quum</strong></span> <span class='ocrx_word' id='word_1_882' title='bbox 2608 5556 2746 5601; x_wconf 90' lang='lat' dir='ltr'><strong>erat.</strong></span> <span class='ocrx_word' id='word_1_883' title='bbox 2790 5545 2907 5599; x_wconf 87' lang='lat' dir='ltr'><strong>Non</strong></span> <span class='ocrx_word' id='word_1_884' title='bbox 2967 5546 3110 5600; x_wconf 90' lang='lat' dir='ltr'><strong>enim</strong></span> <span class='ocrx_word' id='word_1_885' title='bbox 3144 5560 3173 5598; x_wconf 93' lang='lat' dir='ltr'><strong>e</strong></span> <span class='ocrx_word' id='word_1_886' title='bbox 3224 5539 3584 5609; x_wconf 83' lang='lat' dir='ltr'><strong>sanguinibus</strong></span> 
     </span>
    </p>
   </div>
   <div class='ocr_carea' id='block_1_116' title="bbox 2030 5634 3586 5708">
    <p class='ocr_par' dir='ltr' id='par_1_116' title="bbox 2030 5634 3586 5708">
     <span class='ocr_line' id='line_1_116' title="bbox 2030 5634 3586 5708; baseline -0.005 -14"><span class='ocrx_word' id='word_1_887' title='bbox 2030 5654 2158 5694; x_wconf 86' lang='lat' dir='ltr'><strong>caro</strong></span> <span class='ocrx_word' id='word_1_888' title='bbox 2188 5638 2309 5702; x_wconf 88' lang='lat' dir='ltr'><strong>illa,</strong></span> <span class='ocrx_word' id='word_1_889' title='bbox 2346 5651 2519 5708; x_wconf 88' lang='lat' dir='ltr'><strong>neque</strong></span> <span class='ocrx_word' id='word_1_890' title='bbox 2556 5651 2621 5691; x_wconf 81' lang='lat' dir='ltr'><strong>ex</strong></span> <span class='ocrx_word' id='word_1_891' title='bbox 2652 5636 2929 5693; x_wconf 80' lang='lat' dir='ltr'><strong>voluntate</strong></span> <span class='ocrx_word' id='word_1_892' title='bbox 2962 5634 3167 5698; x_wconf 87' lang='lat' dir='ltr'><strong>carnis,</strong></span> <span class='ocrx_word' id='word_1_893' title='bbox 3196 5645 3370 5702; x_wconf 86' lang='lat' dir='ltr'><strong>neque</strong></span> <span class='ocrx_word' id='word_1_894' title='bbox 3395 5646 3464 5686; x_wconf 81' lang='lat' dir='ltr'><strong>ex</strong></span> <span class='ocrx_word' id='word_1_895' title='bbox 3488 5646 3586 5686; x_wconf 81' lang='lat' dir='ltr'><strong>vo-</strong></span> 
     </span>
    </p>
   </div>
  </div>
