3920 6206
483 340 592 407 6‘53

1702 340 2021 414 NICOLAI
2054 341 2439 402 CABASILB

3569 341 3652 406 601

486 466 697 522 luntate
732 461 831 517 viri
857 463 941 526 “;
984 462 1077 516 sed
1111 476 1173 514 ex
1207 459 1316 514 Deo
1352 457 1557 528 Spiritu
1588 468 1781 521 sancto
1813 462 2057 516 exstitit:

2177 459 2231 513 ix
2259 457 2396 512 Θεοῦ
2431 457 2526 510 τοῦ
2556 456 2716 524 ἀγίου
2759 454 3075 524 Πνεύματος
3100 466 3116 484 ο
3166 472 3187 506 ι
3249 452 3320 506 τδ
3344 453 3441 526 γὰρ
3470 454 3519 508 ἐν
3544 457 3656 524 αὐτῇ

494 577 516 613 ς
559 554 710 622 Quod
751 554 894 607 enim
932 552 983 604 iu
1011 567 1072 603 i-a
1107 560 1291 605 natum
1347 559 1451 613 est,
1511 552 1705 620 inquit,
1738 553 1804 608 de
1855 552 2060 622 Spiritu

488 661 681 706 sancto
738 654 819 700 est
872 644 935 696 ⁸⁷.
971 661 989 694 ι
1030 642 1091 694 Et
1161 640 1403 696 membra
1484 642 1591 697 isto
1665 645 1827 698 modo
1910 644 2061 698 nasci

490 748 911 797 consentaneum
941 742 1024 789 est
1051 774 1066 796 ,
1112 736 1549 804 quandoquidem
1591 747 1643 790 et
1698 736 1814 804 ipsa
1872 736 2064 805 capitis

491 829 765 901 generatio
798 828 1078 881 beatorum
1111 830 1335 881 istorum
1373 829 1738 883 membrorum
1784 830 2064 898 generatio

490 931 592 975 est.
626 919 739 973 Hoc
768 918 909 971 enim
943 927 1024 972 est
1050 921 1350 973 constituta
1411 934 1529 974 esse
1578 922 1840 983 membra,
1876 928 2063 976 natum

492 1027 615 1066 esse
638 1020 821 1079 caput.
855 1010 1009 1075 Quod
1041 1010 1089 1063 si
1122 1011 1286 1064 etiam
1340 1013 1537 1081 cuique
1576 1013 1907 1081 principium
1943 1015 2066 1068 vitae

492 1113 575 1156 est
599 1104 900 1172 generatio,
926 1111 979 1155 et
1009 1104 1172 1155 vitam
1221 1102 1530 1163 inchoasse.
1561 1112 1646 1158 est
1702 1114 1887 1159 natum
1922 1120 2062 1171 esse,

495 1194 755 1257 quoniam
781 1194 893 1247 vita
929 1195 1029 1263 ipsi
1060 1195 1451 1249 adltaarentium
1487 1194 1743 1250 Christus
1800 1207 1905 1259 est,
1963 1196 2065 1266 ipsi

493 1287 711 1341 Christo
740 1285 908 1339 vitam
952 1286 1095 1339 hanc
1127 1285 1397 1356 ingresso,
1454 1297 1693 1357 natoque
1744 1292 1858 1344 nati
1914 1300 2066 1346 sunt.

496 1378 699 1432 Tantus
729 1377 993 1430 bonorum
1029 1392 1255 1432 acervus
1278 1393 1308 1431 e
1335 1392 1491 1434 sacra
1522 1396 1708 1435 mensa
1764 1381 1927 1437 nobis
1969 1397 2067 1437 ex-

496 1483 548 1522 οι
567 1466 697 1523 itur.
722 1470 760 1521 A
795 1482 952 1536 poena
996 1468 1208 1531 liberat,
1238 1467 1498 1537 pudorem
1549 1486 1615 1525 ex
1643 1479 1863 1540 peccato
1886 1472 2067 1527 orien-

498 1570 604 1614 tem
634 1561 852 1625 exterit,
888 1562 1349 1630 pulchritudinem
1389 1574 1624 1632 reparat,
1680 1564 1908 1619 Christo
1963 1566 2068 1635 ipsi

497 1650 705 1704 arctius
732 1650 924 1721 alligat
970 1667 1133 1721 quam
1167 1651 1439 1708 naturalia
1473 1653 1686 1709 vincula
1720 1664 1925 1725 queant
1948 1657 2068 1711 alli-

496 1756 658 1807 gare;
691 1751 751 1797 ut
776 1744 939 1797 simul
969 1753 1022 1799 et
1083 1743 1252 1799 semel
1301 1744 1503 1810 dicam,
1559 1746 1757 1814 quovis
1809 1749 2071 1818 mysterio

497 1836 861 1892 excellentius
893 1852 1022 1893 vero
1049 1836 1472 1895 Cbristianismo
1495 1838 1767 1907 perfectos
1796 1841 1999 1896 reddit.

572 2010 673 2066 Hic
696 2013 888 2069 multis
919 2015 1068 2069 venit
1097 2015 1152 2070 in
1203 2025 1441 2072 mentem
1478 2018 1743 2074 admirari
1774 2034 1938 2089 super
1968 2021 2075 2076 hoc

501 2113 848 2159 sacramento
904 2106 1200 2173 quomodo,
1264 2123 1388 2163 cum
1425 2108 1496 2163 sit
1555 2109 2073 2167 excellentissimum

497 2196 771 2261 omnium,
817 2197 1046 2267 ipsoque
1102 2199 1371 2269 baptismo
1420 2202 1622 2270 majus,
1658 2202 1714 2256 in
1755 2204 2076 2260 criminibus

503 2294 683 2338 tamen
713 2286 964 2342 eluendis
992 2289 1175 2344 minus
1200 2305 1265 2343 eo
1294 2306 1456 2358 posse
1479 2292 1745 2348 videatur.
1797 2294 1887 2348 Ille
1933 2296 2074 2349 enim

504 2378 639 2430 nihil
662 2378 830 2445 exigit
861 2378 1065 2433 laboris
1090 2397 1105 2446 ;
1133 2382 1236 2436 hoc
1265 2382 1590 2438 antecedere
1624 2384 1838 2440 labores
1859 2386 2076 2442 debent.

504 2470 561 2523 Et
578 2480 927 2541 purgatorum
946 2472 1161 2540 quidem
1182 2473 1277 2536 ibi,
1293 2474 1363 2527 ab
1385 2474 1450 2528 iis
1470 2475 1560 2543 qui
1586 2476 1853 2530 maculam
1873 2478 2077 2532 nullam

503 2578 727 2630 prorsus
773 2573 1187 2628 contraxerunt,
1245 2564 1453 2619 nullum
1512 2576 1594 2623 est
1643 2569 1969 2635 discrimen;
2012 2571 2079 2625 ad

502 2669 713 2708 caenam
739 2664 918 2708 autem
941 2655 1341 2722 ventitantium,
1379 2658 1568 2716 multis
1613 2670 1963 2730 peccatorum
2000 2664 2082 2718 in-

502 2756 631 2800 sunt
656 2748 901 2816 vestigia.
938 2747 1001 2802 Et
1026 2757 1085 2802 ut
1107 2748 1419 2804 distinctius
1445 2749 1768 2821 pleniusque
1812 2756 2079 2821 dicamus,

501 2855 623 2893 cum
658 2840 762 2893 tria
788 2839 889 2893 ista
922 2840 979 2893 in
1009 2842 1250 2909 peccatis
1286 2842 1708 2898 considerantur
1740 2863 1755 2900 :
1808 2848 2082 2914 peccantis

503 2946 752 2998 perversa
793 2932 955 2995 actio,
983 2946 1140 3000 paena
1170 2932 1241 2986 ob
1261 2946 1381 2986 eam
1415 2934 1638 2999 luenda,
1694 2935 1822 2990 inde
1882 2936 2081 3006 injecta

502 3020 698 3073 anima:
724 3012 1075 3087 proclivitas:
1110 3021 1181 3074 ab
1226 3022 1446 3077 actione
1496 3034 1842 3093 peccatorem
1898 3027 2080 3097 ipsum

2165 549 2442 619 γεννηθὲν,
2515 550 2702 617 φησὶν,
2747 549 2813 601 ἐκ
2862 547 3175 615 Πνεύματὸς
3218 546 3356 598 ἐστιν
3425 546 3589 613 ἀγίου·
3637 570 3653 601 ι

2165 642 2312 703 είκὸς
2333 637 2404 707 ἦν
2428 641 2522 695 καὶ
2550 641 2618 693 τὰ
2653 640 2790 709 μέλη
2817 638 3006 691 τοῦτον
3032 637 3347 705 γεννηθῆναι
3369 637 3451 690 τδν
3476 640 3658 706 τρόπον.

2166 731 2301 784 ὅπου
2325 747 2388 799 γε
2411 729 2506 783 καὶ
2528 730 2669 798 αὐτὴ
2692 731 2725 799 ἡ
2748 728 3003 797 γέννησις
3027 727 3123 795 τῆς
3144 726 3373 795 κεφαλῆς
3399 728 3493 779 τῶν
3518 729 3658 795 μελῶν

2165 822 2274 876 τῶν
2307 821 2596 891 μακαρίων
2622 821 2872 890 γέννησις
2904 814 2993 887 ἦν.
3037 817 3204 871 Τοῦτο
3230 817 3333 885 γὰρ
3354 813 3416 887 ἦν
3443 819 3661 887 συστῆναι

2167 914 2237 969 τά
2272 914 2430 983 μέλη,
2466 913 2526 967 τὸ
2560 912 2889 982 γεννηθῆναι
2930 912 3028 980 τὴν
3066 908 3329 977 κεφαλήνο
3364 911 3407 960 εί
3443 909 3494 961 δὲ
3524 911 3601 963 καὶ
3637 912 3662 978 ἡ

2168 1005 2314 1075 ἀρχὴ
2337 1006 2435 1073 τῆς
2465 1004 2611 1074 ζωῆς
2639 1002 2895 1071 γέννησίς
2942 1004 3091 1055 ἐστιν
3126 1000 3349 1070 ἑκάστῳ,
3397 1001 3481 1053 καὶ
3518 1000 3569 1053 τὸ
3594 1002 3669 1068 τὴν

2170 1095 2315 1166 ζωὴν
2354 1094 2649 1166 ἄρξασθαι,
2676 1094 2834 1148 τοῦτό
2866 1096 2980 1147 ἐστι
3017 1090 3355 1163 γεννηθῆναι,
3407 1091 3465 1143 δι’
3497 1084 3559 1144 ὧν
3584 1090 3670 1159 ζωὴ

2169 1188 2277 1243 τῶν
2328 1187 2480 1256 αύτῷ
2535 1186 2951 1257 προσκειμένων
2992 1185 3137 1239 ἐστὶν
3192 1184 3219 1235 ὁ
3263 1181 3499 1251 Χριστὸς,
3551 1183 3673 1235 αὐτοὶ

2169 1281 2521 1349 γεγέννηνται
2550 1277 2644 1335 τοῦ
2680 1279 2918 1347 Χριστοῦ
2949 1276 3040 1328 τὸν
3079 1274 3192 1344 βίον
3228 1272 3407 1327 τοῦτον
3441 1272 3673 1341 είσεληλυο

2173 1373 2324 1437 θότος
2373 1373 2468 1426 καὶ
2516 1370 2889 1441 γεννηθέντος.
2930 1366 3197 1427 Τοσοῦτος
3246 1365 3411 1433 σωρὸς
3436 1366 3552 1435 ἡμῖν
3572 1366 3676 1430 ἀγα-

2174 1464 2282 1517 θῶν
2314 1463 2423 1518 ἀπὸ
2454 1463 2555 1531 τῆς
2584 1462 2736 1531 ἱερᾶς
2774 1460 2983 1529 ἀνίσχει
3013 1458 3312 1528 τραπέζης,
3345 1455 3513 1525 ῥύεται
3536 1454 3674 1523 δίκης,

2174 1555 2527 1626 ἀππρίόεται
2552 1554 2653 1625 τὴν
2676 1554 2783 1608 ἀπὸ
2805 1553 2904 1621 τῆς
2925 1550 3202 1620 ἁμαρτίας
3227 1546 3489 1617 αἰσχύνην,
3516 1547 3679 1600 ἀνακα-

2173 1647 2348 1700 λεῖται
2410 1646 2510 1717 τὴν
2568 1644 2737 1715 ὤραν,
2793 1642 2944 1710 αὐτῷ
2991 1640 3219 1712 προσδεῖ
3257 1637 3331 1707 τῷ
3372 1635 3566 1705 Χριστῷ
3596 1635 3679 1687 τῶν

2175 1737 2423 1806 φυσικῶν
2461 1735 2675 1805 δεσμῶν
2695 1732 3111 1805 ἀκριϐέστερον,
3146 1728 3207 1783 τὸ
3251 1726 3488 1792 καθάπαξ
3524 1726 3678 1790 εἰπεῖν,

2101 1789 2146 1850 Β
2174 1789 2413 1890 τελείους
2472 1789 2617 1881 ποιεῖ
2663 1789 2784 1878 τὸν⁵
2809 1789 3007 1913 ἀληθῆῖ
3044 1789 3681 1891 Χριστιανισμδνντελετῆς

2175 1922 2212 1975 ἁ
2223 1920 2394 1991 πάσης
2422 1920 2581 1987 διαφε
2591 1917 2812 1988 ρόντως.

2259 2011 2524 2065 Ἐνταῦθα
2564 2008 2622 2062 δέ
2649 2007 2775 2078 περὶ
2807 2003 2902 2058 τοῦ
2947 2000 3249 2075 μυστηρίομ
3291 1999 3490 2062 πολλοῖς
3521 1995 3684 2065 ἐπῆλθε

2179 2104 2503 2174 θαυμάζειν,
2539 2101 2588 2154 εί
2613 2098 2758 2153 οὕτω
2781 2094 3092 2151 τελεώτατα
3115 2094 3328 2150 πάντων
3353 2092 3485 2161 ἔχον,
3506 2087 3617 2159 πρὸς
3640 2085 3687 2137 τὸ

2178 2196 2328 2250 λύειν
2360 2192 2593 2260 εὐθύνης
2623 2189 2717 2244 τοῦ
2755 2187 3136 2260 βαπτίσματος
3169 2185 3370 2238 ἐλάττω
3406 2182 3537 2235 δοκεῖ
3560 2178 3685 2230 δύνα-

2179 2288 2304 2341 σθαι
2336 2282 2519 2354 μεῖξον
2553 2280 2614 2334 δν
2635 2295 2648 2309 ’
2679 2279 2856 2332 ἐκεῖνο
2886 2276 2983 2347 μὲν
3012 2276 3131 2345 γὰρ
3157 2273 3307 2327 οὐδὲν
3335 2268 3614 2330 πονοῦντας,
3642 2264 3687 2316 τὸ

2176 2377 2235 2430 δὲ
2264 2376 2440 2429 πόνων
2467 2368 2858 2441 ἡγησαμένων.
2885 2366 2998 2421 Καὶ
3029 2364 3143 2418 τῶν
3178 2364 3274 2435 μὲν
3304 2363 3413 2414 ἐκεῖ
3439 2356 3686 2426 καθαρθέν-

2179 2484 2289 2522 των
2327 2467 2464 2535 πρδς
2502 2463 2629 2526 τοὺς
2666 2460 2803 2531 μηδὲ
2831 2457 2931 2528 τὴν
2962 2457 3143 2526 ἀρχὴν
3195 2453 3455 2526 μολυσμὸν
3494 2447 3684 2503 ὁντινοῦν

2178 2560 2504 2629 δεξαμένους
2530 2552 2761 2624 οὐδεμία
2784 2548 3038 2620 διαφορὰ,
3075 2548 3186 2601 τῶν
3212 2547 3269 2600 δὲ
3299 2547 3386 2599 ἐπὶ
3412 2541 3496 2597 τοῦ
3519 2542 3684 2593 δείπνου

2182 2652 2395 2713 πολλοῖς
2414 2648 2524 2705 τῶν
2540 2642 2951 2718 ἡμαρτημένων
2967 2640 3172 2694 ἔνεισιν
3196 2637 3314 2707 ίχνη
3334 2655 3343 2667 ·
3368 2636 3453 2688 καὶ
3465 2632 3683 2690 διελόντας

2181 2744 2576 2813 ἀκρισέστερον
2602 2739 2799 2795 εἰπεῖν.
2816 2733 3099 2804 τεττάρων
3119 2731 3320 2784 τούτων
3350 2730 3403 2781 ἐν
3430 2729 3527 2786 τοῖς
3551 2726 3688 2813 ἡμαρ-

2181 2811 2434 2903 τημένοις
2462 2811 2874 2900 θεωρουμένων,
2902 2823 2995 2877 τοῦ
3014 2823 3118 2893 τὴν
3148 2819 3415 2890 ἁμαρτίαν
3436 2811 3689 2885 ἐργασαμέ-

2183 2946 2300 2993 νου,
2345 2926 2444 2993 τῆς
2482 2921 2727 2991 πονηρᾶς
2759 2916 3073 2986 ἐνεργείας,
3110 2914 3211 2984 τῆς
3244 2912 3336 2966 ἐπὶ
3368 2909 3524 2979 ταύτῃ
3552 2906 3689 2973 δίκης.

2181 3022 2282 3090 τῆς
2311 3018 2522 3071 ἐκεῖθεν
2551 3012 2859 3080 ἐντεθείσης
2892 3010 2957 3079 τῇ
2980 3007 3130 3077 ψυχῇ
3162 3001 3482 3075 προτροπῆς,
3508 2999 3590 3067 τῆς
3616 2993 3691 3063 μὲν

505 3128 597 3181 per
643 3127 703 3167 se
746 3112 1030 3167 discedere
1052 3122 1288 3182 Oportet,
1309 3090 1559 3185 laetoque
1587 3119 1690 3171 tine
1707 3118 1772 3172 ad
1804 3090 2074 3175 lavacrum

2184 3108 2465 3180 ἐνεργείας
2493 3106 2655 3159 αὐτὸν
2700 3101 2912 3156 οἴκοθεν
2942 3097 3291 3169 ἀπηλλάχθαι
3324 3095 3399 3147 δεῖ
3423 3093 3506 3145 τὸν
3544 3090 3689 3185 εἰργα-

505 3202 721 3269 veuire;
750 3213 946 3262 caetera
975 3203 1281 3271 baptismus
1311 3204 1446 3259 nihil
1497 3221 1773 3275 quoquam
1801 3209 2081 3276 moliente,

505 3294 668 3347 simul
690 3304 746 3349 et
775 3295 985 3350 semele
1012 3295 1193 3349 medio
1250 3296 1411 3357 tollit,
1436 3306 1492 3350 et
1537 3312 1753 3364 pinnam
1811 3300 2086 3369 videlicet,

502 3396 558 3440 et
586 3388 855 3441 morbum.
882 3387 1070 3456 Itaque
1099 3398 1151 3442 et
1174 3388 1354 3457 ipsum
1378 3389 1468 3457 qui
1502 3391 1746 3458 peccavit
1771 3392 2085 3449 interimere

504 3476 909 3546 quodammodo
939 3476 1203 3531 creditur.
1229 3478 1439 3532 Etenim
1473 3479 1631 3547 aquis
1669 3481 2001 3548 immoritur,
2032 3493 2087 3540 et

507 3584 679 3623 novus
708 3568 874 3621 homo
928 3578 1031 3634 est,
1079 3584 1240 3638 quem
1293 3569 1571 3624 lavacrum
1628 3572 1904 3639 producit.
1980 3576 2085 3632 Sa-

505 3674 597 3713 cer
651 3668 832 3714 antem
880 3660 1057 3728 panis,
1131 3675 1294 3728 quem
1352 3671 1610 3717 incestum
1660 3667 1983 3735 acceperit,
2031 3678 2085 3723 et

508 3766 606 3820 pro
638 3766 704 3807 eo
743 3764 808 3806 ac
833 3751 1059 3821 dignum
1093 3759 1180 3807 est
1209 3752 1277 3808 de
1310 3754 1556 3823 peccatis
1585 3755 1880 3820 dolentem,
1911 3775 1942 3813 a
1979 3760 2088 3814 cri-

510 3846 654 3899 mine
687 3844 894 3907 liberat,
927 3845 1121 3911 auimae
1148 3860 1378 3914 pravum
1416 3848 1657 3902 habitum
1691 3849 1910 3906 abolet:
1968 3868 2077 3908 non

507 3946 687 3990 autem
740 3934 964 3999 occidit,
1021 3951 1131 3991 non
1179 3935 1321 3990 enim
1383 3936 1451 3991 de
1518 3937 1731 4009 integro
1785 3941 2082 3998 reformare

510 4027 665 4089 Sulci,
699 4027 918 4092 etjhunc
948 4026 1124 4080 solum
1152 4027 1357 4094 peccati
1394 4027 1691 4083 terminum
1741 4030 2078 4089 immobilem

464 4180 477 4187 _
510 4118 787 4187 relinquit,
818 4126 873 4171 et
895 4132 1118 4172 manere
1146 4118 1298 4178 sinit,
1327 4132 1437 4171 non
1476 4118 1702 4187 quidem
1734 4121 1953 4178 crimini
1978 4126 2078 4179 ob-

510 4214 730 4267 noxium
758 4213 1013 4281 amplius,
1046 4211 1311 4266 audacem
1338 4223 1541 4266 tamen.
1579 4214 1718 4268 Sunt
1747 4231 1911 4283 porro
1979 4221 2074 4288 qui

510 4314 667 4359 notas
692 4304 871 4359 adhuc
902 4303 1080 4357 morbi
1115 4301 1318 4367 ferunt,
1360 4303 1760 4373 vulnerumque
1816 4309 2081 4377 pristino-

510 4411 631 4448 rum
655 4393 958 4454 cicatrices,
986 4393 1030 4446 si
1063 4391 1239 4445 minus
1260 4407 1421 4460 quam
1446 4401 1638 4459 parest
1661 4410 1851 4453 eorum
1885 4414 2084 4455 sanan-

509 4485 702 4539 dorum
741 4482 873 4551 ipsis
895 4497 1024 4535 cura
1072 4479 1251 4545 fuerit,
1309 4490 1365 4536 et
1397 4481 1583 4538 virtuti
1634 4486 1918 4544 medicina:
1975 4507 2085 4546 non

511 4573 770 4642 aequalem
794 4570 986 4626 animae
1018 4570 1461 4640 praeparationem
1477 4572 1785 4642 attulerint;
1809 4585 1863 4632 et
1888 4593 2089 4651 purga-

512 4665 588 4719 tio
608 4664 709 4719 ista
734 4663 1026 4718 liocabilla
1052 4661 1248 4721 differt.
1297 4662 1445 4731 quod
1491 4678 1600 4718 non
1644 4667 1975 4725 mortiﬁcare
2029 4680 2085 4724 et

508 4756 775 4826 reﬁngere
817 4755 1022 4811 dicitur
1077 4764 1440 4823 peccatorem,
1499 4757 1721 4824 etquod
1769 4768 2077 4816 manentem

508 4856 846 4918 peccatorem
881 4861 1005 4900 cum
1033 4854 1227 4915 purget
1269 4846 1677 4911 tantummodo,
1713 4864 1783 4904 ne
1820 4850 1925 4908 hoc
1953 4853 2076 4918 qui-

508 4942 633 4995 dem
664 4939 824 4995 nobis
842 4938 979 4994 citra
1004 4938 1267 4993 laborem.
1293 4934 1418 4993 Haec
1441 4945 1625 4993 autem
1649 4938 1782 4993 nihil
1807 4939 1871 4993 ad
1893 4955 2081 4997 sacra-

511 5041 781 5096 mentum,
815 5026 909 5085 sed
943 5029 1010 5083 ad
1040 5027 1212 5096 ipsam
1234 5026 1311 5081 rei
1356 5036 1606 5087 naturam
1668 5030 1960 5099 pertinent,
2022 5040 2084 5086 ut

506 5124 895 5192 intelligamus,
915 5129 1165 5189 oportere
1197 5117 1521 5173 criminibus
1544 5119 1787 5175 irretitus
1812 5121 1901 5176 hic
1957 5124 2081 5193 qui-

506 5218 629 5271 dem
683 5214 948 5280 initiatos,
981 5208 1338 5266 illic'sacram
1386 5222 1601 5265 caenam
1650 5212 1915 5268 obeuntes
1956 5229 2083 5282 pur-

505 5307 644 5380 gari.

584 5485 647 5540 Et
690 5483 910 5557 quidem
962 5482 1030 5537 de
1084 5481 1366 5537 laboribus
1402 5484 1684 5553 requisitis
1743 5486 1878 5542 illud
1928 5470 2076 5544 dico.

514 5574 824 5641 Baptismus
836 5573 1082 5629 nondum
1102 5571 1389 5638 formatos,
1409 5587 1508 5630 nec
1533 5575 1599 5630 ad
1633 5576 1835 5632 bonum
1857 5594 2078 5635 cursum

591 5753 638 5785 “
676 5753 835 5810 Joan.
860 5756 1012 5819 ι,15.
1086 5757 1135 5829 A"
1176 5755 1372 5816 Matth.
1410 5776 1447 5826 ι,
1480 5755 1571 5811 30.

2186 3205 2385 3273 σμένον
2409 3200 2505 3254 καὶ
2529 3195 2877 3265 πεπαυμένον
2904 3193 2993 3244 ἐπὶ
3022 3190 3083 3243 τὸ
3116 3187 3337 3258 λουτρδν
3377 3186 3539 3254 ἥκειν,
3564 3180 3691 3273 τάλὶα

2183 3272 2240 3349 δέ
2261 3295 2317 3346 τδ
2343 3292 2625 3362 βάπτισμα
2648 3288 2745 3358 μὲν
2767 3284 2924 3338 οὐδὲν
2942 3283 3162 3345 ούδενδς
3184 3272 3692 3362 πραγματευσαμένου

2186 3357 2437 3447 καθάπαξ
2469 3357 2741 3448 ’ἐκήμέσου
2792 3374 2967 3427 πάντα
3002 3374 3169 3435 ποιεί,
3224 3370 3318 3424 καὶ
3352 3367 3441 3436 τὴν
3468 3365 3601 3431 δίκην
3626 3357 3695 3411 καὶ

2182 3480 2283 3546 τὴν
2317 3477 2494 3533 νόσον,
2529 3471 2673 3525 ὥστε
2707 3470 2800 3524 καὶ
2834 3466 2996 3522 αὑτὸν
3032 3464 3284 3535 ἀναιρεῖν
3318 3461 3603 3515 πιστεύεται
3629 3452 3696 3506 τὸν

2183 3566 2565 3641 ἡμαρτηκότα.
2600 3562 2710 3615 Καὶ
2741 3559 2851 3632 γὰρ
2882 3557 3287 3626 ἐναποθνήσκει
3312 3558 3418 3616 τοῖς
3450 3551 3583 3605 ὕδασι
3625 3547 3695 3641 καί

2181 3639 2300 3723 νέος
2325 3661 2406 3721 τίς
2428 3662 2577 3711 ἐστιν
2609 3653 2916 3722 ἄνθρωπος,
2951 3650 3010 3703 ὃν
3036 3650 3329 3702 ἀναδίδωσι
3360 3647 3415 3700 τὸ
3439 3641 3653 3710 λουτρόνσ
3679 3639 3698 3689 ὁ

2181 3755 2236 3809 δέ
2267 3752 2411 3822 lapis;
2460 3749 2648 3816 ἄρτος,
2679 3746 2737 3798 ὃν
2770 3743 2835 3797 ἂν
2882 3742 3178 3811 ηνιαμὲνον
3209 3739 3362 3793 λάϐοι
3398 3739 3483 3788 καὶ
3510 3744 3699 3796 πεπονη-

2179 3844 2335 3908 κότα,
2364 3842 2472 3895 τῶν
2503 3837 2909 3910 ἡμαρτημένων
2941 3833 3111 3897 ἀξίως
3142 3831 3335 3901 ἀφίησι
3374 3830 3466 3898 μὲν
3494 3827 3697 3888 εὐθύνης.

2181 3936 2480 3997 ἀποκλύζει
2502 3932 2559 3986 δέ
2581 3929 2680 4001 τῆς
2706 3927 2947 3999 πονηρᾶς
2968 3923 3139 3989 ἕξεως
3160 3924 3257 3994 τὴν
3279 3922 3467 3991 ψυχὴν,
3493 3912 3699 3970 amna.

2180 4047 2260 4083 νει
2285 4028 2340 4081 δὲ
2384 4023 2655 4092 οὐδαμῶς,
2705 4021 2767 4073 ού
2800 4021 2907 4089 γὰρ
2961 4015 3332 4071 ἀναπλάττειν
3376 4010 3562 4066 ἀςωθεν
3589 4002 3699 4058 οἶδε’

2181 4120 2276 4175 καὶ
2305 4118 2495 4174 τοῦτον
2529 4116 2691 4185 μόνον
2725 4111 2835 4164 τῶν
2871 4110 2971 4179 τῆς
3002 4108 3286 4179 ἁμαρτίας
3320 4108 3456 4175 ὅρων
3484 4100 3698 4167 ἀκίνητον

2181 4210 2500 4266 καταλείπει
2519 4205 2614 4260 καὶ
2633 4204 2820 4275 μένειν
2844 4203 3095 4270 ἀφίησιν,
3117 4200 3416 4253 ὑπεύθυνον
3433 4194 3522 4271 μὲν
3538 4188 3700 4247 οὐκέτι,

2182 4303 2345 4359 αὐτὸν
2370 4300 2427 4355 δέ
2455 4300 2605 4368 ὅμως
2647 4296 2740 4349 τὸν
2768 4292 3063 4363 τολμητὴν.
3096 4292 3220 4346 Εἰσὶ
3250 4289 3306 4343 δὲ
3339 4288 3386 4341 οἳ
3428 4285 3513 4339 καὶ
3540 4281 3701 4352 σημεῖα

2189 4394 2287 4463 τῆς
2318 4388 2629 4463 ἀβρωστίας
2677 4386 2935 4457 φέρουσιν
2982 4382 3064 4435 ἐτι
3092 4384 3189 4435 καὶ
3218 4379 3377 4439 οὐλὰς
3423 4375 3522 4428 τῶν
3560 4370 3703 4468 ’πάλαι

2193 4483 2435 4552 πληγῶν,
2464 4481 2532 4535 ἂν
2555 4471 2719 4551 ἦττον
2747 4475 2781 4547 ἢ
2810 4474 3089 4546 προσῆκον
3132 4468 3203 4542 ἦν
3231 4471 3437 4541 μελήσῃ
3466 4464 3579 4534 περὶ
3621 4464 3705 4510 τῶν

2190 4576 2518 4647 τραυμάτων
2569 4572 2773 4635 αὐτοῖς,
2834 4568 2927 4624 καὶ
2986 4566 3126 4636 πρὸς
3176 4567 3277 4633 τὴν
3322 4561 3411 4616 τοῦ
3458 4554 3704 4647 φαρμάκου

2186 4643 2416 4734 δύναμιν
2454 4663 2554 4717 ούκ
2587 4660 2884 4731 ἐφάμιλλον
2918 4655 3275 4723 είσενέγκωσι
3317 4653 3414 4716 τῆς
3448 4648 3603 4717 ψυχῆς
3630 4643 3705 4709 τὴν

2183 4756 2544 4829 παρασκευήν
2594 4769 2608 4785 ο
2663 4754 2756 4806 καὶ
2787 4754 2885 4820 τῆς
2916 4748 3239 4819 καθάρσεως
3278 4743 3449 4811 τούτῳ
3497 4740 3704 4829 διήνεγκε

2182 4820 2387 4918 ταύτης
2426 4820 2634 4911 ἐκείνη,
2677 4843 2761 4896 ὅτι
2798 4858 2857 4894 τε
2907 4840 3006 4893 οὐκ
3047 4834 3373 4900 ἀποπνίγειν
3410 4820 3704 4926 λέγεταιᾼτδν

2186 4915 2543 5010 ἡμαρτηκότα
2566 4937 2661 4991 καὶ
2683 4933 3068 4996 ἀναπλάττειν,
3090 4929 3187 4981 καὶ
3207 4929 3287 4979 ὅτι
3312 4926 3529 4997 μένοντα
3551 4915 3705 5010 καθαί-

2186 5003 2358 5099 ῥὸυσα
2395 5003 2591 5098 μόνον,
2650 5025 2771 5079 οὐδὲ
2797 5021 2944 5077 τοῦθ’
2979 5021 3110 5091 ἡμῖν
3167 5018 3282 5085 ἔχει
3334 5003 3701 5105 novum-propis.

2185 5097 2369 5177 Ταῦτα
2402 5097 2462 5173 δὲ
2515 5118 2651 5188 πρὸς
2689 5117 2787 5186 μὲν
2836 5113 2936 5182 τὴν
2990 5110 3212 5179 τελετὴν
3269 5106 3437 5166 οὐδὲν,
3494 5097 3702 5196 {tW-£5;

2185 5211 2354 5279 αὐτὴν
2379 5211 2504 5279 ἥκει
2532 5208 2631 5280 τὴν
2659 5206 2821 5277 φύσιν
2846 5205 2942 5257 τοῦ
2968 5201 3293 5272 πράγματος
3320 5195 3410 5248 καὶ
3434 5190 3520 5245 τοῦ
3538 5190 3701 5280 Ᾱχρῆνῖι

2185 5270 2694 5365 τοὺςύςτευθύνους,
2743 5296 2918 5365 ταύτῃ
2957 5270 3053 5364 μέν
3096 5289 3411 5360 λουμένους,
3443 5278 3635 5335 ἐκείνως
3656 5270 3699 5323 δὲ

2186 5392 2535 5455 δειπνοῦντας
2566 5388 2948 5460 καθαίρεσθαι.

2259 5486 2367 5540 Καὶ
2392 5450 2643 5555 περὶνμέν
2677 5450 2769 5535 τού
2808 5477 3010 5532 δεῖσθαι
3041 5475 3218 5528 πόνων
3241 5469 3413 5522 ἐκεῖνο
3454 5460 3600 5555 λέγω.

2192 5539 2477 5647 βάπτισμα
2532 5539 2631 5645 μὲν
2687 5572 2854 5644 μήπω
2902 5567 3202 5628 συστάντας
3251 5552 3548 5629 παραλαὸδν
3584 5539 3694 5615 μηδὲ
