3982 6208
322 372 436 433 (ιοό

1393 376 1489 436 DE
1517 377 1690 435 VlTA
1726 375 1804 433 IN
1847 376 2174 435 CHRISTO
2218 372 2364 436 LIB.
2405 375 2500 434 ιν.

3464 360 3569 425 606

328 491 561 558 δύναμιν
587 491 834 558 ἡντινοῦν
861 491 1229 562 κεκτημένους
1266 494 1407 563 ὑπὲρ
1438 492 1531 544 τοῦ
1561 494 1728 546 καλοῦ
1772 493 1901 563 δρα·-

2005 494 2335 549 currendum
2377 491 2486 545 ulla
2553 488 2754 540 virtute
2812 482 3069 551 praeditos
3114 480 3411 548 accipiens,
3458 496 3567 534 non

333 587 477 653 μεῖν,
499 585 560 636 οὐ
592 585 768 653 μάτην
794 585 949 652 ἡμᾶς
970 585 1143 639 ταῦτα
1166 587 1343 639 πάντα
1373 589 1572 656 προῖκα
1604 588 1897 655 ἐργάζεται

324 680 424 729 καὶ
454 676 625 728 δεῖται
656 676 762 728 τῶν
786 676 917 744 παρ’
940 678 1098 743 ἡμῶν
1111 677 1347 742 οὐδενὸς,
1376 678 1453 738 ώς
1476 677 1543 731 ἂν
1568 679 1899 742 εἰσενεγκεῖν

320 767 657 837 δυναμένων.
728 766 792 820 Ἢ
839 768 1091 835 τράπεζα
1151 769 1209 820 δὲ
1263 771 1593 821 συνεστῶσιν
1654 770 1755 839 ἤδη
1805 772 1898 823 καὶ

321 857 464 922 ζῶσι
490 858 581 911 καὶ
600 857 917 926 δυναμένοις
943 861 1132 927 ἀρκεῖν
1161 861 1295 928 ἡμῖν
1323 860 1505 922 αὐτοῖς
1535 861 1894 930 προκειμένη,

323 948 565 1017 χρῆσθαι
598 952 664 1018 τῇ
698 949 929 1017 δυνάμει
958 952 1186 1026 καὶτοῖς
1206 950 1441 1004 δοθεῖσιν
1464 952 1647 1013 ὅπλοις
1680 953 1894 1020 ἀφίησι,

324 1040 422 1092 καὶ
451 1040 670 1094 διώκειν
691 1041 929 1107 τάγαθὸν
960 1042 1143 1095 οὐκέτι
1164 1043 1560 1112 κομιζομένους
1601 1044 1710 1096 οὐδ’
1743 1044 1898 1097 ἐλκορ

329 1134 553 1201 μένους,
586 1134 701 1187 ἀλλ’
737 1136 934 1197 αὐτοὺς
963 1135 1177 1188 οἴκοθεν
1215 1137 1309 1189 καὶ
1353 1136 1481 1205 παρ’
1508 1137 1664 1206 ήμῶν
1716 1138 1898 1189 αὐτῶν

324 1224 617 1293 ὁρμῶντας
654 1226 750 1279 καὶ
780 1229 1156 1296 κινουμένους,
1188 1230 1263 1289 ὡς
1289 1229 1355 1284 ἂν
1400 1230 1499 1298 ήδη
1530 1230 1743 1298 τρέχειν
1772 1231 1896 1282 ἐπι-

324 1315 652 1381 σταμένους.
684 1316 749 1371 Τί
783 1318 883 1387 μὲν
912 1318 1019 1387 γὰρ
1044 1318 1151 1372 ἔδει
1184 1323 1274 1373 καὶ
1304 1321 1527 1387 ⁴ιιιοιῆσαι
1567 1321 1773 1384 λαϐεῖν,
1814 1316 1896 1383 οἷς

322 1405 429 1458 οὐκ
456 1406 931 1477 ἔδειχρήσασθαις
978 1410 1031 1461 τί
1064 1410 1121 1462 δὲ
1162 1409 1427 1477 ρωννύναι
1481 1411 1575 1461 καὶ
1633 1409 1897 1463 καθοπλί-

324 1494 445 1557 ζειν
468 1496 562 1548 τὸν
590 1498 727 1551 οῖκοι
748 1497 1013 1566 μέλλοντα
1039 1498 1318 1551 καθεύδειν
1351 1516 1366 1565 ;
1399 1500 1457 1551 Ei
1489 1499 1595 1570 γὰρ
1635 1500 1771 1570 μήτε
1796 1502 1896 1571 τὴν

324 1586 505 1657 ἀρχὴν
537 1591 899 1657 γεννωμένοις
934 1587 1061 1658 μήθ’
1098 1588 1323 1659 ὕστερον
1351 1590 1706 1658 καθαίρεσθαι
1774 1591 1897 1661 βου-

322 1678 575 1745 λομένοις
633 1679 863 1748 ἀγώνων
927 1677 997 1751 ἦν
1038 1682 1134 1735 καὶ
1193 1684 1372 1738 πόνων
1400 1684 1612 1753 καιρὸς,
1638 1684 1738 1739 οὒκ
1777 1681 1894 1739 οἶδα

324 1770 449 1822 πότ’
479 1771 545 1823 ἂν
571 1774 702 1840 ἡμῖν
727 1772 913 1835 αὐτοῖς
934 1774 1234 1843 ἐγενόμεθα
1267 1776 1547 1845 χρήσιμοι,
1568 1777 1621 1828 τί
1650 1776 1697 1830 δ’
1727 1775 1793 1829 ἂν
1824 1772 1894 1847 ἦν

322 1860 493 1927 ἔργον
551 1861 838 1930 ἀνθρώπου
894 1864 1004 1915 τῶν
1048 1864 1186 1932 ὑπὲρ
1250 1865 1349 1934 τῆς
1406 1866 1611 1934 ἀρετῆς
1675 1866 1894 1935 δρόμων
1926 1848 1965 1901 Β

324 1952 713 2020 ἀνῃρημένων,
749 1953 949 2022 μᾶλλον
983 1953 1041 2006 δὲ
1064 1955 1116 2008 τί
1148 1957 1330 2025 χεῖρον
1358 1956 1426 2011 ἂν
1454 1951 1523 2026 ἦν
1550 1960 1896 2026 πράγματος,

324 2043 680 2110 πραττόντων
709 2044 808 2113 μὲν
829 2039 903 2097 ὧν
933 2046 1151 2109 ἔπαινός
1181 2050 1327 2101 ἐστιν
1348 2049 1467 2100 οὐδὲ
1517 2048 1596 2111 ἓν,
1652 2048 1789 2117 πρὸς
1842 2050 1899 2102 δὲ

324 2134 389 2184 τὸ
428 2134 659 2203 πονηρὸν
682 2136 899 2204 ἐνεργὸν
935 2137 1165 2205 ἐχόντων
1221 2139 1480 2190 ἑκάστοτε
1525 2138 1626 2209 τὴν
1683 2138 1894 2208 ψυχήν;

327 2226 431 2276 Διά
462 2225 634 2277 ταῦτα
664 2227 827 2280 τόπον
855 2228 1030 2295 ἔργων
1061 2228 1368 2297 ἀνθρώποις
1401 2226 1506 2283 ἐδεί
1540 2230 1901 2299 συγχωρηθῆ-

326 2332 422 2367 ναι
470 2316 559 2367 καὶ
616 2317 804 2384 καιρὸν
834 2317 1081 2383 ἀγώνων,
1136 2317 1198 2372 τό
1240 2335 1302 2384 γε
1354 2318 1582 2382 τελείοις
1637 2319 1899 2388 ἀνδράσιν

323 2400 473 2458 εἶναι
509 2408 657 2478 παρά
689 2408 798 2460 τῶν
835 2411 1158 2478 μυστηρίων
1199 2409 1294 2481 ἢδη
1323 2410 1547 2463 λαὸοὖσι
1592 2411 1688 2463 καὶ
1736 2412 1899 2463 δυναο

328 2501 521 2567 μένοις
544 2501 607 2553 τὸ
625 2504 689 2571 τῇ
722 2501 881 2569 φύσει
914 2505 1189 2572 προσῆκον
1211 2503 1371 2571 ἔργον
1401 2502 1751 2571 ἐργάζεσθαι.
1805 2504 1899 2555 καὶ

323 2593 434 2660 τῆς
470 2594 683 2663 ἡμέρας
712 2597 998 2663 φανείσης,
1030 2596 1098 2665 ἢν
1122 2598 1149 2648 ό
1183 2595 1387 2663 Κύριος
1406 2596 1651 2667 ἐποίησε,
1701 2595 1899 2665 μηκέτι

326 2683 646 2749 καθεύδειν,
678 2686 794 2739 ἀλλ’
829 2688 918 2739 ἐπ’
949 2687 1085 2755 ἔργα
1119 2688 1339 2757 χωρεῖν.
1365 2681 1517 2759 καὶῇ
1546 2704 1678 2755 φησι
1736 2688 1901 2741 Δαὸὶδ

330 2800 350 2830 ι
404 2779 530 2831 Ἐπὶ
560 2779 619 2831 τὸ
640 2781 801 2848 ἔργον
828 2780 996 2833 αὐτοῦ
1028 2783 1121 2833 καὶ
1163 2782 1253 2835 ἐπὶ
1284 2781 1383 2849 τὴν
1412 2780 1677 2848 ἐργασίαν
1728 2778 1898 2832 αὐτοῦ

322 2873 425 2923 τὶν
486 2871 770 2940 ἄνθρωπον
823 2872 1059 2936 ἐξελθεῖν
1119 2873 1223 2935 ἕως
1263 2872 1522 2941 ἑσπέρας.
1554 2890 1573 2924 ι
1636 2871 1900 2941 Καθάπερ

324 2968 441 3031 γὰρ
467 2965 605 3031 μετὰ
643 2965 847 3031 ταύτην
874 2966 971 3034 τήν
992 2968 1205 3036 ἡμέραν
1229 2966 1446 3036 ἔρχεται
1493 2964 1609 3030 νὺξ,
1663 2968 1752 3018 ὅτε
1803 2967 1897 3019 οὐ·

323 3056 445 3117 δαὶς
467 3054 691 3110 δύναται
720 3058 1073 3125 ἐργάζεσθαι,
1108 3058 1250 3111 οὕτω
1277 3060 1369 3112 καὶ
1422 3058 1529 3126 πρὸ
1553 3059 1756 3129 ταύτης
1805 3055 1896 3131 ἦν,

326 3148 422 3199 ὅτε
457 3148 724 3216 παντελὴς
750 3144 815 3218 ἦν
845 3149 939 3202 τοῦ
960 3151 1226 3219 πράττειν
1250 3150 1547 3218 ἀδυναμία,
1576 3156 1671 3204 καὶ
1727 3151 1900 3214 οὐδεὶς
1928 3195 1971 3254 c

328 3239 453 3309 ᾔδει
489 3242 580 3292 ποῖ
602 3239 680 3292 δεῖ
702 3241 955 3306 βαδίζειν,
988 3243 1180 3307 νυκτὸς
1204 3241 1439 3312 ἐχούσης
1491 3242 1571 3295 ἐτι
1620 3242 1720 3310 τὴν
1773 3241 1897 3310 γῆν,

334 3351 352 3380 ι
398 3331 458 3381 ἐν
595 3334 781 3399 φησὶν,
815 3335 842 3385 ό
869 3334 1187 3400 περιπατῶν
1216 3335 1315 3387 οὐκ
1345 3333 1451 3387 οἶδε
1487 3334 1590 3387 ποῦ
1627 3335 1828 3403 ὑπάγει
1850 3352 1894 3387 ἰ

323 3422 427 3475 τοῦ
451 3424 601 3491 ἡλίου
626 3424 683 3477 δὲ
713 3426 1040 3494 ἀνασχόντος
1063 3428 1156 3479 καὶ
1182 3427 1455 3497 πανταχοῦ
1494 3429 1584 3481 διὰ
1622 3428 1744 3481 ⁴τών
1793 3446 1900 3495 μυ-

327 3517 574 3583 στηρὶων
598 3516 699 3585 τῆς
748 3518 971 3578 ἀκτῖνος
1013 3518 1285 3587 χεθείσης,
1353 3521 1567 3591 ἀνάγκη
1627 3521 1900 3590 μηδεμίαν

326 3606 688 3675 ἀνθρωπίνων
743 3608 921 3677 ἔργων
986 3605 1128 3660 εἶναι
1191 3610 1285 3661 καὶ
1348 3610 1529 3663 πόνων
1587 3610 1898 3681 ἀναϐολὴν,

326 3698 473 3752 ἀλλὰ
535 3698 800 3753 σιτεῖσθαι
831 3700 919 3751 τὸν
977 3700 1143 3768 ἄρτον
1206 3699 1397 3752 τοῦτον
1446 3702 1504 3753 ἐν
1564 3701 1750 3769 ἱδρῶτι
1804 3700 1897 3753 τοῦ

329 3792 630 3859 προσώπου
657 3792 746 3843 τὸν
777 3793 1044 3861 ἡμέτερον
1071 3791 1145 3854 ὼς
1186 3792 1329 3861 ὑπὲρ
1381 3793 1542 3861 ἡμῶν
1595 3792 1895 3861 κλώμενον,

326 3884 509 3946 ἄλλως
543 3884 589 3936 θ’
616 3885 699 3936 ὅτι
735 3885 844 3946 τοῖς
882 3884 1118 3949 λογικοῖς
1148 3884 1454 3953 ἀφώρισται
1487 3884 1692 3952 μόνοις,
1732 3886 1824 3937 καὶ
1871 3885 1899 3937 6

328 3978 553 4047 φησινό
581 3977 809 4044 Κύριος,
845 3976 1177 4044 ἐργάζεσθαι
1221 3975 1319 4043 τὴν
1370 3993 1390 4026 ι
1437 3976 1705 4044 μένουσαν
1755 3976 1899 4044 βρώ-

331 4087 442 4134 αιν,
477 4088 497 4121 ι
537 4071 671 4137 ὅπερ
704 4068 822 4119 ἐστὶ
852 4067 1188 4130 κελεύοντος,
1223 4068 1322 4119 οὑκ
1345 4068 1550 4137 ἀργοὺς
1588 4067 1697 4122 οὐδ’
1725 4068 1903 4139 ἀπρά-

326 4178 517 4225 κτους,
568 4160 683 4214 ἀλλ’
739 4159 1140 4229 ἐργαζομένους
1198 4158 1289 4211 ἐπὶ
1345 4159 1408 4211 τὸ
1455 4159 1670 4212 δεῖπνον
1740 4158 1902 4211 τοῦτο

328 4254 556 4323 χωρεῖν.
609 4253 674 4304 El
712 4251 819 4319 γάρ
866 4252 992 4313 τοὺς
1017 4251 1220 4317 ἀργοὺς
1253 4250 1346 4304 καὶ
1375 4252 1475 4319 τῆς
1520 4251 1903 4320 ἀπολλυμένης

2002 594 2207 640 temore
2240 586 2291 638 in
2333 583 2493 637 nobis
2530 583 2641 633 haec
2672 577 2859 633 omnia
2910 574 3082 645 gratis
3112 583 3391 642 operatur.
3437 585 3489 627 et
3541 589 3568 625 a

2001 678 2162 732 nobis
2216 676 2350 729 nihil
2406 673 2653 739 requirit,
2728 678 2915 739 utpote
2967 667 3058 733 qui
3116 666 3371 720 conferre
3430 664 3569 717 nihil

2001 770 2296 839 possimus.
2362 767 2543 822 Mensa
2596 775 2773 819 autem
2816 762 3093 830 proposita
3148 757 3397 812 formatis
3429 758 3566 823 jam,

1999 870 2051 916 et
2100 860 2428 924 viventibus,
2481 870 2536 913 et
2569 856 2875 911 valentibus
2930 855 3087 908 nobis
3138 852 3272 919 ipsis
3323 850 3568 905 suflicere

2000 954 2235 1017 viribus,
2269 952 2517 1019 datisque
2544 953 2714 1005 armis
2742 949 2821 1003 ttti
2867 948 3019 1009 sinit,
3052 955 3107 1001 et
3137 946 3339 999 bonum
3378 956 3566 1011 perse-

1998 1046 2115 1112 qui,
2151 1059 2261 1097 non
2318 1044 2427 1112 jam
2463 1052 2726 1113 portatus,
2767 1056 2946 1109 neque
2981 1047 3208 1097 tractos,
3264 1036 3358 1090 sed
3420 1035 3567 1103 ipsos

1999 1146 2190 1201 sponte
2232 1151 2294 1188 ac
2349 1150 2442 1204 per
2492 1150 2594 1188 nos
2647 1134 2951 1211 concitatos
3010 1140 3176 1199 atque
3234 1138 3564 1189 commotos,

1999 1231 2145 1283 velut
2194 1231 2305 1298 jam
2361 1242 2560 1289 gnaros
2610 1240 2853 1280 currere.
2909 1224 3049 1289 Quid
3098 1223 3242 1275 enim
3299 1220 3568 1274 referebat

2000 1323 2178 1377 facere
2203 1330 2263 1375 ut
2304 1322 2694 1388 acciperemus,
2740 1318 2939 1386 quibus
2968 1315 3232 1370 utendum
3274 1329 3378 1366 non
3417 1310 3569 1364 erat?

1997 1413 2137 1479 Quid
2171 1412 2532 1467 corroborare
2561 1420 2616 1463 et
2662 1425 2876 1463 armare
2912 1407 3056 1463 domi
3086 1403 3486 1459 dormiturum?
3514 1402 3569 1456 Si

1997 1507 2142 1560 enim
2209 1521 2381 1574 neque
2446 1504 2622 1571 primo
2690 1501 3084 1559 nascentibus,
3144 1512 3321 1566 neque
3382 1503 3571 1565 postea

1997 1598 2219 1669 purgari
2252 1595 2563 1650 volentibus
2611 1592 2933 1649 certandum
2968 1601 3022 1646 et
3066 1589 3429 1643 laborandum
3463 1594 3571 1651 est,

1997 1691 2183 1745 nescio
2211 1690 2431 1757 quando
2490 1686 2647 1741 nobis
2703 1685 2837 1754 ipsis
2898 1689 3362 1737 commendemus.
3422 1675 3571 1739 Jam,

1996 1781 2141 1850 quod
2173 1780 2408 1833 hominis
2434 1794 2592 1848 opus,
2618 1778 2669 1833 si
2700 1774 2920 1830 virtutis
2948 1773 3286 1828 curriculum
3317 1769 3575 1823 auferas?

1998 1870 2113 1926 lino
2141 1885 2268 1924 vero
2294 1869 2425 1940 quid
2456 1884 2618 1938 opere
2638 1876 2824 1922 nostro
2854 1865 3118 1927 deterius,
3143 1864 3184 1917 si
3219 1862 3354 1915 nihil
3383 1873 3571 1913 eorum

1996 1978 2119 2032 qum
2152 1962 2447 2015 laudantur
2500 1959 2781 2019 facientes,
2822 1972 2878 2011 tn
2940 1955 3288 2023 improbitate
3336 1952 3573 2005 animam

2002 2052 2350 2107 continenter
2406 2059 2735 2117 occupatam
2775 2044 3113 2100 habeamus?
3171 2047 3360 2111 Itaque
3394 2044 3573 2097 locum

2000 2157 2227 2212 operum
2256 2138 3189 2207 hominibus,opportunitatemque
3211 2133 3574 2187 certaminum

2001 2234 2306 2288 concedere
2352 2233 2659 2301 oportebat,
2717 2231 2808 2298 qui
2845 2228 3066 2298 quidem
3124 2237 3182 2282 nt
3216 2226 3443 2296 perfecti
3476 2224 3576 2279 viri

1999 2336 2210 2388 essent,
2267 2341 2294 2379 a
2359 2325 2639 2395 mysteriis
2675 2323 2785 2392 jam
2821 2323 3184 2390 accepissent,
3242 2329 3576 2387 possemque

2001 2433 2137 2485 Opus
2192 2428 2403 2470 natura:
2444 2416 2785 2471 conveniens
2840 2415 3075 2483 operari,
3109 2422 3163 2467 et
3223 2412 3575 2466 illucescente

2000 2511 2109 2574 die,
2134 2525 2294 2577 quem
2315 2508 2443 2563 fecit
2466 2508 2724 2562 Dominus
2744 2507 2811 2571 “,
2835 2521 2942 2559 non
2975 2506 3215 2559 dormire
3236 2504 3301 2558 de
3331 2512 3531 2557 extero
3556 2518 3572 2558 :

2000 2604 2092 2660 sed
2126 2602 2192 2656 ad
2222 2617 2386 2669 Opera
2425 2600 2770 2661 incumbere,
2800 2606 2855 2652 et
2887 2607 2947 2652 ut
2983 2597 3147 2650 David
3182 2598 3359 2666 inquit
3393 2615 3404 2650 :
3443 2615 3459 2647 ι
3492 2595 3572 2650 Ad

2000 2712 2138 2766 opus
2169 2711 2348 2759 suum,
2399 2702 2454 2748 et
2499 2692 2566 2748 ad
2592 2690 2973 2761 '0perationem
3024 2704 3178 2744 suam
3214 2688 3366 2741 exire
3401 2702 3571 2756 usque

2002 2791 2069 2843 ad
2104 2803 2382 2857 vesperam
2407 2788 2473 2840 θ’.
2516 2804 2534 2837 ι
2573 2784 2729 2839 Sicut
2757 2785 2901 2838 enim
2934 2792 3053 2851 post
3084 2783 3231 2835 hunc
3262 2782 3402 2836 diem
3433 2780 3577 2833 venit

2002 2894 2134 2941 nox,
2169 2878 2387 2946 quando
2435 2891 2595 2930 nemo
2644 2883 2824 2943 potesr
2879 2875 3097 2943 cperari
3127 2874 3197 2937 το,
3235 2870 3314 2925 sic
3350 2880 3408 2924 et
3453 2880 3577 2923 ante

2002 2974 2145 3027 hunc
2180 2971 2322 3025 diem
2358 2984 2466 3023 nox
2504 2976 2649 3028 erat,
2680 2965 2901 3035 quando
2934 2979 3143 3017 summa
3172 2972 3290 3016 erat
3314 2961 3574 3031 Operaudi

2002 3064 2369 3130 imbecillitas,
2440 3071 2494 3116 et
2557 3074 2666 3129 quo
2727 3058 3117 3112 ambulandum
3190 3070 3344 3117 esse,
3415 3070 3578 3107 nemo

2004 3159 2231 3223 sciebat,
2264 3171 2387 3211 cum
2423 3153 2602 3207 adhuc
2654 3166 2761 3205 nox
2799 3158 2972 3204 terras
3030 3156 3259 3211 teneret,
3297 3165 3314 3197 ι
3350 3145 3401 3199 iu
3472 3162 3576 3215 qua

2012 3251 2092 3322 (ut
2124 3260 2206 3306 est
2247 3248 2298 3302 in
2367 3245 2683 3315 Evangelii»)
2725 3244 2816 3313 qtti
2894 3241 3157 3301 ambulat,
3228 3241 3398 3293 nescit
3468 3254 3578 3307 quo

2008 3339 2260 3394 vadat".
2322 3355 2341 3389 ι
2419 3334 2546 3389 Sole
2618 3343 2798 3387 autem
2862 3342 3075 3392 exorto,
3142 3331 3415 3400 radiisque
3485 3345 3579 3397 per

2007 3439 2347 3487 sacramenta
2392 3426 2591 3494 ubique
2619 3422 2852 3486 diffusis,
2910 3421 3113 3475 nullam
3162 3436 3388 3488 operum
3424 3419 3578 3472 labo-

2010 3537 2241 3591 rumque
2273 3520 2638 3574 humanorum
2692 3514 3010 3570 dilationem
3056 3513 3261 3583 perpeti
3311 3527 3407 3581 par
3441 3522 3573 3566 est:

2008 3619 2102 3673 sed
2128 3615 2339 3671 comedi
2376 3631 2568 3684 panem
2600 3614 2746 3667 hunc
2778 3613 2831 3665 in
2864 3611 3062 3665 sudore
3090 3610 3275 3663 vultus
3306 3617 3575 3672 nostrum,

2008 3708 2157 3780 (quia
2186 3723 2281 3774 pro
2312 3705 2467 3759 nobis
2502 3705 2739 3767 factum;
2779 3708 3036 3780 prmterea
3063 3699 3187 3768 quia
3214 3698 3347 3752 solis
3375 3696 3579 3750 ratione

2004 3775 2280 3855 utentibus
2342 3797 2648 3851 destinatus
2710 3775 2835 3862 est),
2876 3791 3098 3860 etquod
3160 3791 3234 3843 ait
3292 3787 3577 3852 Dominus,

2004 3890 2220 3959 operari
2258 3890 2461 3951 cibum,
2494 3887 2584 3956 qui
2616 3882 2968 3953 permanet,"
2989 3903 3004 3939 ;
3026 3880 3167 3950 quod
3200 3890 3287 3933 est
3316 3878 3576 3946 iubentis,

2008 3996 2076 4034 ne
2120 3980 2284 4034 otiosi
2339 3993 2438 4033 nec
2474 3976 2777 4031 inefficaces
2835 3972 2903 4026 ad
2955 3973 3098 4025 hanc
3138 3986 3350 4024 coenam
3384 3970 3576 4025 venia-

2008 4086 2150 4125 mus.
2216 4070 2273 4124 Si
2326 4071 2468 4124 enim
2526 4067 2736 4120 otiosos
2796 4064 2950 4117 Pauli
3017 4062 3098 4116 lex

2008 4163 2315 4217 intereunte
2369 4161 2611 4216 excludit
2665 4162 2724 4231 (ι
2756 4161 2798 4216 si
2844 4160 2968 4227 quis
3000 4160 3248 4213 laborare
3292 4173 3399 4210 non
3439 4157 3576 4218 vult,

2007 4256 2207 4325 inquit,
2264 4271 2365 4310 nec
2398 4256 2799 4323 manducet")
2836 4274 2883 4317 ι,
2936 4254 3138 4322 quibus
3194 4252 3453 4323 operibus
3510 4251 3576 4305 ad

324 4345 613 4415 τραπέζης
672 4346 702 4397 ὁ
746 4343 841 4395 τοῦ
881 4343 1093 4397 Παύλου
1151 4344 1312 4413 νόμος
1342 4345 1546 4411 ἀπάγει
1590 4345 1609 4411 (
1640 4365 1660 4396 ι
1715 4346 1743 4397 ό
1797 4345 1901 4414 γὰρ

2010 4352 2151 4403 hanc
2184 4365 2427 4404 mensam
2458 4351 2637 4405 νοστιῑί
2673 4350 2948 4418 egebuut?

326 4439 524 4508 ἀργὸς,
591 4438 746 4506 φησὶ,
807 4437 939 4505 μηδὲ
1001 4437 1227 4489 ἐσθιέτω
1272 4438 1343 4499 ι),
1396 4436 1894 4507 τίνωνδεήσειτῶν
1922 4435 2098 4508 ἔργων
2152 4444 2266 4503 τοῖς
2326 4443 2417 4496 ἐπί
2480 4442 2684 4511 ταύτην
2717 4443 3073 4510 καλουμένοις
3116 4441 3215 4511 τὴν
3260 4438 3575 4509 τράπεζανς

404 4532 531 4584 Ὅτι
570 4531 667 4598 μὲν
700 4530 793 4581 οὖν
835 4528 1005 4589 οὕτως
1054 4529 1223 4598 ἐχρῆν
1259 4529 1369 4583 τῶν
1414 4531 1579 4597 ίερών
1630 4530 1898 4583 ἅπτεσθαι

2075 4532 2166 4587 Sic
2200 4537 2369 4602 igitur
2397 4551 2553 4591 sacra
2588 4538 2727 4590 dona
2758 4537 3099 4606 attingenda,
3131 4545 3186 4589 et
3214 4536 3285 4589 ob
3320 4534 3421 4587 hoc
3453 4544 3579 4586 ante

322 4626 540 4692 δώρων,
577 4626 669 4677 καὶ
691 4623 879 4675 τούτου
921 4622 1078 4691 χάριν
1118 4622 1224 4691 πρὸ
1273 4621 1373 4690 τῆς
1428 4622 1651 4690 τελετῆς
1698 4624 1901 4679 οἴκοθεν

2014 4633 2418 4679 sacramentum
2462 4641 2557 4694 per
2608 4636 2780 4682 semet
2816 4642 3049 4696 purgare
3082 4642 3140 4680 se
3187 4634 3460 4695 oportere,
3516 4640 3578 4675 ex

324 4717 532 4777 αὐτοὺς
560 4713 921 4784 καθαίρεσθαι
958 4714 1059 4773 δεῖ,
1082 4713 1316 4781 φανερὸν
1344 4715 1406 4764 ἐκ
1428 4713 1538 4765 τῶν
1568 4714 1901 4783 εἰρημένων

324 4812 414 4864 ὅτι
444 4810 501 4862 δὲ
533 4807 693 4861 τοῦτό
718 4811 864 4860 ἐστιν
893 4806 996 4859 οὐκ
1026 4805 1231 4858 ἐλάττω
1257 4806 1418 4874 μόνον
1445 4806 1551 4857 τῶν
1583 4807 1760 4860 ἄλλων
1798 4826 1901 4876 μυ-

327 4900 593 4970 στηρίων,
621 4898 751 4951 ἀλλά
783 4898 872 4949 καὶ
895 4894 1063 4965 μείζω
1102 4895 1423 4963 δυναμένου,
1462 4896 1622 4963 δῆλον
1666 4898 1897 4952 ἐκεῖθεν.

329 4991 565 5061 Πρῶτον
615 4990 714 5057 μέν
745 4990 855 5057 γάρ
886 4988 933 5039 εί
968 4987 1081 5047 τοῖς
1117 4984 1378 5054 βελτίοσιν
1406 4984 1433 5035 ό
1463 4982 1596 5047 Θεὸς
1630 4986 1699 5037 τά
1730 4986 1900 5057 μείζω

324 5083 610 5151 δωρεῖται,
640 5078 698 5142 ὃς
731 5080 825 5130 τὸν
843 5078 990 5130 ἔλεον
1016 5077 1198 5146 ἵστησι
1234 5078 1324 5128 καὶ
1343 5075 1494 5144 ζυγῷ
1519 5093 1646 5137 τινι,
1690 5079 1750 5130 τὸ
1803 5079 1898 5131 τοῦ

327 5175 636 5244 προφήτου.
665 5172 763 5224 καὶ
788 5170 1109 5240 δικαιοσύνῃ
1167 5169 1344 5224 πάντα
1391 5170 1557 5232 ποιεῖ,
1604 5170 1785 5241 πολλῷ
1842 5170 1900 5224 δὲ

326 5265 589 5327 καλλίους
615 5264 761 5332 ἡμᾶς
801 5265 1031 5327 εὐποιεῖ,
1073 5262 1491 5331 τετελεσμένους
1530 5263 1630 5333 ἤδη
1671 5263 1767 5317 καί
1796 5281 1899 5318 που

326 5358 433 5411 καὶ
461 5358 593 5427 περὶ
622 5358 824 5424 ἀρετῆς
846 5356 1318 5424 ἀγωνισαμένους,
1355 5338 1393 5425 ἢν
1428 5354 1565 5424 μηδέ
1595 5356 1695 5423 τὴν
1728 5358 1903 5430 ἀρχὴν

328 5449 719 5515 λουσαμένους,
750 5447 994 5501 λείπεται
1016 5449 1110 5501 καὶ
1138 5447 1237 5517 τὴν
1260 5447 1420 5517 χάριν
1447 5448 1654 5518 ταύτην
1685 5452 1903 5520 ἐκείνης

328 5536 475 5591 εἶναι
536 5537 729 5607 βελτίω
779 5539 876 5593 καὶ
934 5538 1044 5592 τῶν
1096 5539 1370 5610 δευτέρων
1425 5540 1728 5609 ἀμεινόνων
1776 5544 1904 5607 τοὺς

332 5631 720 5701 μεμυημένους
757 5632 1069 5703 τυγχάνειν.
1111 5632 1332 5685 Ἔστιδ’
1357 5633 1533 5686 ἐκεῖνο
1561 5632 1660 5705 μὲν
1698 5634 1758 5687 τὺ
1799 5633 1900 5705 βά-

405 5749 451 5781 ⁶⁸
493 5749 629 5807 Psal.
660 5769 827 5817 cxvn,
890 5754 978 5808 2L
1056 5754 1099 5785 “
1140 5752 1278 5808 Psal.
1313 5770 1428 5819 cnt,
1461 5754 1551 5809 Q3.
1630 5755 1677 5787 ⁷⁰
1721 5752 1877 5811 Joan.

2025 5757 2075 5811 4.
2153 5756 2194 5787 ⁷¹
2224 5754 2485 5815 Ιοευιιιι,
2516 5753 2603 5807 5‘5.

339 5836 423 5888 ιιι,
460 5821 544 5876 lt).
616 5823 663 5856 "
710 5823 810 5879 lsa.
854 5839 1039 5888 xxviii,
1075 5824 1159 5879 l7.

2012 4717 2175 4770 dictis
2204 4716 2371 4784 liquet
2405 4733 2419 4769 :
2453 4717 2595 4784 quod
2631 4733 2734 4770 non
2768 4716 3044 4771 inferioris
3076 4717 3256 4780 modo,
3292 4714 3384 4770 sed
3413 4718 3575 4768 etiam

2011 4804 2335 4875 potentioris
2365 4808 2607 4877 mysterii
2664 4823 2811 4873 esse,
2862 4808 2989 4861 inde
3037 4816 3279 4876 apparet.
3333 4807 3574 4860 Primum

2006 4901 2175 4964 enim,
2206 4901 2249 4953 si
2286 4899 2607 4954 melioribus
2639 4898 2784 4953 Deus
2823 4899 3031 4965 maiora
3068 4900 3251 4960 donat,
3289 4899 3381 4969 qui
3416 4900 3579 4952 mise—

2008 4991 2311 5047 ricordiam:
2335 4989 2547 5053 statuit,
2569 4999 2622 5043 et
2643 4990 2797 5059 juxta
2831 4988 3149 5058 prophetam
3169 4990 3215 5020 "
3248 4990 3303 5042 in
3334 4988 3579 5058 pondere

2008 5094 2062 5139 et
2114 5084 2326 5154 justitia
2378 5083 2560 5137 omnia
2618 5082 2766 5147 facit,
2808 5082 2979 5137 multo
3039 5083 3211 5153 magis
3264 5083 3581 5136 melioribus

2011 5177 2189 5239 nobis,
2223 5184 2414 5247 utpote
2464 5175 2575 5245 jam
2611 5191 2707 5244 per
2741 5184 3083 5230 sacramenta
3116 5175 3364 5241 initiatis,
3413 5183 3466 5227 et
3507 5174 3577 5227 ob

2009 5270 2265 5323 virtutem
2324 5267 2438 5335 jam
2504 5266 2726 5323 Iuctatis
2789 5266 3081 5330 benefacit,
3138 5283 3299 5335 quam
3349 5279 3579 5335 prorsus

2011 5376 2122 5414 non
2166 5360 2389 5415 ablutis.
2427 5357 2776 5427 Relinquitur
2804 5373 2936 5426 ergo
2968 5366 3023 5412 et
3059 5358 3287 5426 gratiam
3329 5357 3469 5409 hanc
3498 5352 3576 5407 illi

2011 5465 2317 5523 praestare,
2378 5461 2433 5505 et
2509 5451 2751 5506 initiatos
2812 5450 2968 5503 donis
3033 5448 3289 5503 secundis
3355 5447 3575 5501 meliora

2013 5541 2324 5614 consequi.‘
2346 5542 2441 5596 Est
2494 5549 2675 5595 autem
2725 5539 2855 5593 illud
2915 5540 3205 5609 baptisma,
3261 5539 3363 5591 hoc
3419 5551 3580 5593 coena

2011 5653 2188 5698 sacra,
2225 5651 2387 5705 quam
2418 5642 2569 5688 tanto
2603 5631 2981 5701 perfectiorem
3012 5630 3330 5692 existimare
3375 5645 3579 5684 conve-

2683 5752 2727 5783 "
2756 5748 2916 5805 Joan.
2962 5764 3036 5812 vl,
3059 5747 3148 5802 Τί.
3228 5748 3273 5782 ⁷³
3301 5746 3341 5803 ll
3374 5744 3571 5804 Thess.

3164 4065 3329 4118 etiam
3392 4078 3577 4117 mensa
3665 4058 3692 4074 ’⁴
