3920 6206
485 352 596 416 607
1707 353 2018 413 NICOLAI
2049 354 2442 414 CABASILAI
3553 359 3642 419 608

489 462 590 522 nit,
626 468 831 530 quanto
865 474 986 514 eam
1035 459 1188 513 obire
1225 458 1529 514 valentibus
1583 461 1788 524 maiore
1848 478 2037 530 pratpa-

2101 471 2127 525 ι
2156 481 2388 530 πτισμα,
2442 462 2602 516 τοῦτο
2647 463 2703 516 δὲ
2768 465 2827 518 τδ
2876 464 3092 518 δεῖπνον
3133 465 3193 518 τὸ
3219 467 3371 538 ἱερὸν,
3417 467 3649 525 δτοσοῦτο

487 552 699 606 ratione
748 566 886 620 opus
933 559 1034 605 est.
1074 549 1224 602 Ilaud
1277 551 1419 605 enim
1455 567 1673 621 aequum
1707 564 1812 619 est,
1869 555 2035 625 majus

2154 556 2478 625 τελεώτερον
2510 555 2760 623 ἡγεῖσθαι
2820 560 3117 627 προσῆκεν,
3157 558 3262 628 ὅσῳ
3331 560 3547 627 μείζονος
3585 566 3653 618 δεῖ

487 644 689 696 volenti
727 643 966 705 cuilibet,
1011 644 1191 696 minus
1223 659 1316 714 per
1369 647 1666 698 certamina
1718 658 1812 702 aut
1867 663 2035 702 sacra

2157 650 2268 702 τοῖς
2296 647 2618 716 προσελθεῖν
2683 646 3028 716 βουλομένοις
3062 653 3420 720 παρασκευῆς.
3459 653 3524 704 Οὐ
3569 657 3655 724 γὰρ

493 745 672 786 menta
738 733 983 802 purgatis
1058 735 1371 803 contingere
1435 751 1450 790 ε
1509 737 1642 806 quin
1712 738 2041 792 contrarium

2158 740 2323 803 εἰκὸς,
2357 739 2418 791 τὸ
2446 738 2634 806 μεῖζον
2667 741 2764 807 μὲν
2805 741 2917 802 τοῖς
2954 740 3290 809 βουλομένοις
3322 740 3496 804 ἀπασι,
3523 744 3575 795 τὸ
3621 747 3657 798 δ’

490 826 673 894 potius
725 825 851 879 hinc
905 825 1216 894 conjectare
1270 825 1350 880 fas
1405 836 1508 891 est,
1563 839 1864 899 putareque
1923 829 2038 882 illuc

2163 830 2383 884 ἔλαττον
2433 835 2544 893 τοῖς
2597 832 2805 898 ἀγῶσιν
2863 831 2897 898 ἢ
2949 833 3270 901 μυστηρίοις
3312 833 3661 903 καθηραμένοις

491 931 610 969 esse
663 915 1002 984 perfectius,
1061 918 1205 984 quod
1271 918 1373 972 nisi
1430 919 1613 974 multis
1665 929 1720 975 et
1774 919 2039 990 generosi:

2163 923 2363 989 ἐξεῖναι
2398 938 2412 974 τ
2443 923 2756 976 τούναντίον
2781 923 2880 991 μὲν
2916 922 3008 976 οὖν
3051 923 3291 976 ἐντεῦθεν
3321 924 3520 991 εὖλογον
3559 943 3663 978 τεκ-

492 1008 772 1062 laboribus
799 1024 906 1062 non
933 1008 1154 1064 emitur.

2171 1014 2466 1084 μαίρεσθαι
2505 1016 2601 1068 καὶ
2635 1014 2965 1085 τελεώτερον
2999 1014 3144 1084 ἔχειν
3205 1017 3374 1069 έκεῖνο
3394 1017 3665 1085 νομίζειν;ὂ

496 1101 570 1168 μὴ
634 1100 842 1154 πολλῶν
903 1100 1080 1169 ἔργων
1131 1099 1225 1152 καὶ
1283 1101 1548 1166 γενναίων
1580 1103 1680 1156 οὒκ
1730 1105 1876 1158 ἔστιν
1907 1105 2246 1174 ὠνήσασθαι.

569 1191 769 1246 Deinde
813 1193 997 1246 ethoc
1039 1194 1347 1266 sciendum,
1381 1197 1680 1258 Chrismm,
1722 1199 1814 1263 qui
1853 1199 2057 1265 prebet

2245 1201 2477 1254 Ἔπειτα
2500 1203 2721 1254 κάκεῖνο
2747 1198 2852 1269 χρὴ
2881 1200 3133 1265 συνιδεῖν,
3182 1202 3265 1254 ὅτι
3315 1205 3669 1272 συναγωνιστὴς

494 1285 741 1353 epulum,
791 1287 1110 1340 certaminis
1160 1289 1329 1342 nostri
1379 1289 1585 1344 socium
1648 1299 1702 1343 et
1753 1291 2042 1356 adjutoren

2167 1296 2314 1347 ἐστιν
2345 1296 2477 1362 ἡμῖν
2505 1295 2533 1346 6
2585 1293 2821 1363 Χριστὸς
2853 1294 3097 1362 εὖωχῶν,
3149 1295 3180 1345 6
3221 1294 3276 1347 δὲ
3319 1297 3671 1366 συναγωνιστὴς

495 1391 638 1429 esse.
670 1375 904 1444 Adjutor
928 1387 1104 1431 autem
1139 1395 1361 1438 manum
1419 1381 1650 1448 porrigit
1696 1397 1800 1434 non
1829 1383 2043 1452 jacenti.

2169 1388 2324 1455 χεῖρα
2343 1385 2555 1438 δίδωσιν
2587 1387 2649 1440 οὐ
2677 1387 2954 1457 κειμένοις
2980 1389 3104 1442 οὐδὲ
3131 1388 3392 1452 νοσοῦσιν,
3426 1392 3549 1444 ἀλλὰ
3593 1393 3674 1461 6di-

497 1465 622 1526 bus,
660 1482 767 1520 non
805 1469 1212 1536 mgrotantibus.
1263 1469 1358 1523 sed
1412 1486 1438 1522 a
1491 1471 1687 1524 robore
1742 1483 1794 1526 et
1833 1473 2045 1526 audaci:

2173 1495 2287 1546 μης,
2315 1479 2412 1546 μὲν
2443 1477 2535 1530 καὶ
2560 1479 2760 1549 τόλμης
2790 1480 3006 1548 ἔχουσιν
3045 1476 3129 1542 εὖ,
3155 1482 3290 1551 πρὸς
3315 1483 3368 1534 δὲ
3418 1483 3501 1534 τὸν
3540 1485 3673 1536 ἀκτα-

498 1558 694 1618 ﬁrmis,
729 1567 783 1612 et
814 1559 1079 1616 adversus
1105 1561 1480 1616 adversarium
1514 1563 1760 1618 animose
1819 1565 2046 1633 beneque

2168 1571 2440 1638 γωνιστὴν
2494 1572 2759 1634 γενναίως
2795 1573 2891 1626 καὶ
2918 1570 3105 1634 καλῶς
3167 1573 3484 1642 ἱσταμένοις.
3537 1575 3673 1649 Δῦτδς

498 1650 909 1706 dimicantibus.
939 1653 1061 1720 Ipse
1104 1651 1536 1709 enimeristus
1590 1655 1746 1708 nobis
1805 1671 2046 1723 operausi

2168 1661 2277 1729 γὰρ
2303 1661 2434 1730 ἡμῖν
2457 1662 2484 1713 6
2507 1661 2742 1731 Χριστὸς
2761 1662 3002 1730 ἐνεργῶν
3035 1663 3094 1714 έν
3121 1663 3334 1733 ἑκάστῳ
3363 1665 3462 1717 τῶν
3506 1683 3677 1734 μυστη-

501 1740 554 1792 ἰη
631 1756 959 1809 unoquoque
1021 1752 1364 1798 sacramento
1427 1744 1610 1798 omnia
1677 1745 1775 1810 lit,
1837 1747 2049 1814 plastes,

2173 1749 2307 1819 ρίων
2339 1750 2770 1818 πάνταγίνεται,
2814 1752 3082 1822 πλάστης,
3139 1751 3416 1823 ἀλείπτης,
3467 1772 3675 1821 συναγω-

500 1833 718 1900 aliptes,
772 1833 1089 1901 opitulator,
1145 1843 1199 1888 et
1251 1835 1498 1900 abluens,
1533 1841 1846 1906 et‘ungens.
1876 1847 1929 1890 et
1964 1855 2033 1891 nu

2129 1851 2142 1906 ι
2173 1840 2378 1910 νιστὴς,
2415 1841 2474 1894 τὸ
2512 1842 2612 1911 μὲν
2635 1841 2829 1908 λούων,
2869 1843 3006 1895 τὸδὲ
3040 1843 3232 1913 χρίων,
3279 1845 3339 1897 τὸ
3387 1845 3440 1898 δὲ
3480 1847 3677 1916 τρέφων.

502 1925 694 1979 triens.
746 1923 820 1978 lbi
858 1926 1002 1980 enim
1040 1942 1069 1980 a
1118 1928 1388 1996 principio
1424 1931 1668 1984 membra
1730 1931 2029 1987 fabricatur

2189 1931 2334 1985 Ἐκεῖ
2369 1932 2467 2000 μὲν
2503 1932 2612 2002 γὰρ
2645 1932 2704 2000 ἐξ
2744 1934 2919 2004 ἀρχῆς
2958 1935 3027 1988 τὰ
3069 1933 3202 2006 μέλη
3251 1935 3570 2006 δημιουργεῖ,
3611 1939 3680 1990 ὲν-

503 2014 594 2068 hic
657 2017 848 2083 spiritu
915 2018 1287 2083 corroborat;
1351 2019 1403 2072 in
1478 2033 1662 2075 mensa
1729 2037 1857 2074 vero
1924 2023 2050 2075 ades

2171 2023 2342 2077 ταῦθα
2365 2025 2420 2079 δὲ
2444 2026 2522 2096 τῷ
2553 2026 2824 2088 πνεύματι
2860 2027 3152 2098 ῥώννυσι-ι,
3194 2031 3286 2084 ἐπὶ
3312 2031 3365 2085 δὲ
3391 2033 3484 2101 τῆς
3515 2033 3681 2100 τραπέ·

505 2106 760 2173 perfecte,
803 2114 857 2160 et
905 2122 1008 2158 una
1039 2115 1310 2162 certamen
1362 2109 1620 2162 sustinet.
1657 2107 1942 2163 Defunctis
1982 2110 2049 2165 de

2171 2116 2271 2186 ζης
2295 2117 2542 2171 σύνεστιν
2576 2118 2820 2188 ἀκριόὦς
2877 2122 2971 2173 καὶ
3001 2122 3346 2191 συνδιαφέρει
3388 2125 3471 2176 τὸν
3532 2119 3680 2185 ἆθλον,

504 2213 655 2251 mum
691 2199 988 2252 certamine
1035 2209 1348 2253 munerator
1391 2198 1514 2263 erit,
1549 2209 1604 2254 et
1655 2199 1860 2254 sanctis
1907 2201 2052 2269 judei

2175 2209 2312 2278 μετά
2339 2209 2394 2262 δὲ
2429 2207 2528 2278 τὴν
2575 2209 2899 2279 ἀπαλλαγὴν
2934 2211 3229 2282 ἀθλοθέτης
3273 2213 3420 2267 ἔσται
3461 2215 3544 2266 καὶ
3583 2213 3684 2265 καθ-

506 2290 716 2343 sedebit
751 2290 1022 2357 laborum,
1075 2305 1308 2358 quorum
1344 2290 1458 2356 ipse
1516 2305 1641 2359 pars
1697 2307 1895 2360 magna
1950 2291 2052 2346 fuit

2171 2302 2371 2354 εδεῖται
2394 2303 2505 2363 τοῖς
2536 2301 2713 2370 ἁγίοις
2736 2303 2932 2371 κριτὴς
2993 2295 3070 2355 ὧν
3125 2303 3444 2372 ἐκοινώνησε
3506 2303 3682 2356 πόνωνι

504 2383 708 2438 Διίίιςιξο
761 2399 883 2438 cum
943 2382 1182 2438 victores
1237 2383 1506 2437 redimere
1565 2383 1870 2452 oportebit,
1931 2384 2052 2438 iden

2172 2388 2290 2446 εἶτα
2331 2393 2427 2445 καὶ
2465 2393 2616 2462 νίκη,
2649 2394 2775 2456 τοὺς
2805 2393 3296 2462 ἀποδεδειγμένους
3325 2395 3566 2463 ἀναδῆσαι
3587 2394 3685 2460 δεῆ-

507 2491 724 2544 quoque
751 2490 955 2529 corona
984 2475 1106 2528 erit.
1139 2474 1218 2527 Ad
1252 2489 1454 2542 agones
1485 2474 1649 2545 igitur
1682 2489 1780 2543 pro
1829 2475 2055 2544 philoso‘

2176 2501 2294 2548 σαν,
2325 2483 2421 2536 καὶ
2471 2483 2736 2550 στέφανός
2797 2483 2946 2536 ἑστιν
2969 2486 2997 2538 6
3030 2484 3216 2548 αὑτός.
3271 2485 3407 2554 Πρὸς
3443 2485 3603 2537 τοίνυν
3643 2484 3687 2535 τὸ

510 2566 637 2635 pliia
675 2565 978 2630 audendos,
1015 2574 1066 2618 et
1091 2564 1156 2618 ad
1189 2565 1564 2619 excellentiam
1603 2565 2058 2634 consequendam

2175 2572 2451 2644 θαρρῆσαι
2477 2573 2606 2637 τοὺς
2637 2573 2775 2642 ὑπὲρ
2802 2573 3125 2641 φιλοσοφίας
3157 2574 3372 2642 ἀγῶνας
3400 2576 3487 2629 καὶ
3518 2575 3685 2640 διενεγ-

513 2662 722 2727 fingens
775 2665 830 2711 et
878 2671 1086 2726 ungens
1119 2655 1331 2710 confert
1378 2656 1560 2710 omnia
1616 2657 1781 2712 simul
1833 2667 2061 2718 certans,

2175 2667 2294 2720 κεῖν
2337 2665 2655 2735 δυνηθῆναι,
2686 2665 2939 2717 πλάττων
2993 2665 3094 2734 μὲν
3158 2663 3249 2718 καὶ
3302 2664 3524 2734 ἀλείφων
3551 2666 3687 2716 πάντα

511 2764 622 2802 nun
669 2749 853 2802 omnia
893 2765 906 2802 :
943 2754 995 2801 et
1027 2755 1272 2816 tempore
1307 2746 1526 2814 quidem
1563 2749 1882 2803 certaminis
1912 2748 2051 2801 nihil

2175 2758 2378 2820 δίδωσι,
2431 2757 2936 2826 συναγωνιζόμενος
2971 2755 3032 2809 δὲ
3087 2756 3152 2810 οὐ
3176 2757 3372 2822 πάντα,
3419 2758 3506 2809 ἐπὶ
3534 2755 3583 2809 δὲ
3613 2755 3686 2807 τοῦ

509 2839 625 2894 Nec
679 2839 825 2902 enim
870 2838 1090 2907 aliptem
1149 2849 1204 2893 et
1260 2839 1466 2907 plasten
1518 2838 1725 2893 licitum
1775 2842 2057 2908 quidquau

2171 2830 2370 2917 καιροῦ
2405 2848 2512 2901 τῶν
2542 2847 2719 2901 ἄθλων
2740 2847 2916 2901 οὐδέν.
2978 2845 3122 2899 Οῦτε
3169 2848 3278 2918 γὰρ
3325 2848 3414 2901 τὸν
3469 2847 3690 2916 ἀλείπτην

514 2930 952 3000 praetermittere,
1005 2945 1127 3000 qua:
1179 2931 1434 2984 athletam
1473 2945 1666 2999 parare
1695 2947 1756 2984 ac
1790 2933 2062 3002 disponere

2177 2941 2270 2994 καὶ
2295 2940 2545 3009 πλάστην
2583 2938 2806 3006 εὔλογον
2850 2939 3188 3008 παραλιπεῖν
3211 2959 3264 2994 τι
3316 2941 3422 2994 τῶν
3471 2941 3690 2994 διαθεῖναι

515 3031 765 3092 possunt,
834 3036 1012 3091 neque
1071 3022 1495 3076 commilitonem
1562 3023 1872 3078 communis
1936 3024 2063 3078 ratic

2177 3032 2268 3086 τὸν
2303 3033 2615 3102 ἀγωνιστὴν
2652 3032 2985 3102 δυναμένων,
3031 3032 3160 3086 οὔτε
3208 3034 3301 3088 τδν
3342 3031 3691 3102 συναγωνιστὴν

519 3114 654 3170 sinit
688 3113 739 3168 in
781 3128 840 3168 se
874 3115 1057 3167 omnia
1094 3113 1356 3183 recipere,
1403 3121 1458 3168 et
1487 3114 1656 3168 alium
1694 3113 1912 3183 quidem
1945 3115 2067 3169 deli-

2177 3123 2206 3175 6
2233 3121 2325 3175 τοῦ
2361 3121 2620 3176 κοινωνοῦ
2650 3122 2831 3176 δίδωσι
2864 3123 3022 3191 λόγος
3047 3125 3134 3188 είς
3173 3125 3365 3178 ἑαυτὸν
3392 3125 3450 3178 τὸ
3477 3127 3574 3178 πᾶν
3612 3127 3684 3176 ἀνι

515 3207 632 3261 cias
689 3207 867 3260 facere
917 3205 1145 3274 perpeti,
1211 3205 1387 3274 ipsum
1444 3207 1620 3283 solum
1675 3206 1738 3258 ad
1800 3216 2063 3260 certamen.

2146 3227 2148 3243 ι
2184 3215 2420 3278 ελέσθαι,
2444 3216 2538 3268 καὶ
2596 3215 2689 3268 τὸν
2720 3215 2819 3286 μὲν
2853 3189 3174 3284 ἐπιτρέπειν
3202 3218 3430 3289 τρυφᾷν,
3475 3217 3614 3268 αὐτον
3649 3215 3694 3266 δὲ

514 3299 759 3370 aggredi.
791 3298 952 3366 Atqui
988 3311 1086 3351 nec
1130 3297 1310 3366 ipsum
1359 3297 1451 3366 qui
1499 3298 1812 3362 certaminis
1857 3298 2062 3366 prasini:

2187 3305 2348 3374 μόνον
2373 3304 2721 3369 ἀποδύεσθαι,
2758 3307 2852 3360 καὶ
2881 3307 2991 3377 μὴν
3017 3307 3140 3361 οὐδὲ
3157 3309 3252 3361 τὸν
3279 3307 3554 3376 ἀθλοθέτην
3577 3307 3604 3375 ἢ
3629 3307 3695 3359 τὸν

516 3393 794 3463 proponit.
852 3398 946 3446 aut
994 3390 1088 3455 qui
1144 3391 1378 3459 ipsemet
1439 3406 1644 3446 corona
1713 3401 1818 3457 est,
1881 3409 2064 3462 ungere

2189 3398 2454 3468 στέφανον
2481 3399 2644 3452 αὐτὸν
2663 3399 2903 3466 ἀλείφειν
2932 3400 3101 3465 είκδς,
3134 3403 3167 3472 ἢ
3201 3401 3472 3457 πλάττειν.
3495 3401 3524 3470 ἦ
3548 3399 3605 3452 τὰ
3622 3397 3693 3451 τοῦ

515 3494 835 3552 certatores,
868 3484 980 3547 aut:
1009 3482 1268 3548 formare,
1321 3491 1417 3538 aut
1450 3485 1647 3538 medici
1697 3494 1877 3543 partes
1921 3500 2063 3542 agerc

2190 3491 2371 3556 ίατροῦ
2407 3491 2603 3552 ποιεῖν,
2643 3490 2762 3544 οὐδέ
2788 3509 2840 3544 τι
2868 3493 3222 3561 προστιθέναι
3253 3493 3410 3562 νίκης
3435 3492 3465 3562 ἢ
3492 3490 3695 3559 ἀνδρείας

515 3577 673 3632 decet
722 3594 735 3630 :
789 3591 887 3630 nec
935 3576 1195 3639 victorias,
1259 3584 1356 3630 aut
1411 3575 1773 3642 fortitudinis,
1835 3588 1931 3632 aut
1994 3596 2063 3634 ro

2186 3582 2428 3652 ἢριὓμης
2462 3583 2494 3652 ἢ
2523 3583 2722 3651 ἀρετῆς
2759 3583 3075 3653 ἡστινοσοῦν
3119 3584 3286 3654 ἀλλης
3330 3587 3440 3646 τοῖς
3462 3583 3696 3653 ἀθληταῖς,

517 3670 689 3736 boris,
734 3679 828 3724 aut
866 3670 1080 3726 virtutis
1122 3669 1497 3738 cujuscunque
1525 3669 1749 3725 alterius
1785 3672 2065 3742 quidquan

2188 3672 2322 3726 ἀλλὰ
2341 3673 2439 3742 τὴν
2468 3669 2633 3728 οὖσαν
2667 3674 2828 3742 μόνον
2876 3673 2972 3727 καὶ
3017 3678 3288 3742 φανεῖσαν
3323 3677 3535 3741 εἰδέναι,
3599 3689 3698 3726 κοσ-

517 3763 741 3820 athletis
774 3777 1088 3832 apponere:
1127 3763 1218 3817 sed
1254 3762 1432 3817 solum
1474 3777 1596 3831 quas
1623 3773 1729 3829 est,
1765 3775 1820 3818 et
1857 3765 2058 3820 enituit

2192 3765 2332 3832 μεῖν.
2363 3764 2518 3817 Ἐστι
2547 3764 2604 3816 δὲ
2631 3766 2744 3826 τοῖς
2773 3764 3090 3834 ἀριστεῦσιν
3124 3766 3350 3836 ἄμεινον
3388 3767 3482 3835 μὲν
3520 3765 3570 3818 τὸ
3603 3781 3699 3816 στε-

516 3872 638 3912 eam
670 3857 1038 3910 condecorare
1067 3869 1248 3909 nosse.
1281 3853 1377 3910 Est
1405 3865 1588 3908 autem
1626 3855 1858 3912 fortibus
1887 3858 2064 3912 melius

2190 3854 2491 3924 φανοῦσθαι
2522 3855 2614 3909 τοῦ
2646 3856 2803 3926 νικᾷν
2835 3857 3304 3926 ἀγωνιζομένους,
3351 3859 3560 3927 ἄμεινον
3584 3854 3631 3906 δὲ
3654 3853 3701 3904 τὸ

517 3949 815 4011 coronari,
883 3963 1048 4018 quam
1115 3947 1376 4004 certando
1437 3947 1700 4012 vincere,
1764 3957 1820 4004 et
1889 3951 2065 4006 melius

2189 3947 2414 4018 νικητάς
2449 3942 2590 4000 εἶναι
2622 3947 2717 4000 τοῦ
2753 3946 3087 4001 πλάττεσθαι
3121 3965 3137 3982 ·
3191 3951 3252 4002 τδ
3311 3950 3410 4018 μὲν
3447 3949 3545 4017 γάρ
3590 3945 3701 4014 ὑπὲρ

413 4069 418 4075 ·
515 4046 755 4106 vincere,
786 4057 947 4111 quam
983 4042 1206 4096 formari
1236 4049 1398 4110 atque
1429 4042 1578 4109 llllgi.
1631 4039 1754 4095 Hazc
1793 4041 1937 4096 enim

2189 4038 2283 4091 τοῦ
2311 4039 2490 4108 νικᾷν,
2519 4038 2552 4108 ὴ
2580 4038 2704 4107 νίκη
2733 4038 2790 4090 δὲ
2812 4035 2922 4090 τῶν
2953 4040 3240 4106 στεφάνων
3268 4039 3430 4093 ἕνεκα
3460 4056 3474 4072 ο
3531 4038 3630 4091 ἀλλ’
3664 4036 3702 4087 εί

516 4147 636 4206 pter
663 4137 946 4190 victoriam
981 4134 1136 4196 fiunt,
1159 4134 1388 4188 victoria
1414 4142 1636 4202 propter
1679 4148 1912 4188 coronas
1934 4151 2064 4205 quae!

2191 4129 2348 4183 τοῦτο
2378 4130 2604 4199 σημεῖον
2634 4125 2702 4199 ἦν
2729 4129 2952 4193 ἀτελοῦς
2986 4131 3083 4184 καὶ
3139 4131 3243 4199 τῆς
3292 4132 3563 4192 ἐλάσσονος
3613 4127 3705 4196 μοί-

518 4230 680 4283 ritur.
736 4227 890 4291 Quod
922 4227 965 4280 si
1001 4227 1102 4279 hoc
1132 4225 1346 4294 signum
1376 4235 1460 4277 est
1488 4224 1817 4293 imperfecta:
1868 4227 2061 4282 inferio

2194 4238 2316 4294 ρας,
2349 4221 2408 4275 τδ
2434 4223 2508 4292 μὴ
2551 4221 2728 4292 πάντη
2782 4223 3068 4294 καθαίρειν
3116 4224 3255 4294 μηδὲ
3309 4220 3704 4292 παρασκευάζειν

517 4322 705 4390 risque
747 4319 932 4382 sortis,
990 4331 1100 4370 non
1159 4332 1224 4369 ex
1281 4315 1428 4369 omni
1477 4327 1630 4384 parte
1689 4332 1941 4386 purgare,
1988 4333 2065 4372 ιιθ.

2192 4313 2286 4365 καὶ
2313 4312 2587 4375 πλάττειν,
2612 4306 2776 4382 ἦττον
2803 4310 2869 4365 ἂν
2895 4307 2964 4383 ἦν
2993 4314 3073 4376 είς
3116 4313 3460 4382 εὐδαιμονίαν
3484 4314 3510 4365 6
3552 4312 3704 4363 τελευ-

519 4427 824 4486 ριιεερειιετε
856 4425 919 4464 ac
938 4410 1161 4478 fingere,
1207 4417 1482 4462 extremus
1513 4409 1862 4464 beatitudinis
1899 4411 2067 4463 termi«

2191 4407 2344 4466 ταῖος
2365 4404 2467 4474 τῆς
2498 4405 2899 4475 μακαριότητος
2929 4405 3078 4471 ὅρος.
3122 4407 3283 4473 Λέγω
3339 4406 3401 4474 δὴ
3453 4406 3508 4456 τὺ
3557 4402 3707 4469 τυχεῖν

519 4523 621 4561 nus
643 4505 822 4558 minus
849 4502 914 4557 ad
939 4500 1245 4556 felicitatem
1269 4498 1470 4553 valeret
1495 4515 1508 4550 :
1532 4508 1680 4568 puta,
1703 4498 1810 4553 Deo
1827 4515 2067 4554 coronant

2193 4495 2329 4548 Θεοῦ
2364 4496 2754 4561 στεφανοῦντος
2779 4493 2873 4546 τοῦ
2911 4494 3050 4562 μετὰ
3095 4495 3602 4566 παραπετασμάτων
3639 4488 3709 4540 ἐπὶ

519 4608 573 4654 te
594 4596 772 4666 potiri,
796 4603 850 4648 et
871 4594 972 4649 sub
1014 4591 1280 4645 velamine
1306 4591 1360 4644 in
1411 4605 1563 4645 sacra
1588 4606 1771 4645 mensa
1821 4590 1951 4660 ejus
1972 4605 2067 4659 par

2161 4581 2171 4622 ⁵
2196 4588 2294 4656 τῆς
2319 4586 2596 4656 τραπέζης
2627 4585 2790 4638 αὐτοῦ
2825 4585 3090 4654 μετέχειν,
3118 4585 3195 4647 ὼς
3231 4585 3328 4654 τῆς
3354 4585 3449 4653 μὲν
3472 4580 3709 4651 τραπέζης

519 4693 734 4758 ticipem
767 4687 906 4752 fieri,
956 4686 1112 4755 quasi
1141 4699 1325 4739 mensa
1343 4691 1399 4736 et
1423 4683 1872 4752 praeparationem
1891 4698 2067 4751 quam

2184 4680 2280 4732 καὶ
2301 4677 2658 4749 παρασκευὴν
2707 4676 2940 4746 ἐχούσης
2988 4677 3111 4729 τινὰ
3171 4677 3268 4730 καὶ
3316 4676 3584 4743 κάθαρσιν,
3625 4676 3709 4723 τῶν

517 4757 663 4846 dam,
684 4788 738 4836 et
767 4778 1137 4849 purgationem
1173 4774 1416 4833 haberet.
1462 4787 1786 4827 coronarum
1838 4786 1964 4825 vero
2016 4786 2065 4825 ei

2186 4771 2462 4838 στεφάνων
2489 4770 2547 4824 δὲ
2593 4768 2795 4823 τούτων
2825 4769 3127 4837 οὐδέτερον.
3177 4771 3278 4823 Διά
3318 4767 3481 4820 ταῦτα
3523 4765 3579 4816 οὗ
3629 4757 3711 4849 χρὴ

519 4874 603 4927 his
639 4881 913 4924 neutrum.
945 4869 1074 4934 Quae
1103 4881 1227 4921 cum
1261 4865 1333 4919 ita
1359 4865 1489 4929 sint,
1528 4863 1830 4918 mirandum
1849 4878 1958 4916 non
1979 4872 2061 4916 est

2187 4858 2507 4928 θαυμάζειν,
2527 4859 2574 4911 εί
2594 4858 2926 4925 τελειότερον
2953 4857 3010 4910 ὂν
3035 4859 3335 4925 μυστήριον
3356 4855 3412 4908 τὸ
3426 4855 3620 4906 δεῖπνον
3637 4843 3711 4917 ἧτ-

520 4963 567 5018 εἰ
608 4976 778 5018 coena:
842 4960 1181 5031 mysterium,
1219 4955 1480 5028 quamvis
1530 4953 1844 5025 perfectius,
1902 4955 2068 5009 minui

2187 4972 2280 5009 τον
2305 4949 2413 5006 οἶδε
2449 4951 2758 5020 καθαίρειν,
2781 4950 2956 5010 ἄλλως
2993 4965 3052 4999 τε
3098 4948 3240 5015 πρὸς
3287 4949 3397 5008 τοῖς
3445 4939 3712 5037 είρημέγοις

521 5067 700 5110 tamen
731 5059 947 5122 purget.
979 5051 1206 5118 Insuper
1235 5048 1398 5102 etiam
1426 5047 1706 5116 praemium
1732 5055 1816 5101 est
1840 5045 1942 5100 hoc
1993 5045 2063 5099 do

2196 5044 2291 5099 καί
2307 5037 2467 5097 ἆθλόν
2497 5041 2614 5093 ἐστι
2637 5037 2787 5090 τουτὶ
2814 5038 2875 5107 τὸ
2895 5036 3066 5106 δῶρον
3084 5052 3097 5065 ·
3125 5035 3370 5088 τοιοῦτον
3392 5033 3447 5086 δι
3469 5031 3524 5083 τὸ
3555 5031 3710 5136 χρῆμα

523 5161 677 5202 num.
711 5142 1032 5212 Hujusmodi
1093 5151 1278 5195 autem
1322 5140 1546 5209 praemia
1591 5154 1700 5193 non
1757 5140 2068 5192 constituuu

2197 5133 2307 5187 τῶν
2339 5131 2515 5186 ἀθλων
2537 5131 2597 5183 οὐ
2634 5129 2960 5196 καθίστησιν
2985 5125 3106 5179 οὐδὲ
3137 5124 3431 5194 ἐργάζεται
3453 5121 3568 5212 τους
3605 5113 3705 5212 ἀρί-

523 5254 699 5309 neque
721 5203 928 5292 faciunt
952 5233 1309 5297 fortissimos,
1328 5229 1422 5286 sed
1449 5229 1751 5286 ostendunt
1798 5239 1854 5284 et
1877 5237 2071 5284 ornant

2197 5241 2376 5289 στους,
2405 5221 2521 5275 ἀλλ’
2542 5219 2894 5275 ἀναδείκνυσι
2951 5217 3046 5270 καὶ
3088 5217 3306 5286 κοσμεῖ.
3345 5213 3417 5264 Οὐ
3476 5210 3574 5278 γὰρ
3601 5203 3709 5312 καθ-

521 5302 640 5392 Non
669 5332 814 5390 enim
848 5331 902 5385 in
921 5342 1076 5384 creua
1107 5326 1357 5396 purgatio
1417 5331 1630 5378 tantum
1675 5333 1731 5376 et
1786 5321 2069 5376 auxiliator

2197 5316 2388 5386 ἀρσιον
2435 5313 2494 5366 ὲν
2543 5311 2621 5380 τῷ
2683 5309 2884 5379 δείπνῳ
2933 5309 3029 5361 καὶ
3089 5302 3492 5374 συναγωνιστὴς
3554 5302 3706 5396 μόνον.

523 5389 617 5486 sed
649 5389 704 5482 et
729 5424 1007 5496 praemium
1032 5389 1124 5474 est
1140 5389 1413 5481 Christus,
1436 5417 1579 5485 quod
1608 5414 1909 5469 certamine
1969 5427 2071 5480 peri

2199 5407 2334 5462 ἀλλά
2372 5405 2467 5458 καὶ
2493 5403 2661 5472 γέρας
2691 5403 2838 5455 ἐστὶν
2876 5401 2904 5453 6
2929 5399 3185 5477 Χριστος,
3214 5398 3242 5450 δ
3268 5398 3348 5450 δεῖ
3381 5389 3708 5496 λαὸεῖωάγωο

524 5520 726 5576 funCtis
774 5514 1164 5584 reportandum
1195 5517 1300 5565 est.
1331 5509 1470 5576 Quid
1525 5509 1670 5562 enim
1711 5505 1856 5559 aliud
1890 5503 2072 5559 sancti:

2197 5499 2522 5567 νισαμένους
2559 5511 2574 5527 ’
2604 5494 2657 5548 τί
2677 5495 2785 5564 γὰρ
2817 5495 2946 5548 ἀλλο
2982 5496 3096 5554 τοῖς
3134 5492 3422 5563 μακαρίοις
3475 5482 3596 5588 ἀντὶ.
3622 5482 3711 5529 τῶν

525 5624 625 5678 pro
657 5581 935 5662 laboribus
971 5606 1022 5659 in
1049 5603 1150 5657 hoc
1174 5615 1289 5656 aevo
1320 5598 1562 5655 toleratis
1584 5597 1806 5666 dignius
1830 5595 2073 5663 rependa‘

2198 5588 2436 5643 ἐνταῦθα
2458 5589 2635 5640 πόνων
2666 5586 2698 5655 ἢ
2749 5585 2809 5637 τὸ
2856 5585 3042 5638 λαϐεῖν
3073 5583 3308 5653 Χριστὸν
3330 5581 3445 5688 mil
3465 5581 3708 5688 συνεῖνῗῗ

529 5657 640 5759 iur,
665 5683 825 5764 quam
859 5695 1138 5751 Christum
1156 5691 1403 5760 accipere
1448 5697 1502 5744 et
1555 5703 1678 5743 cum
1734 5701 1800 5742 eo
1855 5700 1996 5750 esse,
2027 5683 2068 5737 E

2159 5739 2181 5767 ς
2203 5681 2311 5734 καὶ
2339 5680 2552 5742 Παῦλος
2589 5679 2726 5747 μετά
2763 5679 2858 5731 τὸν
2891 5678 3094 5748 δρόμον
3148 5677 3353 5731 ἐκεῖνον
3390 5670 3482 5767 την
3528 5657 3707 5767 ἐνθένδε

532 5786 734 5842 Paulus
756 5787 1162 5854 emigrationem
1194 5790 1322 5856 post
1340 5795 1560 5839 cursum
1588 5780 1743 5836 illum
1787 5778 1839 5834 in
1863 5779 1965 5833 hoc
2005 5792 2080 5831 ex-

2163 5749 2181 5767 ,
2201 5773 2461 5827 ἀνάλυσιν
2478 5772 2558 5836 είς
2579 5769 2737 5824 τοῦτο
2770 5769 2961 5841 λήγειν
2998 5769 3225 5840 ἔσχατον
3261 5765 3365 5833 ἔφη
3392 5761 3480 5816 τὸν
3496 5754 3580 5810 τοῦ
3605 5749 3711 5818 KP"
