3982 6208
335 317 442 384 €09

1376 323 1474 383 DE
1510 326 1687 386 VITA
1729 324 1802 384 ΙΝ
1837 326 2164 389 (111315Το
2202 325 2348 386 LIB.
2391 325 2489 386 IV.

3465 327 3572 391 610

337 436 465 491 στοῦ
517 434 807 488 συνουσίαν
836 451 852 466 ο
898 453 916 486 ι
953 433 1240 490 ’Δναλῦσαι
1269 436 1375 507 γὰρ
1399 476 1414 500 ,
1454 439 1616 509 φησὶ,
1671 439 1766 491 καὶ
1791 441 1888 492 σὺν

2011 452 2228 491 .remum
2246 437 2494 491 desinere
2528 433 2622 500 ait,
2651 448 2842 505 nempe
2873 449 2995 490 cum
3048 433 3266 490 Christo
3282 437 3464 492 vivere
3514 450 3568 495 et

335 528 556 598 Χριστῷ
577 525 714 580 εἶναι
743 528 918 596 πολλῷ
944 529 1145 597 μᾶλλον
1179 529 1455 598 κρεῖσσον·
1486 548 1504 581 ι
1537 528 1695 584 τοῦτο
1735 529 1792 582 δὲ
1834 527 1894 580 τὸ

333 621 435 690 τῆς
469 619 752 689 τραπέζης
785 619 943 688 ἔργον
966 619 1356 688 διαφερόντως.
1383 621 1444 673 Et
1472 621 1579 692 γὰρ
1615 623 1706 675 καὶ
1747 619 1898 692 παρὰ

334 715 446 772 τοῖς
470 712 650 774 ἀλλοις
704 713 1022 782 μυστηρίοις
1068 712 1215 764 ἔστιν
1240 713 1425 781 εὑρεῖν
1491 713 1582 765 τδν
1636 715 1894 783 Χριστὸν,

333 802 453 854 ἀλλ’
487 802 626 854 ὥστε
682 802 758 870 τῷ
815 802 1004 854 λαϐεῖν
1057 803 1580 872 παρασκευασθῆναι
1639 804 1776 873 πρὸς
1837 803 1898 855 τὸ

333 893 629 960 δυνηθῆναι
663 895 920 956 συνεῖναι,
958 894 1192 947 ἐνταῦθα
1224 896 1277 946 δὲ
1309 895 1450 947 ὥστε
1497 896 1600 965 ἤδη
1637 895 1897 965 καθαρῶς

334 983 520 1034 λαϐεῖν
566 986 659 1036 καὶ
685 987 920 1037 συνεῖναι
946 1001 959 1014 ⁸
984 986 1077 1039 τοῦ
1103 988 1208 1058 γάρ
1239 987 1347 1040 τῶν
1370 987 1542 1041 ἀλλων
1566 989 1623 1040 τὸ
1650 988 1706 1040 ἓν
1741 990 1900 1058 σῶμα

336 1075 434 1127 καὶ
458 1075 514 1126 ἓν
548 1077 764 1144 πνεῦμα
797 1079 891 1128 καὶ
921 1079 978 1128 τὸ
1016 1079 1202 1146 μένειν
1236 1080 1335 1148 μὲν
1358 1081 1414 1133 ἐν
1445 1079 1616 1148 αὐτῷ,
1670 1081 1899 1150 μένοντα

335 1164 395 1216 δὲ
429 1166 571 1233 ἔχειν
600 1166 784 1228 αὑτὸν,
825 1167 965 1236 ὑπὲρ
1004 1160 1065 1218 οῦ
1101 1169 1242 1221 δοκῶ
1278 1170 1369 1222 καὶ
1434 1170 1670 1238 Χριστὸς
1738 1171 1901 1235 αὐτὸς

336 1254 438 1322 τὴν
467 1258 839 1323 μακαριότητα
869 1257 977 1310 τῶν
1005 1259 1227 1311 δικαίων
1253 1258 1466 1312 δεῖπνον
1514 1256 1653 1313 εἶναί
1713 1279 1901 1330 φησιν,

336 1346 503 1397 αὐτὸν
521 1348 641 1415 ἔχον
672 1347 1038 1404 διακονοῦντα.

413 1523 570 1576 Οὖιω
607 1527 704 1594 μὲν
734 1519 824 1578 οὖν
865 1521 1028 1579 ἆθλόν
1073 1527 1222 1581 ἐστιν
1266 1529 1295 1580 ό
1339 1525 1438 1596 τῆς
1501 1527 1649 1595 ζωῆς
1695 1528 1856 1596 ἀρτος
1887 1542 1903 1558 ⁸

335 1617 468 1666 ἐπεὶ
521 1616 576 1667 δὲ
615 1617 663 1667 οἱ
731 1616 888 1670 τοῦτο
939 1618 1221 1687 δεχόμενοι
1243 1618 1304 1670 τὸ
1339 1619 1512 1688 δῶρον
1540 1619 1640 1688 τὴν
1689 1621 1791 1687 γῆν
1824 1617 1906 1671 ἔτι

336 1707 577 1760 πατοῦσι
613 1707 708 1762 καὶ
731 1709 1091 1780 ὁδοιποροῦσι,
1128 1712 1222 1763 καὶ
1247 1711 1335 1764 διὰ
1356 1711 1514 1764 τοῦτο
1539 1711 1632 1764 καὶ
1669 1711 1908 1774 κονίζον-

1998 527 2224 582 versari.
2255 525 2546 591 «Dissolvi,
2581 525 2777 594 inquit,
2798 535 2850 578 et
2875 539 2994 578 cum
3016 525 3234 578 Christo
3259 540 3397 590 esse,
3429 529 3572 582 mul-

1999 625 2054 672 to
2081 617 2252 687 magis
2283 617 2476 670 melius
2501 616 2568 669 ⁷⁸.
2607 634 2624 665 ι
2665 615 2819 678 Quod
2847 615 2960 666 haec
3001 628 3182 666 mensa
3215 623 3437 682 przestat
3491 617 3572 668 in-

1999 706 2246 774 signiter.
2277 705 2387 759 Etsi
2413 704 2554 758 enim
2584 704 2638 757 in
2668 704 2789 756 aliis
2815 716 3032 772 quoque
3064 703 3342 771 mysteriis
3376 703 3572 758 Chris-

1999 805 2112 851 tum
2151 796 2392 849 invenire
2420 795 2559 858 licet,
2593 793 2687 849 sed
2726 803 2974 852 eatenus.
3009 802 3067 844 ut
3121 795 3569 860 praeparationem

2002 888 2126 942 inde
2148 887 2407 950 feramus,
2433 901 2537 956 quo
2560 901 2680 940 cum
2707 900 2772 939 eo
2788 901 2908 939 esse
2931 885 3223 954 possimus.
3250 885 3348 938 llic
3372 896 3573 946 autem,

2003 981 2186 1049 utjam
2218 995 2348 1048 pure
2371 997 2491 1034 eum
2551 980 2900 1046 accipiamus,
2956 988 3007 1031 et
3063 992 3186 1032 cum
3246 977 3338 1030 illo
3381 979 3572 1032 simus.

2005 1066 2106 1122 Ubi
2139 1069 2280 1120 enim
2316 1068 2366 1120 in
2394 1068 2514 1122 aliis
2559 1068 2793 1135 reperias
2822 1083 2986 1119 unum
3035 1082 3231 1134 corpus
3296 1076 3348 1120 et
3407 1083 3572 1120 unum

2004 1155 2279 1224 spiritum,
2303 1166 2357 1209 et
2388 1171 2613 1210 manere
2642 1157 2693 1208 in
2721 1159 2858 1224 ipso,
2888 1167 3304 1225 manentemquc
3331 1159 3570 1212 vicissim

2009 1247 2208 1300 habere
2252 1248 2302 1299 in
2333 1247 2557 1316 seipso?
2607 1247 2833 1316 Propter
2867 1248 2990 1314 hoc,
3025 1259 3082 1300 ut
3117 1250 3368 1312 arbitror,
3411 1254 3570 1305 etiam

2003 1337 2252 1390 Christus
2283 1337 2395 1404 ipse
2431 1337 2820 1391 beatitudinem
2845 1338 3115 1406 justorum
3172 1353 3387 1394 cceuam
3437 1358 3575 1395 nun-

2005 1429 2242 1497 ctIpavit,
2275 1430 2325 1480 in
2353 1443 2458 1497 qua
2483 1429 2596 1497 ipse
2629 1430 2979 1484 ministraret.

2078 1519 2170 1574 Sic
2195 1518 2357 1588 igitur
2385 1519 2538 1588 panis
2562 1520 2684 1573 vita:
2715 1525 2991 1590 praemium
3029 1522 3405 1589 est.Quoniam
3449 1538 3576 1579 vero

2005 1607 2204 1662 donum
2235 1611 2373 1663 istuc
2403 1611 2760 1679 suscipientes
2787 1623 2986 1666 terram
3019 1614 3198 1668 adhuc
3252 1620 3488 1677 caleant,
3523 1624 3577 1670 et

2012 1710 2071 1755 ut
2103 1701 2336 1757 viatores
2367 1703 2586 1771 pulvere
2631 1705 3003 1772 inquinantur,
3031 1716 3084 1760 et
3116 1708 3347 1776 pedibus
3397 1706 3575 1760 oﬂ‘en-

333 1817 436 1852 ται
456 1802 547 1853 καὶ
574 1802 1091 1871 προσκόπτουσικα“ι
1113 1802 1328 1874 λῃστῶν
1375 1803 1642 1856 δεδοίκασι
1693 1805 1898 1872 χεῖρας,

2011 1794 2161 1858 dunt,
2189 1805 2666 1864 grassatorumque
2685 1811 2878 1851 manus
2930 1799 3142 1862 timent,
3171 1814 3271 1867 pro
3321 1799 3575 1868 praesenti

335 1893 482 1962 πρὸς
509 1893 604 1963 τὴν
655 1891 940 1964 παροῦσαν
991 1895 1182 1965 χρείαν
1220 1896 1405 1957 αὐτοῖς
1462 1895 1687 1956 είκότως
1742 1895 1903 1961 ἀρκεῖ

333 1985 434 2034 καὶ
461 1983 558 2052 τὴν
586 1984 736 2053 ίσχῦν
769 1983 949 2053 ἀνέχει
980 1987 1073 2038 καὶ
1103 1985 1324 2055 ἡγεμών
1371 1985 1600 2039 ἐστικαὶ
1624 1985 1898 2055 καθαίρει,

334 2074 448 2136 ἕως
471 2075 887 2139 καταλύσουσιν,
911 2070 972 2129 οῦ
1011 2077 1154 2130 κατά
1183 2077 1276 2129 τὸν
1312 2077 1521 2148 Πέτρου
1556 2077 1714 2146 λόγον
1737 2077 1901 2130 καλὸν

335 2163 482 2216 εἷναι
514 2166 605 2217 τὸν
640 2167 948 2236 ἄνθρωπον,
982 2169 1117 2221 ὅπου
1143 2170 1253 2222 τῶν
1281 2169 1457 2223 ἄλλων
1510 2169 1612 2239 μὲν
1675 2170 1901 2238 οὐδεμία

335 2261 517 2324 χώρα,
549 2257 606 2308 ὲν
632 2258 860 2328 καθαρῷ
898 2260 1240 2329 πραγμάτων
1258 2261 1441 2330 χωρίῳ
1477 2261 1724 2330 μένουσιν
1773 2262 1899 2330 ἠδη,

338 2348 506 2417 μόνον
528 2347 582 2400 δὲ
605 2349 868 2418 στέφανός
918 2352 1066 2403 ἐστιν
1108 2351 1291 2414 αὐτοῖς
1346 2355 1374 2405 ό
1429 2349 1663 2420 Χριστὸς
1725 2354 1902 2403 συνὼν

335 2438 620 2507 καθαρῶς.
657 2439 865 2494 Ουκοῦν
901 2440 975 2502 ὡς
1007 2441 1106 2509 μὲν
1137 2441 1436 2511 καθάρσιον
1453 2443 1550 2495 καὶ
1580 2442 1717 2509 πρὸς
1744 2441 1902 2495 τοῦτο

337 2532 548 2600 συστᾷν
577 2531 635 2596 ἐξ
671 2531 845 2602 ἀρχῆς
871 2533 1145 2600 μολυσμοῦ
1203 2532 1403 2595 παντὸς
1447 2533 1797 2599 ἀπαλλάττει,
1826 2534 1902 2597 ὡς

334 2623 401 2674 δὲ
432 2615 684 2686 κόινωνὸς
713 2625 846 2693 ἡμῖν
875 2625 980 2676 τῶν
1000 2625 1247 2692 ἀγώνων,
1283 2620 1357 2678 ὧν
1392 2625 1616 2695 ἡγεμὼν
1665 2628 1898 2696 ὑπῆρξε,

338 2716 693 2782 πρωτότοκος
722 2719 802 2778 είς
827 2716 1056 2778 τούτους
1092 2718 1509 2788 ἀποδυσάμενος
1559 2719 1712 2788 ἰσχὺν
1761 2720 1900 2773 κατὰ

334 2805 452 2856 τῶν
488 2805 868 2873 πολεμούντων
897 2807 1134 2876 παρέχει
1166 2824 1180 2838 ·
1231 2809 1311 2861 ὃτι
1359 2810 1415 2862 δὲ
1453 2810 1548 2863 καὶ
1579 2810 1750 2879 γέρας
1802 2813 1902 2864 οὐκ

333 2895 476 2946 ἄνευ
516 2895 711 2958 πόνων,
743 2895 772 2946 δ
804 2896 986 2948 τοίνυν
1014 2897 1088 2960 ὡς
1115 2895 1276 2950 ἆθλον
1302 2897 1414 2968 ἔχει
1444 2899 1504 2950 τὸ
1554 2900 1768 2952 δεῖπνον
1809 2901 1902 2953 καὶ

335 2985 419 3047 ὡς
449 2986 648 3054 ἐσχάτη
683 2987 1045 3055 μακαριότης,
1095 2988 1194 3040 τίν’
1234 2987 1346 3057 ἔχει
1368 2987 1544 3056 λόγον,
1575 2989 1651 3052 ὡς
1696 2989 1902 3044 ἐλάττω

336 3075 644 3144 δυναμένου
681 3078 952 3130 ποιεῖσθαι
981 3081 1283 3149 τεκμήριον
1307 3098 1322 3147 ;
1353 3081 1459 3133 Τὸν
1487 3082 1596 3134 ῐσον
1620 3081 1676 3134 δὲ
1700 3083 1902 3152 τρόπον

2007 1887 2326 1940 necessitate
2343 1887 2473 1955 ipsis
2497 1887 2653 1954 plane
2682 1886 2874 1942 subicit
2899 1889 2984 1942 hic
3009 1894 3183 1958 panis,
3203 1903 3254 1944 et
3277 1892 3416 1945 vires
3443 1908 3575 1946 sus-

2007 1984 2196 2040 tentat,
2234 1986 2286 2029 et
2336 1978 2444 2030 dux
2475 1988 2577 2043 est,
2624 1988 2672 2030 et
2703 1987 2915 2048 purgat,
2944 1978 3114 2033 donec
3139 1981 3427 2048 divertant,
3485 1983 3576 2035 ubi

2007 2068 2303 2123 secundum
2336 2067 2479 2120 Petri
2535 2071 2696 2122 verba
2728 2071 2777 2100 ⁷⁵
2803 2071 3003 2123 bonum
3030 2081 3109 2124 est
3137 2072 3406 2126 hominem
3436 2087 3576 2135 esse,

2009 2159 2099 2212 ubi
2135 2157 2254 2211 aliis
2285 2159 2463 2211 nullus
2492 2157 2736 2222 Iocus,in
2767 2163 2984 2226 regione
3008 2177 3035 2213 a
3059 2163 3286 2229 negotiis
3335 2163 3577 2216 molestis

2007 2249 2294 2318 liberajam
2314 2249 2684 2308 manentibus.
2704 2249 2850 2302 solus
2869 2261 3049 2303 autem
3067 2267 3264 2304 corona
3283 2252 3578 2320 ipsisChri-

2009 2351 2128 2396 stus
2155 2350 2259 2407 est,
2285 2357 2404 2395 cum
2438 2341 2516 2394 eis
2549 2340 2976 2395 familiarissime
3013 2358 3256 2396 versans.
3308 2343 3475 2414 Igitur
3521 2357 3580 2399 ut

2015 2432 2284 2502 purgandi
2323 2433 2427 2484 vim
2463 2433 2691 2496 habens,
2717 2441 2771 2486 et
2799 2434 2862 2485 ad
2899 2436 2999 2485 hoc
3046 2448 3074 2484 a
3100 2435 3368 2504 principio
3420 2437 3579 2490 insti-

2011 2534 2214 2590 tutum,
2259 2526 2671 2594 inquinamento
2697 2529 2844 2580 omni
2873 2527 3087 2580 liberat.
3121 2526 3190 2582 Ut
3247 2541 3427 2584 autem
3480 2547 3579 2585 nos

2008 2619 2061 2672 in
2092 2620 2476 2672 certaminibus
2495 2620 2731 2686 adjuvat,
2769 2634 2998 2686 quorum
3036 2619 3149 2687 ipse
3200 2621 3450 2676 Christus
3471 2624 3578 2676 dux

2009 2705 2108 2760 fuit
2152 2715 2296 2770 ante,
2332 2707 2538 2773 primus
2569 2707 2633 2760 ad
2667 2722 2726 2760 ea
2757 2723 3065 2776 aggressus,
3101 2710 3266 2762 robur
3319 2717 3580 2766 adversus

2008 2807 2386 2867 oppugnantes
2427 2798 2674 2867 largitur.
2743 2798 2878 2863 Quia
2917 2814 3044 2853 vero
3087 2802 3248 2854 etiam
3299 2806 3578 2868 praemium

2008 2901 2109 2957 est,
2147 2893 2358 2947 labores
2387 2894 2586 2962 quibus
2633 2890 2892 2946 debeatur
2943 2898 3197 2963 postulat.
3256 2899 3356 2961 Qui
3417 2900 3583 2964 igitur

2010 2998 2221 3039 cmuam
2255 2997 2308 3038 ut
2347 2984 2653 3053 praemium,
2685 2994 2737 3038 et
2769 2997 2821 3038 ut
2844 3000 3155 3054 supremam
3191 2989 3577 3043 beatitudinem

2013 3075 2188 3135 habet,
2206 3076 2480 3144 quomodo
2491 3075 2696 3128 caeteris
2716 3077 2893 3130 minus
2908 3092 3064 3145 posse
3083 3078 3436 3132 nihilominus
3457 3097 3590 3134 con-

338 3170 451 3237 χρὴ
487 3172 578 3222 καὶ
612 3171 738 3239 περὶ
771 3171 999 3241 θατέρου
1037 3148 1370 3241 ψηφίζεσθαι
1411 3174 1504 3227 καὶΙ
1548 3148 1810 3241 νομίζειν,
1837 3179 1901 3246 τῇ

2011 3157 2182 3228 iiciet?
2195 3166 2336 3220 Idem
2354 3165 2421 3220 de
2439 3166 2610 3220 altero
2624 3166 3046 3229 decernendum,
3061 3169 3588 3240 exisrimandumque

334 3265 643 3331 τελειότητι
674 3261 768 3314 τοῦ
803 3265 1100 3331 μυστηρίου
1131 3267 1206 3335 μὴ
1257 3265 1534 3334 πολεμεῖν.
1567 3267 1640 3318 Οὐ
1682 3266 1791 3335 γὰρ
1823 3267 1903 3318 ὅτι

340 3355 491 3421 μέγα
515 3353 763 3418 δύναται,
787 3356 876 3409 τὸν
896 3357 1191 3427 ἁμαρτίαις
1217 3358 1614 3429 διεφθαρμένον
1653 3359 1754 3411 οὐκ
1776 3360 1906 3411 ἀνα-

337 3446 594 3511 πλάττει,
655 3446 772 3499 ἀλλ’
799 3449 961 3500 αὐτὸν
995 3451 1068 3520 μὴ
1097 3449 1396 3520 δυνάμενον
1422 3452 1595 3505 ταῦτα
1641 3450 1904 3516 δέξασθαι

337 3540 440 3588 καὶ
465 3541 678 3603 παθεῖν,
715 3541 808 3594 ἆτε
849 3541 948 3610 τὴν
1011 3540 1234 3612 πρώτην
1268 3542 1346 3595 ἔτι
1391 3543 1625 3614 φέροντα
1685 3544 1902 3608 πλάσιν,

335 3625 492 3702 ᾗπερ
525 3638 579 3684 ἐν
610 3635 724 3694 τοῖς
763 3634 999 3702 πρόσθεν
1023 3636 1234 3704 είρηται
1279 3635 1477 3703 λόγοις,
1521 3639 1588 3705 ἥν
1639 3637 1903 3706 ἀφανίσαι

338 3725 440 3774 καὶ
465 3722 574 3774 τῶν
616 3723 802 3791 ψυχῶν
873 3724 1072 3788 ἐξελεῖν
1114 3728 1220 3778 τῶν
1252 3725 1404 3790 ἅπαξ
1461 3727 1901 3796 βαπτισαμένων,

338 3814 466 3864 οὐδὲ
495 3814 591 3879 τῆς
618 3815 852 3882 ἐσχάτης
883 3816 998 3868 ὲστὶ
1034 3819 1295 3887 πονηρίας
1371 3817 1478 3871 οὐδ’
1505 3819 1570 3871 ἂν
1614 3819 1782 3889 αὐτὴν
1807 3821 1906 3890 ἀρ-

338 3902 614 3968 νήσασθαι
663 3903 1030 3971 τολμήσωσιν,
1081 3906 1149 3976 ἢν
1185 3905 1556 3976 ζὼμολόγησαν
1600 3907 1676 3976 τῷ
1743 3907 1907 3976 κοινῷ

339 3995 592 4064 Δεσπότῃ
629 3995 898 4062 δουλείαν,
933 3997 1007 4059 ὼς
1039 3999 1160 4050 οὐδὲ
1194 3999 1292 4062 τῆς
1323 3999 1495 4068 ἄκρας
1519 3999 1835 4068 φιλοσοφίας
1871 4001 1904 4071 ὴ

339 4085 512 4153 ψιλῆς
536 4087 631 4153 τῆς
658 4087 949 4155 ὁμολογίας
983 4090 1306 4158 δυνηθείσης
1331 4091 1586 4157 ἐνθεῖναι,
1613 4091 1791 4144 ἔπειθ’
1822 4093 1904 4143 ὃτι

340 4176 445 4230 καὶ
472 4177 703 4230 καθόλου
736 4181 1002 4248 κρείττων
1037 4181 1186 4232 ἐστὶν
1216 4183 1243 4234 ό
1274 4182 1560 4251 ἄνθρωπος
1590 4184 1622 4256 ἢ
1650 4182 1904 4236 τεθνάναι

339 4270 442 4321 καὶ
469 4271 873 4339 συντετρίφθαι,
898 4271 1088 4324 τούτου
1119 4273 1175 4324 δὲ
1204 4275 1373 4344 χωρὶς
1407 4274 1506 4326 οὐκ
1538 4269 1607 4345 ἦν
1631 4275 1908 4330 ἀναπλάτ-

336 4360 556 4413 τεσθαι.
595 4361 703 4413 Καὶ
730 4361 884 4431 γάρὸ
917 4362 1018 4431 μὲν
1051 4362 1280 4425 θάνατος
1327 4362 1418 4415 τοῦ
1474 4365 1710 4417 παλαιοῦ
1771 4365 1906 4434 κόμ-

343 4466 540 4520 ματος,
583 4452 678 4504 καὶ⁷
703 4445 856 4512 οὗτος
890 4454 917 4504 ὁ
940 4452 1235 4522 δυνάμενος
1288 4455 1671 4522 ἀποθνήσκειν,
1723 4456 1781 4508 ὃν
1814 4461 1907 4509 ἀν-

337 4541 548 4592 έδωκεν
586 4543 612 4592 ὁ
645 4541 790 4609 χοῦς,
822 4559 840 4590 ι
884 4543 948 4593 Ἠ
1003 4543 1111 4610 γὰρ
1163 4541 1339 4611 ἀξίνη.
1405 4549 1569 4615 φησὶν
1625 4546 1903 4616 Ἰωάννης.

337 4634 483 4700 πρῖς
514 4632 610 4699 τὴν
640 4631 798 4699 ῥίζαν
833 4633 940 4684 τῶν
968 4633 1199 4703 δένδρων
1230 4637 1407 4687 κεῖται
1440 4651 1456 4666 ο
1487 4653 1506 4687 ι
1550 4638 1577 4688 ό
1604 4636 1662 4689 δὲ
1723 4637 1905 4690 λελου-

340 4722 508 4791 μένος
540 4723 638 4792 ήδη
679 4724 769 4774 τὸν
805 4723 922 4776 νέον
957 4727 1138 4795 φορεῖ,
1173 4725 1370 4778 οὐκοῦν
1405 4727 1519 4788 πῶς
1557 4727 1656 4796 μὲν
1692 4731 1904 4782 ἀποθα-

335 4818 516 4866 νεῖται
540 4815 675 4884 πρὸς
712 4815 802 4867 τὸν
844 4815 1016 4885 ’Δδὰμ
1051 4818 1419 4886 ἡρμοσμένος,
1461 4820 1519 4882 ὃς
1543 4821 1726 4874 οὐκέτι
1775 4825 1910 4875 ἀπο-

335 4906 609 4972 θνήσκει;
652 4905 791 4958 Ἀνθ⁹
814 4907 936 4958 ὅτου
972 4907 1014 4958 δ’
1066 4906 1132 4959 ἂν
1169 4907 1452 4973 ἀποθάνοι,
1515 4911 1572 4962 ὂν
1622 4912 1762 4982 ὑπὲρ
1813 4912 1908 4965 τοῦ

336 4995 532 5046 λαϐεῖν
563 4995 668 5048 ἔδει
694 4995 968 5058 τεθνάνάι,
986 4994 1174 5050 τοῦτον
1196 4996 1276 5049 ἔτι
1308 4998 1492 5068 φέρων
1525 5001 1583 5052 ὲν
1619 5003 1682 5068 τῇ
1713 5001 1857 5071 ψυχῇ
1889 5018 1903 5066 ;

335 5085 518 5138 Τοῦτο
551 5085 608 5138 δὲ
634 5086 741 5137 οὐδ’
769 5087 863 5160 ἀπ’
915 5086 1080 5140 αὑτοῦ
1153 5087 1339 5142 λαϐεῖν
1389 5089 1597 5155 ἔξεστιν
1645 5092 1738 5144 τοῦ
1788 5092 1912 5144 λου-

332 5176 474 5246 τρσῦ
499 5193 512 5206 ·
537 5177 652 5239 πῶς
672 5175 761 5231 οῦν
787 5177 851 5230 ἂν
877 5179 1088 5246 γένοιτο
1107 5179 1212 5232 τῶν
1239 5181 1473 5234 τελετῶν
1497 5181 1696 5251 ταύτης
1726 5181 1907 5250 ἐκείνη

334 5269 522 5336 τούτῳ
571 5267 813 5335 βελτίων,
838 5268 867 5321 δ
890 5271 1018 5339 παρ’
1057 5274 1259 5340 ἀμφοῖν
1285 5274 1488 5341 ὁμοίως
1517 5273 1616 5324 οὐκ
1647 5273 1798 5324 ἐστιν
1827 5273 1918 5323 εὑ-

339 5361 498 5427 ρεῖν;
527 5360 602 5410 Οὐ
619 5362 729 5427 γάρ
749 5360 856 5412 οὐδ’
890 5361 1019 5411 αὐτὸ
1040 5361 1258 5414 δύναται
1285 5365 1343 5415 τὸ
1364 5363 1650 5433 βάπτισμα
1666 5364 1789 5423 τοὺς
1814 5362 1913 5431 ήδη

339 5450 633 5520 περιόντας
657 5451 752 5501 καὶ
778 5451 1189 5518 πεπλασμένους
1207 5454 1360 5517 αὖθις
1374 5455 1693 5524 ἀναγεννᾷν,
1712 5456 1740 5508 ὃ
1760 5471 1817 5505 τε
1844 5455 1919 5506 is-

342 5545 434 5612 ρὸς
455 5543 656 5610 θεσμὸς
672 5543 861 5596 οὐδένα
891 5543 980 5596 διὰ
996 5544 1164 5595 ταῦτα
1184 5545 1263 5607 δὶς
1281 5547 1498 5599 ἔλουσεν
1521 5549 1618 5600 ἀνθ
1629 5565 1827 5616 ρωπον,
1852 5546 1912 5598 οὐ

2011 3258 2331 3328 perfectioni
2363 3259 2607 3328 mysterii
2647 3273 2753 3310 non
2785 3273 3105 3327 repugnare.
3139 3262 3252 3315 Non
3286 3265 3430 3316 enim
3459 3265 3585 3332 quia

2011 3365 2120 3404 non
2148 3350 2378 3404 multum
2418 3358 2618 3419 potest,
2649 3351 2884 3417 peccatis
2913 3353 3179 3420 perditum
3228 3371 3332 3407 non
3354 3358 3583 3425 retingit,

2011 3445 2103 3497 sed
2135 3443 2262 3512 quia
2287 3457 2409 3496 cum
2444 3442 2672 3509 primam
2732 3441 3109 3497 formationem
3169 3461 3260 3498 seu
3311 3449 3589 3502 chararie-

2009 3547 2124 3586 rem
2151 3533 2329 3586 adhuc
2358 3530 2642 3596 ferat,alio
2671 3531 2916 3598 insigniri
2946 3534 3155 3602 nequit.
3187 3535 3325 3590 sicut
3357 3548 3481 3592 ante
3507 3540 3589 3592 di-

2010 3633 2155 3678 ctum
2188 3633 2272 3678 est
2311 3641 2325 3688 ;
2354 3637 2515 3692 quem
2577 3621 2757 3675 delere
2789 3633 2841 3676 et
2868 3640 2932 3676 ex
2960 3626 3247 3681 animabus
3278 3631 3442 3683 semel
3498 3632 3589 3682 ha-

2010 3714 2334 3782 ptizatorum
2373 3712 2614 3774 eradere,
2645 3727 2742 3764 nec
2766 3724 3023 3767 extremae
3056 3717 3271 3783 quidem
3323 3719 3587 3786 improbi-

2012 3802 2138 3854 tatis
2164 3813 2267 3866 est,
2301 3814 2402 3855 nec
2429 3800 2479 3853 id
2501 3809 2772 3868 poterunt,
2793 3803 3042 3869 quamvis
3063 3816 3270 3872 pactam
3313 3811 3586 3862 communi

2013 3890 2548 3946 Dominiservitutem
2565 3893 2834 3960 abnegare
2859 3909 2968 3946 non
3009 3896 3395 3961 dubitaverint,
3425 3916 3584 3967 quem

2012 3983 2120 4037 illis
2153 3997 2253 4035 nec
2287 3997 2496 4035 summa
2521 3982 2881 4050 philosophia,
2912 3999 3006 4038 nec
3027 3987 3168 4040 nuda
3197 3990 3466 4044 confessio
3489 3995 3587 4048 imt

2012 4074 2245 4142 primere
2275 4073 2468 4140 potuit.
2505 4070 2705 4126 Deinde
2763 4074 2890 4141 quia
2979 4076 3224 4132 universe
3279 4083 3468 4134 melius
3529 4101 3588 4139 es

2012 4167 2290 4221 hominem
2319 4179 2457 4228 esse,
2494 4182 2656 4234 quam
2688 4177 2955 4220 mortumn
2979 4177 3032 4221 et
3092 4173 3386 4227 contritum
3442 4192 3586 4242 esse,

2011 4259 2131 4314 sine
2161 4273 2268 4326 quo
2287 4272 2394 4311 non
2409 4259 2568 4312 datur
2601 4259 2832 4314 relictio.
2864 4259 3078 4315 Etenim
3104 4276 3251 4317 mors
3281 4274 3362 4319 est
3395 4271 3589 4323 veteris

2013 4363 2265 4416 monetae,
2306 4359 2361 4402 et
2396 4351 2482 4404 hic
2516 4351 2718 4419 estqui
2751 4351 2886 4404 mori
2936 4362 3134 4420 potest,
3195 4370 3356 4420 que'n
3415 4359 3590 4424 pulvis

2014 4442 2307 4511 produxit:
2346 4460 2365 4494 ι
2399 4442 2618 4496 Securis
2653 4442 2821 4506 enim,
2857 4443 3032 4512 inquit
3089 4444 3448 4516 Evangelista,
3521 4453 3587 4505 ad

2015 4533 2250 4587 radicem
2315 4535 2532 4587 arboris
2603 4535 2776 4603 posita
2833 4544 2915 4588 est
2943 4535 3051 4599 ⁷⁷,ι
3105 4539 3324 4594 ablutus
3384 4556 3586 4605 autem,

2008 4627 2120 4697 jam
2147 4641 2346 4680 novum
2374 4627 2646 4681 hominem
2699 4636 2897 4697 portat.
2935 4626 3215 4692 Quomodo
3274 4632 3438 4701 igitur
3473 4652 3590 4688 mo-

2019 4718 2214 4782 rietur,
2257 4720 2464 4770 Adamo
2501 4717 2679 4769 adhuc
2718 4718 3062 4787 conjunctus,
3094 4721 3186 4788 qui
3219 4724 3450 4791 amplius
3483 4742 3590 4780 non

2017 4808 2248 4863 moritur
2278 4806 2383 4860 ?Et
2420 4823 2516 4875 pro
2546 4823 2652 4876 quo
2686 4812 2898 4862 tandem
2932 4821 3254 4876 moreretur,
3310 4829 3434 4867 cum
3497 4833 3593 4884 pro

2016 4916 2124 4972 quo
2156 4901 2469 4968 accipiendo
2497 4899 2633 4952 mori
2658 4902 2962 4967 oportebat,
2983 4916 3105 4955 eum
3135 4903 3314 4958 adhuc
3340 4905 3394 4959 in
3414 4909 3592 4960 anima

2013 4995 2221 5063 gestet?
2242 4989 2352 5048 Hoc
2372 5002 2550 5046 autem
2576 5006 2674 5047 nec
2697 4993 2764 5046 ab
2793 4994 2908 5061 ipso
2925 4995 3142 5049 lavacro
3167 5001 3425 5066 consequi
3451 5000 3590 5053 licet.

2016 5085 2118 5151 Qui
2149 5101 2276 5154 ergo
2304 5085 2405 5139 hoc
2436 5087 2692 5154 mysterio
2729 5085 2858 5140 illud
2891 5091 2958 5140 sit
3003 5087 3218 5151 melius,
3253 5089 3306 5142 in
3334 5105 3419 5153 eo,
3449 5091 3595 5158 quod

2015 5193 2170 5245 mque
2211 5177 2262 5229 iu
2296 5190 2487 5230 neutro
2519 5178 2835 5230 invenitur?
2892 5177 2999 5232 Nec
3035 5179 3179 5232 enim
3233 5195 3296 5234 ea
3345 5178 3595 5246 baptismi

2019 5271 2100 5323 vis
2133 5279 2235 5330 est,
2267 5278 2325 5320 ut
2355 5270 2465 5337 jam
2499 5279 2774 5324 exstantes
2822 5277 2876 5322 et
2915 5269 3182 5325 iormatos
3225 5271 3406 5325 denuo
3437 5285 3594 5338 gene-

2022 5374 2143 5413 rare
2175 5368 2374 5426 queat;
2403 5369 2630 5425 etsucra
2651 5362 2730 5414 lex
2768 5363 3034 5414 nemiuem
3061 5364 3260 5414 idcirco
3290 5363 3372 5414 bis
3402 5361 3594 5421 abluit,

2024 5466 2198 5518 neque
2227 5449 2278 5502 id
2308 5451 2610 5517 disciplina:
2638 5461 2692 5504 et
2719 5452 2924 5504 ordinis
2962 5452 3154 5518 gratia,
3210 5451 3305 5504 sed
3335 5449 3477 5518 quod
3511 5449 3596 5504 bis

2025 5544 2076 5596 in
2103 5544 2290 5595 eodem
2325 5543 2568 5609 generari
2601 5545 2673 5596 sit
2704 5543 3058 5612 impossibile.

340 5636 514 5688 τύπον
535 5639 657 5690 τινὰ
681 5637 868 5702 σώζων
891 5639 984 5691 καὶ
1001 5639 1176 5705 τάξιν,
1204 5636 1324 5690 ἀλλ’
1347 5640 1428 5690 ὅτι
1450 5638 1530 5700 δὶς
1553 5640 1695 5692 κατά
1717 5640 1913 5692 ταύτὶν
1944 5633 2270 5704 γεννηθῆναι
2295 5634 2404 5685 τῶν
2441 5633 2762 5701 ἀμηχάνων.

414 5754 462 5787 ⁷⁸
493 5752 728 5825 Philipp.
762 5770 801 5819 ι,
841 5753 930 5810 25.
1010 5755 1054 5787 "
1087 5753 1277 5809 Matth.
1315 5769 1444 5820 xvii,
1481 5755 1533 5808 4.
1610 5753 1655 5785 ⁷⁷
1699 5753 1887 5807 Matth.
1916 5767 1995 5815 ut,
2039 5752 2123 5804 10.
