3982 6208
454 292 552 356 611
1678 274 1990 338 NICOLAI
2050 276 2442 337 CABASILAE
3551 274 3649 337 612

531 397 717 467 Atqui,
746 398 1000 449 occurret
1033 388 1254 458 aliquis,
1283 386 1370 440 hic
1394 392 1479 439 est
1513 385 1837 453 baptismus,
1875 385 2030 440 si’re—
2064 393 2103 448 Α

2075 393 2104 448 λ
2204 387 2314 438 Καὶ
2347 388 2456 455 μὴν
2485 387 2627 439 εἴποι
2654 402 2735 447 τις
2766 384 2854 449 ἂν,
2883 383 3039 438 τοῦτό
3060 383 3172 437 ἐστι
3196 384 3459 455 βάπτισμα
3478 388 3529 439 τὸ
3564 388 3647 458 τὴν

458 491 713 558 ligioncm
745 500 931 540 coram
965 477 1411 551 persecutoribus
1449 476 1734 530 confessus
1770 475 2030 532 moriare.

2141 477 2438 547 θρησκείαν
2457 480 2567 539 τοῖς
2587 477 2844 540 διώκταις
2871 476 3273 551 ἐπιδειξάμενον
3300 479 3645 548 ἀποθνήσκειν·

459 582 598 645 Quid
631 579 796 648 igitur
830 574 981 629 multi
1015 572 1170 640 aquis
1197 569 1421 630 initiati,
1454 577 1507 619 et
1539 568 1641 620 hoc
1667 567 1901 621 stadium
1939 569 2031 621 de-

2138 570 2191 623 τί
2220 571 2314 623 οῦν
2337 568 2521 623 πολλοὶ⁵
2548 571 2658 622 τῶν
2694 573 2783 624 ἐπὶ
2811 571 2904 623 τοῦ
2943 568 3134 633 ὓδατος
3164 569 3535 638 τετελεσμένων
3566 572 3645 623 καὶ

459 678 768 731 currerunt,
801 675 854 720 et
883 665 1117 718 alterum
1159 663 1262 714 hoc
1294 662 1571 713 lavacrum
1630 659 2031 728 susceperunti

2140 663 2329 717 τοῦτον
2355 660 2518 732 ἦλθον
2545 664 2635 716 τὸν
2659 663 2881 733 δρόμον,
2912 663 3165 730 δεύτερον
3201 662 3355 715 τοῦτο
3400 662 3651 732 δεξάμενοι

461 761 598 814 Huic
631 755 917 826 quaestioni
957 755 1027 806 ita
1064 765 1439 805 occurremus.
1480 748 1620 814 Quid
1653 749 1717 801 ad
1750 749 2033 827 Christum

2140 755 2198 807 τὸ
2227 755 2484 825 λουτρόν;
2518 754 2657 807 Ἀλλ’
2685 757 2861 808 ἐκεῖνό
2886 772 2948 822 γε
2981 758 3113 823 πρὸς
3137 754 3302 806 ταῦτα
3322 754 3459 806 ἐστιν
3481 757 3648 809 εἰπεῖν.

463 868 522 907 se
550 850 862 919 adjungere,
886 854 940 897 et
963 857 1068 896 una
1096 857 1220 894 cum
1243 857 1306 893 eo
1330 842 1512 893 vivere
1536 840 1908 906 instituerunt,
1940 854 2035 895 eos

2151 843 2239 908 Ὠς
2272 845 2380 916 ἄρα
2414 847 2491 915 τῷ
2535 846 2755 915 Χριστῷ
2810 848 2939 908 τοὺς
2992 844 3263 898 συνελθεῖν
3312 846 3403 898 καὶ
3452 845 3655 915 συζῆσαι

457 939 821 1001 commendat,
859 936 1003 1005 quod
1040 934 1188 987 illius
1236 947 1395 984 manu
1450 932 1708 1000 praeclare
1760 930 1872 984 iit-ti
1926 930 2029 983 for-

2142 937 2559 1006 προῃρημὲνους
2611 938 2895 1006 συνίστησι
2953 935 3053 1004 μὲν
3099 935 3158 986 τὸ
3215 935 3348 999 πρὸς
3389 936 3651 1006 τὴνκαλὴν

458 1034 696 1099 matique
730 1002 892 1081 sunt,
915 1025 1275 1080 Commendat
1308 1024 1494 1085 etiam,
1529 1022 1675 1091 quod
1726 1037 1821 1090 per
1866 1022 2030 1074 virtu-

2142 1002 2469 1079 πλάσινῦπὸ
2498 1029 2595 1095 τῆς
2615 1028 2795 1097 χειρὸς
2820 1002 3033 1096 ἐκείνης
3061 1026 3381 1090 πεπλάσθαι,
3406 1002 3656 1096 συνίστησι

462 1134 567 1177 tem
606 1122 707 1189 ipsi
746 1136 836 1189 per
868 1118 1215 1185 semetipsos,
1248 1127 1298 1168 et
1333 1129 1425 1183 per
1448 1114 1692 1167 laudatos
1722 1126 1918 1183 agones
1948 1125 2034 1165 ac-

2142 1117 2197 1169 δὲ
2226 1117 2284 1168 τὸ
2316 1117 2384 1169 δι’
2422 1118 2622 1186 ἀρετῆς
2659 1118 2857 1180 αὐτοὺς
2887 1117 3015 1186 παρ’
3048 1117 3255 1170 ἑαυτῶν
3284 1114 3553 1184 ἀφικέσθαι
3576 1116 3658 1167 καὶ

457 1223 758 1267 cesserunt.
800 1214 952 1279 Aqua
986 1212 1149 1277 igitur
1203 1206 1489 1275 baptizari,
1538 1205 1806 1259 hominem
1864 1203 2029 1272 ﬁngit,

2141 1212 2251 1263 τῶν
2300 1211 2703 1279 ἐπαινουμένων
2758 1213 3009 1279 ἀγώνων,
3059 1212 3120 1263 τὸ
3159 1212 3255 1279 μὲν
3280 1207 3370 1263 οῦν
3399 1209 3541 1264 ὕδατι
3574 1209 3658 1279 βα-

458 1317 508 1358 et
545 1306 596 1357 id
630 1319 796 1357 unum
828 1306 1005 1369 potest
1033 1316 1047 1364 ;
1083 1313 1229 1352 mors
1259 1313 1355 1366 pro
1382 1296 1602 1350 Christo
1629 1300 1891 1364 oppetita,
1919 1296 2030 1350 sine

2144 1305 2437 1372 πτισθῆναι
2487 1304 2712 1357 πλάττει
2756 1305 2847 1356 τὸν
2880 1304 3189 1373 ἄνθρωπον,
3222 1304 3313 1356 καὶ
3369 1302 3500 1354 τοῦτ’
3546 1302 3655 1353 αὐτὸ

459 1397 623 1449 dubio
675 1404 962 1460 utrumque
1008 1400 1202 1459 potest,
1233 1390 1444 1458 etquod
1466 1404 1605 1458 aqua
1641 1390 1770 1442 dare
1800 1389 1960 1451 valet,
1982 1397 2031 1442 et

2142 1396 2364 1449 δύναται
2424 1398 2607 1463 μόνον,
2637 1398 2663 1448 ὁ
2702 1396 2748 1447 δ’
2778 1395 2918 1463 ὑπὲρ
2957 1393 3197 1461 Χριστοῦ
3266 1393 3483 1454 θάνατος
3528 1391 3659 1452 δῆλός

461 1488 601 1554 quod
632 1502 662 1541 a
700 1486 855 1539 nobis
888 1484 1249 1552 prasstandum
1277 1492 1379 1536 est.
1411 1480 1647 1535 Proinde
1669 1481 1905 1535 nondum
1932 1482 2033 1533 ini-

2142 1488 2291 1540 ἐστιν
2310 1488 2619 1556 ἀμφότερον
2650 1485 2808 1555 ἔχων,
2860 1488 2889 1538 ὅ
2931 1500 2989 1537 τε
3034 1487 3291 1555 χορηγεῖν
3328 1478 3430 1535 οἶδε
3458 1482 3512 1534 τὸ
3541 1480 3662 1542 ὕδωρ

464 1580 613 1632 tiatis
650 1577 985 1646 propositum
1042 1586 1125 1629 est
1155 1574 1371 1643 quidem
1458 1573 1747 1641 baptisma,
1777 1580 1831 1625 et
1863 1572 2033 1636 ﬁctio,

2144 1581 2237 1631 καὶ
2265 1578 2293 1630 ὃ
2326 1579 2455 1646 παρ’
2486 1577 2643 1646 ἡμῶν
2702 1577 3049 1647 εἰσφέρεσθαι
3101 1577 3203 1630 δεῖ.
3243 1576 3347 1627 Καὶ
3374 1574 3536 1626 τοίνυν
3567 1572 3661 1631 τοῖς

472 1670 839 1723 testimonium
875 1669 940 1721 de
969 1667 1210 1729 Christo,
1242 1664 1291 1719 et
1330 1665 1612 1733 sepultura
1638 1680 1759 1719 cum
1793 1664 2034 1731 Christo,

2149 1672 2251 1741 μὲν
2286 1672 2453 1740 μήπω
2504 1670 2880 1739 μεμνημένοις
2949 1669 3064 1721 ἐστι
3125 1669 3224 1736 μὲν
3279 1667 3544 1736 βάπτισμα
3585 1666 3662 1715 καί

472 1760 527 1813 in
563 1759 762 1827 quibus
788 1758 1041 1826 baptismi
1070 1757 1191 1811 linis
1212 1767 1269 1811 et
1296 1770 1495 1824 scopus
1513 1765 1616 1809 est.
1647 1753 1925 1825 Proposita
1957 1767 2040 1811 est

2092 1752 2337 1826 Ξπλάσις
2385 1763 2464 1831 τῷ
2511 1762 2731 1832 Χριστῷ
2760 1764 2856 1815 καὶ
2916 1762 3051 1831 μετά
3098 1758 3334 1829 Χριστοῦ
3367 1759 3455 1810 καὶ
3485 1773 3664 1825 μαρτυ-

466 1852 595 1907 item
629 1854 821 1913 virtus,
860 1851 1149 1905 sudoribus
1212 1864 1309 1918 pro
1341 1848 1482 1901 bono
1514 1847 1605 1899 illo
1644 1848 2038 1937 supremo’adi-

2146 1856 2297 1925 ροῦσι
2336 1856 2429 1908 καὶ
2463 1854 2850 1922 θαπτομένοις,
2904 1855 2961 1905 ὲν
3008 1848 3088 1914 οἷς
3134 1854 3163 1905 ὁ
3193 1850 3287 1903 τοῦ
3327 1850 3664 1919 βαπτίσματος

466 1945 745 2014 ρίεουηιίο,
773 1955 825 1997 et
856 1954 1097 1997 extrema
1127 1940 1411 1993 tolerantia
1442 1938 1688 1992 laborum
1721 1939 1898 2005 plena.
1934 1937 2038 1991 lni-

2142 1949 2373 2017 ἕστηκεν
2422 1949 2567 2014 ὅρος,
2619 1946 2827 1999 ἔστιδὲ
2860 1945 3032 2016 ἀρετὴ
3085 1945 3195 1996 τῶν
3243 1942 3379 2011 ὑπὲρ
3399 1940 3488 1993 τοῦ
3520 1938 3664 1991 καλοῦ

468 2038 617 2089 tiatis
652 2050 809 2102 porro
839 2034 1071 2102 primum
1117 2045 1222 2083 non
1253 2028 1534 2097 contingit,
1556 2028 1643 2095 qui
1665 2028 1773 2094 jam
1800 2024 2040 2081 tictil‘or—

2144 2038 2333 2107 γέμων
2370 2039 2615 2106 ἱδρώτων
2646 2038 2741 2091 καὶ
2791 2037 3086 2105 καρτερίας
3151 2039 3251 2105 τῆς
3292 2035 3547 2102 ἐσχάτηςο
3576 2034 3668 2093 τοῖς

477 2128 717 2195 ηιθιίιιυσ·
736 2135 863 2179 sunt
880 2134 933 2179 et
948 2125 1132 2177 vivunt
1152 2142 1163 2175 :
1184 2120 1481 2176 secundum
1524 2118 1805 2187 contingit.
1831 2118 2041 2172 Etenim

2142 2132 2200 2186 δὲ
2249 2130 2660 2199 τετελεσμένοις
2719 2131 2781 2183 τὸ
2827 2130 2927 2199 μὲν
2974 2128 3194 2199 πρῶτον
3229 2128 3287 2181 οὐ
3320 2127 3515 2195 γίνεται
3557 2124 3669 2175 πλα-

472 2218 914 2272 exercitationem
945 2215 1180 2283 pietatis,
1200 2221 1253 2267 et
1286 2211 1562 2272 virtutem,
1587 2220 1639 2264 et
1660 2224 1729 2263 an
1767 2209 2042 2297 Christum

2147 2229 2351 2281 σθεῖσιν
2366 2198 2466 2295 ῆδῆ
2485 2229 2578 2297 κα]
2604 2204 2761 2291 ζῶσί,
2789 2226 2850 2279 τὸ
2869 2198 3122 2293 δεύτερον
3144 2224 3221 2287 δὲ,
3243 2226 3336 2276 καὶ
3358 2222 3461 2290 γὰρ
3486 2218 3665 2287 γυμνά·

461 2312 835 2365 uoverimuset
848 2323 1090 2361 amemus
1104 2320 1265 2374 super
1281 2304 1462 2357 omnia
1476 2318 1594 2372 quae
1607 2303 1774 2355 amari
1789 2289 2033 2370 possunt,

2148 2336 2259 2371 σιον
2307 2289 2722 2378 εὐσεῦείοῖςγκαὶ
2765 2315 2970 2387 ἀρετῆς
3011 2289 3313 2380 ἀπόδειξις,
3365 2289 3455 2365 καῖ
3483 2310 3567 2364 τοῦ
3593 2310 3668 2361 τὸν

461 2412 513 2455 et
541 2400 906 2455 ﬁrmissimam
930 2412 1077 2465 spem
1098 2397 1149 2449 in
1167 2395 1341 2459 illiilli,
1366 2395 1500 2457 hiPC,
1529 2393 1773 2461 inquam,
1800 2391 2033 2457 ferrum,

2143 2410 2378 2479 Χριστὸν
2411 2410 2613 2463 είδέναι
2666 2410 2762 2462 καὶ
2818 2408 2992 2476 φιλεῖν
3024 2408 3123 2476 μὲν
3157 2407 3299 2472 ὑπὲρ
3328 2405 3355 2456 ὃ
3391 2423 3439 2455 τι
3474 2399 3668 2471 φιλητὸν

468 2502 522 2548 et
557 2494 720 2561 ignis.
742 2502 794 2547 et
822 2490 1140 2561 gravissima
1169 2502 1397 2557 quaeque
1433 2495 1701 2539 tormenta
1758 2485 2040 2539 manifeste

2145 2503 2311 2563 ἅπαν,
2346 2499 2455 2552 τῶν
2483 2500 2526 2551 δ’
2555 2501 2633 2562 είς
2670 2488 2875 2551 ἐκεῖνον
2908 2496 3141 2550 ἐλπίδων
3177 2496 3339 2565 μηδὲν
3362 2493 3661 2561 ἀσφαλέστε-

468 2589 785 2641 ostendunt.
818 2584 1021 2639 llorum
1044 2596 1208 2637 causa
1234 2579 1561 2648 baptismate
1589 2579 1753 2633 semel
1803 2577 2040 2632 initiatos

2149 2609 2240 2661 pov
2261 2592 2438 2658 ἄγειν,
2472 2593 2639 2659 πεῖρα
2690 2566 2869 2657 σαφὴς
2914 2589 3121 2658 σιδήρῳ
3152 2586 3248 2640 καὶ
3299 2586 3432 2653 πυρὶ
3461 2584 3546 2635 καῖ
3572 2583 3665 2641 τοῖς

461 2680 654 2732 eodem
697 2690 886 2729 rursus
919 2674 996 2728 uti
1023 2671 1248 2726 minime
1287 2671 1367 2724 fas
1397 2680 1500 2733 est,
1538 2684 1661 2724 cum
1688 2669 1893 2723 donare
1933 2681 2033 2722 non

2148 2683 2247 2752 μὲν
2308 2682 2635 2751 βιαιοτάτοις
2657 2681 3070 2750 δοκιμασθεῖσα.
3098 2681 3135 2730 Κ
3149 2680 3211 2733 αὶ
3229 2677 3430 2732 τούτων
3442 2677 3589 2728 ἕνεκα
3605 2670 3667 2740 τῷ

466 2769 590 2838 plus
619 2773 807 2835 queat,
838 2778 1002 2832 quam
1035 2762 1179 2830 quod
1236 2761 1360 2813 inde
1394 2770 1675 2828 acceptum
1721 2760 2038 2813 retinemus.

2145 2772 2478 2842 βαπτίσματι
2516 2773 2641 2834 τοὺς
2675 2770 2822 2835 ἅπαξ
2856 2770 3246 2840 μεμυημένους
3295 2769 3445 2829 αὖθις
3475 2764 3665 2833 θεμιτὸν

461 2861 533 2913 At
574 2856 896 2926 martyrium
930 2854 1113 2908 subire
1142 2852 1305 2905 etiam
1338 2861 1500 2918 atque
1547 2850 1713 2904 etiam
1752 2849 1859 2914 tas,
1896 2851 2033 2917 quod

2142 2864 2341 2932 ἥκιστα
2366 2862 2625 2933 χρῆσθαι,
2646 2863 2935 2934 δωρεῖσθαι
2968 2862 3132 2932 μηδὲν
3165 2860 3346 2925 πλέον,
3373 2853 3432 2912 οῦ
3452 2858 3669 2915 λαθόντες

461 2964 581 3006 non-
604 2949 777 3003 solum
807 2960 1064 3014 generare
1094 2953 1147 2997 et
1183 2941 1441 3005 formare,
1474 2940 1569 2995 sed
1600 2943 1763 2995 etiam
1815 2957 2033 2997 coronas

2144 2955 2355 3008 ἐκεῖθεν
2381 2948 2600 3025 ἔχομεν,
2633 2955 2938 3024 δυναμένῳ,
2970 2957 3032 3025 τῇ
3068 2954 3350 3024 μαρτυρίᾳ
3372 2952 3423 3005 δὲ
3443 2953 3532 3004 καὶ
3551 2948 3667 3001 πάνυ

462 3043 531 3095 ob
563 3043 703 3095 facta
743 3052 1005 3107 generosa
1038 3036 1272 3105 plectere
1302 3033 1485 3088 novit:
1518 3042 1572 3088 et
1601 3043 1888 3103 propterea
1918 3048 2034 3103 pro-

2099 3101 2107 3118 .
2148 3050 2222 3118 μὴ
2256 3049 2415 3117 μόνον
2446 3050 2640 3117 γεννᾷν
2669 3050 2767 3101 καὶ
2796 3047 3076 3111 πλάττειν,
3108 3047 3251 3101 ἀλλά
3285 3046 3377 3099 καὶ
3410 3042 3671 3109 στεφάνους

461 3132 602 3188 [aliis
638 3098 813 3185 adhuc
848 3098 1304 3194 ambo,-initiatis
1359 3098 2033 3180 alterumvtrihuiturINi-

2089 3098 2108 3159 :
2147 3098 2328 3202 αὐτοῖς
2382 3098 2490 3193 ἀπδ
2526 3098 3286 3207 γεινναίωνέργωνπλέκειν
3334 3098 3661 3202 ἐπισταμένην

461 3225 536 3279 hil
565 3224 709 3277 enim
742 3235 964 3283 novum,
991 3236 1112 3273 cum
1146 3219 1275 3287 quid
1318 3220 1384 3272 ad
1414 3229 1704 3288 utrumque
1759 3226 1841 3273 est
1887 3219 2033 3287 utile,

2146 3229 2243 3282 καὶ
2262 3228 2349 3282 διὰ
2379 3229 2539 3282 τοῦτο
2575 3233 2686 3291 τοῖς
2743 3229 2844 3296 μὲν
2885 3228 3156 3298 ἀμυήτοις
3194 3228 3473 3298 ἀμφότερα
3500 3237 3670 3288 κεκτη-

457 3331 554 3370 eos
577 3316 667 3383 qui
710 3321 941 3381 utroque
975 3326 1080 3365 nou
1115 3310 1380 3379 indigent,
1413 3320 1628 3379 propter
1659 3309 1889 3365 alterum
1935 3313 2029 3375 uti,

2150 3320 2309 3393 μένῃ,
2355 3322 2470 3382 τοῖς
2518 3320 2894 3391 μεμνημένοις
2951 3320 3009 3373 δὲ
3056 3319 3313 3390 θάτερον,
3366 3316 3553 3370 Καινδν
3581 3312 3671 3380 γὰρ

459 3418 514 3459 et
543 3406 595 3459 id
622 3405 797 3459 solum
834 3417 943 3471 quo
972 3402 1208 3470 egebant
1251 3401 1479 3470 adipisci
1512 3419 1527 3454 :
1554 3401 1822 3470 siquidem
1855 3411 1909 3457 et
1953 3417 2031 3458 sa-

2146 3413 2319 3477 οὐδὲν,
2346 3412 2548 3482 ἑαυτὴν
2579 3414 2810 3482 συντελῆ
2840 3412 2978 3483 πρὸς
3007 3414 3179 3480 ἄμφω
3207 3410 3549 3481 παρεχομένῃ
3570 3404 3670 3463 τοὺς

460 3515 571 3554 στω
599 3514 798 3552 mensae
833 3497 975 3552 dona
1010 3509 1265 3564 purgare,
1291 3493 1383 3563 qui
1422 3509 1483 3547 ea
1508 3494 1750 3547 nondum
1784 3508 2032 3564 suscepe-

2144 3504 2474 3573 ἀμφοτέρων
2514 3504 2591 3572 μὴ
2622 3486 2912 3577 δεομένους
2958 3503 3098 3572 ὑπὲρ
3130 3501 3360 3573 θατέρου
3390 3497 3668 3569 χρωμένους

458 3603 607 3655 runt,
644 3597 697 3644 et
723 3589 833 3659 jam
873 3596 1131 3657 purgatos
1167 3586 1474 3639 illuminare
1498 3595 1924 3639 consueverunt.
1974 3586 2030 3639 Et

2143 3593 2455 3662 τυγχάνειν,
2472 3585 2533 3645 οὗ
2550 3593 2759 3647 δέονται
2779 3593 2964 3662 μόνου,
2988 3592 3110 3643 ἐπεὶ
3128 3592 3229 3645 καὶ
3244 3590 3310 3644 τὰ
3328 3589 3422 3658 τῆς
3443 3586 3578 3652 ἱερᾶς
3589 3581 3674 3634 δῶ-

460 3693 641 3737 tamen
680 3682 813 3735 nihil
841 3680 1025 3734 obstat
1046 3678 1177 3747 quin
1237 3676 1307 3731 ob
1328 3676 1558 3731 alterum
1593 3676 1661 3730 ad
1720 3677 2032 3748 mysterium

2147 3701 2217 3754 Ρα
2240 3685 2518 3755 τραπέζης
2541 3682 2653 3737 οἶδε
2682 3686 2785 3754 μὲν
2808 3685 3091 3754 καθαίρειν
3113 3686 3243 3746 τοὺς
3268 3684 3432 3754 μήπω
3447 3677 3588 3733 τοῦτο
3604 3674 3673 3726 δε-

456 3774 743 3834 accedant,
774 3773 867 3839 qui
892 3772 1042 3840 prius
1065 3768 1441 3823 obtinuerunt.
1482 3766 1549 3820 Et
1587 3767 1657 3822 de
1687 3767 1773 3822 his
1805 3767 1962 3823 satis.

2138 3776 2425 3845 ξαμένους,
2438 3777 2660 3831 δύναται
2673 3777 2728 3828 δὲ
2742 3776 2996 3843 φωτίζειν
3011 3775 3137 3837 τοὺς
3151 3775 3257 3845 ἢδη
3268 3772 3534 3842 κεκαθαρμ
3544 3768 3673 3825 ένους

460 3872 553 3921 καὶ
569 3868 716 3935 ὅμως
731 3865 884 3919 οὐδὲν
898 3863 1117 3926 κωλύει,
1136 3864 1266 3933 περὶ
1286 3861 1380 3915 τοῦ
1391 3858 1647 3931 δευτέρου
1665 3861 1948 3931 προσιέναι
1964 3862 2042 3932 τῷ
2065 3869 2345 3942 μυστηρίῳ
2368 3872 2492 3933 τοὺς
2503 3874 2564 3923 τὸ
2587 3871 2802 3939 πρῶτον
2822 3870 3066 3939 ἔχοντας,
3084 3868 3203 3922 Καὶ
3220 3867 3421 3921 τούτων
3442 3864 3533 3930 μιν
3550 3860 3669 3919 ἃλις,

533 3961 641 4016 Sed
672 3962 813 4014 unde
836 3961 942 4014 huc
962 3958 1180 4029 delapsa
1201 3966 1289 4012 est
1319 3957 1517 4022 oratio,
1555 3958 1700 4025 quod
1733 3958 2028 4026 perfectam

2231 3967 2371 4021 Ἀλλ’
2403 3967 2528 4021 ὅθεν
2558 3969 2692 4036 ἡμῖν
2723 3968 2749 4018 ὁ
2781 3964 2936 4033 λόγος
2965 3964 3059 4017 ἐπὶ
3086 3963 3268 4017 ταῦτα
3298 3961 3560 4032 προήχθη,
3586 3955 3675 4025 τὴν

464 4056 746 4110 hominum
774 4068 900 4121 erga
931 4052 1097 4106 Deum
1131 4052 1577 4105 communionem
1606 4044 1885 4117 Operatur,
1916 4050 2032 4107 sive

2139 4059 2375 4129 παντελῆ
2401 4059 2511 4112 τῶν
2540 4057 2846 4127 ἀνθρώπων
2881 4055 3018 4133 πρὸς
3046 4056 3139 4109 τδν
3189 4056 3342 4119 θεὸν,
3369 4055 3498 4121 ὅπερ
3526 4046 3672 4119 ἐργα-

462 4162 575 4201 rem
623 4146 769 4198 illam
797 4144 1032 4208 Istriam,
1068 4143 1186 4195 sive
1237 4141 1474 4196 ﬁliorum
1508 4142 1881 4209 adoptionem,
1916 4142 2033 4196 sive

2138 4148 2311 4213 ζεται,
2373 4148 2682 4213 κοινωνίαν,
2733 4148 2844 4201 εἴτε
2902 4147 3164 4217 λατρείαν
3219 4147 3282 4201 τὸ
3336 4146 3557 4214 πρᾶγμα
3583 4135 3673 4208 χρὴ

464 4246 757 4307 utrumque
783 4236 1015 4291 velimus
1038 4232 1330 4302 appellare,
1358 4248 1513 4288 sacra
1544 4247 1703 4287 coena
1727 4244 1814 4288 est
1844 4250 1859 4288 :
1892 4236 2034 4304 quod

2140 4241 2347 4303 καλεῖν,
2386 4239 2496 4294 εἴτε
2534 4240 2812 4296 υἱοθεσίαν
2871 4240 2984 4293 είτε
3039 4240 3137 4293 καὶ
3182 4242 3352 4309 ἀμφω
3402 4236 3585 4295 ταῦτα,
3623 4228 3673 4280 τὸ

462 4346 564 4384 nos
597 4330 814 4385 Christo
841 4326 1079 4380 arctiore
1122 4325 1465 4393 cognationis
1497 4326 1715 4379 vinculo
1752 4327 2030 4397 astringit,

2102 4393 2107 4398 _
2140 4330 2282 4397 ίερᾶν
2320 4330 2435 4381 ἐστι
2478 4328 2714 4390 δεῖπνον,
2746 4329 2775 4382 ὃ
2804 4331 3094 4397 συγγενεῖς
3156 4330 3308 4398 ἡμᾶς
3359 4326 3436 4396 τῷ
3481 4317 3674 4391 Χριστῷ

460 4437 625 4489 quam
660 4418 981 4489 parentibus
1027 4431 1092 4471 ex
1128 4415 1263 4484 ipsis
1298 4425 1458 4471 natos
1496 4431 1637 4472 esse.
1672 4415 1862 4487 Neque
1886 4422 2031 4473 enim

2103 4394 2111 4435 ’
2136 4386 2283 4473 ποιεῖ
2315 4420 2520 4490 μᾶλλον
2545 4420 2577 4489 ἢ
2607 4420 2667 4474 τὸ
2699 4386 2829 4487 παρ’
2863 4386 3044 4474 αὐτῶν
3074 4386 3246 4488 ιρῦναι
3271 4386 3384 4482 τοῖς
3408 4386 3419 4396 ’
3439 4386 3675 4483 γεγεννψ

465 4513 606 4568 exile
633 4512 903 4582 quoddam
934 4511 1185 4579 corporis
1215 4510 1452 4574 initium,
1495 4521 1548 4565 et
1596 4512 1870 4566 modicam
1902 4526 2034 4567 san-

2139 4511 2293 4566 κόσιν
2316 4513 2518 4575 αὐτοῖς.
2555 4510 2691 4565 Οὔτε
2727 4513 2838 4582 γὰρ
2860 4512 3110 4580 ἀμυδράν
3144 4529 3269 4565 τινα
3296 4510 3538 4580 σώματος
3561 4504 3676 4574 ἡμῖν

460 4607 644 4676 guinis
677 4605 961 4658 materiam
998 4602 1155 4658 nobis
1187 4604 1486 4672 praestruit,
1543 4604 1639 4658 sed
1670 4618 1871 4674 corpus
1908 4620 2032 4659 san-

2141 4603 2544 4658 καταδάλλεται
2571 4604 2810 4673 κρηπῖδα
2834 4605 2929 4656 καὶ
2950 4602 3150 4673 μικρὰς
3172 4604 3405 4674 αἳματος
3425 4596 3674 4668 ἀφορμὰς.

464 4698 801 4767 guinemque
870 4695 1109 4767 perfecte
1181 4695 1340 4750 nobis
1398 4698 1785 4751 communicat.
1846 4694 2035 4764 Neque

2138 4696 2274 4751 ἀλλά
2297 4697 2518 4749 τελείων
2540 4697 2720 4750 αὐτῶν
2746 4698 2877 4767 ἡμῖν
2902 4700 3173 4759 κοινωνεῖ,
3209 4696 3336 4749 οὔτε
3361 4694 3498 4761 ζωῆς
3521 4690 3674 4747 αἴτιος

464 4797 676 4841 tantum
702 4794 791 4841 est
820 4790 943 4841 vitae
962 4802 1151 4849 causa,
1192 4798 1251 4842 ut
1295 4796 1573 4859 parentes,
1606 4789 1699 4842 sed
1737 4791 1900 4843 etiam
1929 4790 2036 4843 vita

2145 4788 2304 4857 μόνον
2329 4786 2521 4858 ὥσπερ
2553 4789 2604 4840 οί
2632 4790 3043 4859 γεγεννηκότες,
3072 4788 3208 4844 ἀλλὰ
3240 4790 3336 4842 καὶ
3366 4785 3498 4855 ζωὴ,
3523 4782 3609 4836 καὶ
3625 4778 3676 4829 οὐ

464 4883 607 4950 ipsa.
638 4878 823 4948 Neque
862 4880 983 4933 ideo
1012 4879 1216 4933 dicitur
1247 4881 1381 4945 vita,
1404 4880 1533 4948 quia
1574 4881 1698 4934 vitae
1739 4893 1900 4934 causa
1945 4882 2036 4945 sit,

2140 4880 2316 4949 τούτῳ
2363 4880 2428 4948 δὴ
2479 4880 2697 4945 λέγεται
2752 4879 2866 4950 ζωὴ
2916 4881 2995 4952 τῷ
3049 4880 3197 4950 ζωῆς
3247 4883 3417 4942 αῐτιος
3449 4874 3599 4935 εἷναί.
3627 4871 3679 4923 ὃν

460 4973 739 5043 quomodo
789 4970 1065 5041 apostolos
1094 4970 1269 5026 lucem
1297 4972 1620 5034 nominavit,
1654 4971 1779 5041 quia
1814 4971 2032 5025 luminis

2138 4971 2339 5039 τρόπον
2370 4970 2486 5037 φῶς
2515 4970 2699 5023 ἐκάλει
2720 4972 2846 5034 τοὺς
2875 4971 3231 5034 ἀποστόλους,
3260 4971 3342 5023 ὅτι
3370 4968 3538 5036 φωτὸς
3559 4963 3674 5029 ἡμῖν

462 5064 633 5117 duces
665 5072 1027 5129 auctoresque
1074 5062 1234 5115 nobis
1264 5059 1487 5115 filerunt
1519 5062 1605 5126 ";
1640 5062 1734 5117 sed
1766 5061 1895 5131 quia
1924 5076 2034 5131 quo

2140 5056 2485 5127 κατέστησαν
2516 5059 2803 5128 ἡγεμόνες,
2838 5058 2953 5114 ἀλλ’
2985 5061 3065 5113 ὅτι
3096 5055 3141 5129 ᾧ
3171 5059 3271 5131 ζῇν
3296 5060 3441 5113 ἔστιν
3466 5057 3537 5118 ὡς
3565 5052 3678 5119 άλτΓ

462 5168 594 5207 vere
617 5154 801 5208 vivere
828 5153 975 5215 licet,
1003 5153 1235 5222 ipsemet
1261 5162 1366 5217 est,
1404 5154 1519 5223 ipsa
1549 5155 1678 5216 vita,
1711 5153 1931 5223 quando
1976 5163 2031 5207 et

2141 5146 2275 5212 θῶς,
2302 5148 2466 5211 αὐτός
2490 5150 2643 5202 ἐστιν
2680 5148 2819 5220 αὐτὴ
2844 5150 3032 5227 ήζωὴ,
3086 5152 3209 5204 ἐπεὶ
3237 5151 3331 5204 καὶ
3362 5150 3545 5217 ἁγίους
3568 5142 3678 5201 τοὺς

462 5243 569 5297 sibi
603 5243 948 5297 adhaerentes
978 5256 1039 5295 ac
1071 5241 1286 5296 deditos
1312 5251 1534 5297 sanctos
1568 5256 1631 5296 ac
1669 5242 1848 5310 justos
1876 5240 2029 5305 facit,

2137 5237 2286 5307 αὐτῷ
2344 5244 2774 5309 προσκειμένους
2799 5242 3177 5310 ἀπεργάζεται
3211 5242 3307 5294 καὶ
3333 5239 3586 5297 δικαίους,
3621 5230 3673 5282 οὗ

462 5347 571 5385 non
615 5332 791 5386 solum
843 5332 1135 5386 instituens
1161 5346 1227 5386 ac
1264 5333 1487 5392 docens.
1526 5346 1648 5401 quae
1694 5340 1932 5399 oportet,
1978 5338 2033 5383 et

2142 5328 2302 5395 μόνον
2335 5328 2606 5381 παιδεύων
2634 5331 2732 5383 καὶ
2760 5331 3025 5385 διδάσκων
3053 5330 3090 5384 ἃ
3117 5331 3216 5393 δεῖ,
3252 5330 3348 5382 καὶ
3382 5328 3513 5397 πρὸς
3553 5325 3668 5390 ἀρε·

463 5425 699 5478 animatn
726 5422 791 5481 ad
829 5424 1085 5478 virtutem
1117 5439 1404 5488 exercens,
1431 5439 1705 5493 quamque
1735 5423 1825 5475 illa
1857 5422 2031 5477 facul-

2139 5417 2238 5485 τὴν
2265 5416 2451 5472 ἀσκῶν
2487 5416 2584 5487 τὴν
2605 5418 2809 5491 ψυχὴν,
2835 5424 2932 5474 καὶ
2958 5421 3027 5491 ἢν
3055 5420 3239 5487 εκείνη
3274 5419 3408 5487 πρὸς
3454 5415 3540 5466 τὸν
3582 5410 3666 5476 ορ·

466 5522 631 5569 tatem
664 5516 731 5569 ad
763 5530 943 5569 veram
978 5515 1245 5570 rationem
1275 5514 1457 5578 habet,
1490 5515 1543 5567 in
1574 5528 1712 5581 opus
1740 5514 1978 5568 educeus
2014 5527 2026 5563 :

2145 5507 2240 5561 θον
2268 5507 2426 5575 λόγον
2456 5510 2689 5583 δύναμιν
2716 5513 2852 5584 ἔχει,
2876 5512 3015 5585 πρὸς
3045 5513 3325 5585 ινέργιιαν
3349 5509 3513 5577 ἄγων,
3550 5501 3671 5556 ἀλλά

546 5691 589 5720 ⁷⁸
617 5690 804 5742 Matth.
848 5707 901 5754 ν,
950 5690 1042 5743 ιι,
