3920 6206
455 288 561 352 615
1684 272 1998 338 meum
2038 248 2424 331 CABASILA!
3540 267 3629 332 an

460 400 775 472 significans
819 397 1075 453 Salvator
1119 394 1438 461 Nicodemo,
1477 410 1494 444 ι
1537 389 1695 457 Quod
1737 399 1923 443 natum
1953 399 2008 440 es

2087 386 2296 453 ινησις
2359 380 2479 434 θεία
2530 378 2613 441 τίς
2669 379 2784 431 ἔστι
2839 377 2935 431 καὶ
2997 374 3298 447 ὑπερφυὴς,
3338 373 3465 429 οὕτω
3506 378 3635 448 καὶὴ

458 466 541 551 εί
560 494 774 563 spiritu,
800 491 999 561 inquit,
1022 489 1245 558 spiritus
1270 494 1353 541 est
1377 486 1445 538 ⁸⁸.
1487 501 1505 537 ι
1539 482 1693 537 Unde
1720 491 1774 537 et
1803 480 2004 533 Paulus

2132 476 2246 543 ζωὴ
2277 474 2373 527 καὶ⁵
2404 473 2437 543 ἡ
2469 472 2645 525 δίαιτα
2673 472 2767 525 καὶ
2795 471 2827 539 ἡ
2853 468 3140 538 φιλοσοφία
3165 468 3255 520 καὶ
3297 466 3459 519 πάντα
3488 466 3638 519 ταῦτα

467 604 487 640 ι
524 586 592 641 Ut
623 584 866 640 inveniar
898 583 950 634 in
983 580 1094 641 illo.
1125 593 1228 632 non
1272 580 1480 631 habens
1511 590 1689 629 meam
1735 571 2015 643 justitiam.

2132 567 2297 621 καινὰ
2332 567 2425 618 καὶ
2474 563 2839 633 πνευματικά.
2868 563 2975 615 Καὶ
3028 558 3185 612 τοῦτο
3211 557 3377 626 δηλῶν
3410 558 3436 609 ὁ
3476 558 3638 627 Σωτὴρ

462 695 582 748 quae
613 693 677 731 ex
721 676 837 742 lege
863 682 946 727 est
971 689 985 725 ε
1013 670 1106 726 sed
1142 685 1262 737 qua:
1291 685 1355 723 ex
1391 669 1493 721 lide
1518 675 1604 720 est
1629 664 1757 720 Jesu
1799 661 2001 717 Christi

2132 658 2458 727 Νικοδήμῳ,
2495 672 2515 707 ι
2563 655 2635 707 Τὸ
2658 652 3054 721 γεγεννημένον
3088 651 3150 702 ὲκ
3205 648 3295 701 τοῦ
3352 648 3640 717 πνεύματος,

465 738 585 838 qua,
628 783 692 820 ex
737 738 849 818 Ι)εο
875 772 979 825 est,
1009 760 1223 831 justitia
1270 761 1324 814 in
1357 759 1465 814 ﬁde
1488 759 1561 812 ‘9.
1605 776 1622 809 ι
1656 759 1824 811 Docet
1852 761 2013 807 auten

2135 756 2290 822 φησὶ,
2321 749 2542 819 πνεῦμά
2570 749 2708 801 ἐστι.
2742 763 2762 799 ι
2795 746 2894 798 Διά
2931 742 3093 796 τοῦτο
3116 743 3209 793 καὶ
3238 739 3460 804 Παῦλος,
3499 759 3515 790 ι
3549 738 3644 791 ’ίνα

466 863 771 929 Scriptura,
811 858 953 910 hanc
998 870 1117 909 esse
1150 855 1353 924 regiam
1383 862 1587 906 vestem
1626 869 1639 905 :
1675 865 1798 903 nam
1846 857 2014 904 nostr:

2135 846 2368 914 εὑρεθῶ,
2432 843 2617 913 φησὶν,
2676 842 2733 892 ἐν
2790 837 2959 904 αὐτῷ,
3004 834 3079 905 μὴ
3131 835 3267 903 ἔχων
3318 833 3446 901 ἐμὴν
3471 833 3649 884 δικαιο-

466 924 682 1006 servilia
735 956 887 1002 sunt.
933 947 1185 1001 Libertas
1214 960 1375 1015 porro
1405 952 1459 997 et
1502 957 1752 1011 regnum,
1784 941 1851 995 ad
1888 955 2014 1009 quat

2138 938 2302 1007 σύνην
2331 935 2430 1004 τὴν
2459 936 2524 987 ἐκ
2552 931 2645 985 τοῦ
2673 931 2861 1001 νόμου,
2895 928 3031 981 ἀλλά
3055 926 3150 995 τὴν
3181 925 3266 977 διὰ
3290 924 3505 984 πίστεως
3533 924 3644 990 Χρι-

461 1041 828 1097 festinandum
858 1047 963 1103 est,
985 1038 1258 1107 quomodo
1282 1049 1565 1091 servorum
1592 1033 1813 1104 praemia
1836 1039 1998 1085 erunt

2139 1029 2267 1083 στοῦ
2312 1029 2409 1096 τὴν
2464 1029 2528 1078 ἐκ
2570 1022 2706 1077 Θεοῦ
2739 1019 3108 1088 δικαιοσύνην,
3148 1035 3166 1068 ι
3212 1017 3270 1069 '0
3304 1015 3358 1067 δὲ
3409 1014 3547 1080 λόγος
3581 1014 3648 1065 ὃτι

475 1145 646 1199 neque
681 1131 826 1183 enim
876 1144 1041 1197 regno
1091 1128 1236 1196 digni
1282 1126 1643 1195 apparebunt,
1688 1122 1734 1177 si
1767 1122 1900 1175 nihil
1931 1120 2023 1175 nis1

2136 1121 2295 1175 τοῦτό
2338 1121 2453 1173 ὲστι
2509 1118 2570 1171 τὸ
2624 1113 2901 1185 βασιλικὸν
2939 1112 3156 1179 ἱμάτιον
3177 1124 3191 1139 ⁶
3217 1109 3287 1162 τὰ
3312 1109 3412 1176 γὰρ
3440 1108 3651 1175 ἡμέτερα

464 1236 749 1275 servorum
785 1222 1040 1274 virtutem
1070 1217 1443 1288 pratstiterint.
1475 1215 1631 1269 Sicut
1666 1214 1809 1267 enim
1850 1235 1866 1262 σ
1915 1226 2007 1267 cor

2137 1213 2322 1275 δοῦλα,
2356 1207 2644 1279 ἐλευθερία
2684 1207 2741 1260 δὲ
2777 1205 2874 1258 καὶ
2900 1201 3172 1273 βασιλεία,
3229 1199 3359 1267 πρὸς
3382 1199 3442 1268 ἢν
3472 1197 3656 1261 ἐπείγε-

464 1314 645 1381 ruptio
710 1287 1180 1380 incorruptionem
1249 1324 1358 1363 non
1423 1306 1761 1376 possidebit,
1826 1312 2012 1373 oporte

2142 1304 2266 1357 σθαι
2307 1303 2409 1365 δεῖ,
2465 1300 2577 1360 πῶς
2612 1298 2701 1370 [ἂν
2746 1297 2956 1365 γένοιτο
3000 1291 3319 1355 δούλωνςού
3352 1287 3475 1359 7&9]
3505 1290 3561 1357 ᾂν
3586 1288 3655 1354 είη

464 1417 645 1463 autem
682 1405 1039 1473 corruptibile
1072 1405 1173 1457 hoc
1198 1402 1423 1455 induere
1458 1398 1949 1468 incorruptionem,
1985 1410 2012 1449 e

2144 1396 2420 1468 βασιλείας
2472 1392 2656 1458 ἀξίους
2706 1391 2942 1458 φανῆναι
3011 1386 3174 1440 πλέον
3225 1381 3373 1436 οὐδὲν
3415 1382 3446 1450 ἢ
3486 1380 3656 1432 δούλων

468 1497 693 1551 mortale
714 1498 815 1550 hoc
836 1496 1058 1548 induere
1084 1491 1544 1546 immortalitatem
1564 1490 1608 1523 '°
1631 1505 1646 1543 :
1671 1508 1690 1541 ι
1716 1488 1786 1542 ita
1812 1501 1914 1541 nec
1928 1499 2016 1541 ser

2143 1488 2343 1561 ἀρετὴν
2399 1484 2887 1551 ὲπιδειξαμένουςς
2942 1477 3210 1546 Καθάπερ
3244 1476 3348 1543 γὰρ
3392 1492 3409 1523 ι
3446 1474 3476 1540 ἠ
3516 1470 3660 1538 φθορά

470 1605 655 1642 verum
681 1603 839 1657 opera
862 1588 926 1639 ad
950 1600 1172 1655 regnum
1195 1584 1325 1636 illud
1348 1582 1507 1636 nobis
1525 1587 1729 1650 queant
1750 1579 2004 1633 sufﬁcere

2143 1560 2240 1649 τῆς
2273 1576 2576 1647 ἀφθαρσίας
2611 1574 2711 1627 οὐκ
2744 1572 2810 1625 ἀν
2857 1571 3073 1639 γένοιτο
3109 1565 3455 1636 κληρονόμος,
3507 1562 3576 1613 δεῖ
3617 1560 3662 1612 δὲ

469 1683 560 1736 sed
583 1680 797 1749 justitia
812 1694 877 1732 ex
909 1678 1017 1731 Deo
1036 1676 1353 1744 requiritur.
1372 1673 1652 1728 llazredem
1673 1670 1817 1725 enim
1833 1677 2017 1737 oporte

2112 1674 2207 1749 ,τὸ
2262 1668 2500 1739 φθαρτὸν
2530 1666 2707 1721 τοῦτο
2737 1660 3063 1716 ἐνδύσασθαι
3124 1656 3426 1725 ἀφθαρσίαν
3482 1653 3567 1703 καὶ
3614 1651 3660 1702 τδ

472 1788 593 1826 esse
617 1771 806 1835 tilium,
828 1785 934 1822 non
955 1783 1174 1823 servum
1199 1785 1212 1821 :
1242 1785 1259 1817 ι
1290 1765 1491 1820 Servus
1515 1763 1679 1826 enim,
1706 1762 1902 1828 inquit,
1935 1774 2020 1813 non

2115 1740 2121 1775 ί
2153 1761 2345 1831 θνητὸν
2366 1758 2526 1812 τοῦτο
2562 1753 2883 1809 ενδύσασθαι
2909 1749 3236 1808 ἀθανασίαν,
3272 1764 3290 1797 ι
3322 1745 3406 1797 τὸν
3441 1743 3543 1795 ἴσον
3563 1740 3663 1809 :96-

473 1861 718 1915 tnanctiu
735 1864 895 1915 domo
916 1860 967 1912 in
988 1868 1270 1924 aeternum;
1285 1858 1425 1911 ﬁlius
1440 1864 1615 1909 autem
1634 1855 2021 1908 manetinaeter

2151 1873 2251 1909 πον
2283 1853 2405 1907 οὐδὲ
2438 1851 2509 1904 τά
2538 1848 2647 1901 τῶν
2674 1846 2879 1899 δούλων
2930 1842 3070 1912 ἔργα
3118 1839 3257 1908 πρὸς
3282 1836 3377 1907 τὴν
3426 1833 3664 1904 βασιλείαν

475 1969 600 2005 num
623 1954 688 2005 ".
740 1969 759 2002 ι
794 1950 1160 2015 Quamobrem
1192 1960 1633 2016 unumquemque
1653 1957 1840 1997 eorum
1860 1940 1955 2010 qui
1980 1955 2023 1993 at

2150 1945 2367 2015 ἐκείνην
2392 1941 2625 2011 ἀρκέσαι
2651 1936 2854 1993 δύναιτ’
2883 1936 2949 1989 ἂν
2985 1936 3142 2004 ἡμῖν.
3177 1931 3312 1984 ἀλλά
3339 1929 3433 1997 τῆς
3457 1929 3516 1979 ὲκ
3556 1924 3663 1978 Θεοῦ

476 2045 617 2098 hanc
650 2041 1015 2097 haereditatem
1039 2040 1364 2094 cernendum
1386 2046 1673 2098 venerunt,
1695 2032 1849 2103 prius
1869 2029 2023 2100 abjec

2148 2035 2498 2101 δικαιοσύνης
2547 2033 2752 2102 δεήσει.
2786 2030 2914 2083 Υίὸν
2946 2030 3056 2097 7&9
3088 2023 3231 2078 εἶναι
3261 2023 3342 2076 δεῖ
3367 2022 3454 2074 τὸν
3499 2021 3663 2087 κληρο·

474 2131 530 2190 πα
560 2136 873 2190 conditione
887 2134 1051 2200 servi,
1068 2133 1235 2187 lilium
1253 2147 1311 2187 se
1330 2128 1617 2185 ostendere
1638 2133 1851 2195 oportet
1870 2139 1885 2189 ;
1904 2136 2022 2192 qum

2150 2132 2316 2202 νόμον
2344 2127 2533 2184 δοῦλον
2558 2141 2573 2157 ο
2613 2144 2632 2178 ι
2677 2125 2737 2178 '0
2771 2124 2883 2194 7&9
2916 2121 3128 2184 δοῦλος,
3165 2117 3349 2189 φησιν,
3373 2116 3431 2169 ού
3464 2114 3594 2183 μένει
3621 2113 3667 2164 ἓν

478 2236 562 2282 est
583 2225 838 2286 formam,
863 2234 916 2278 et
944 2222 1137 2277 faciem
1174 2219 1448 2289 Unigeniti
1498 2218 1739 2279 indutos,
1791 2229 1915 2268 cum
1948 2212 2026 2266 hor

2152 2224 2219 2291 τῇ
2236 2220 2383 2289 οἰκίᾳ
2408 2221 2488 2280 είς
2516 2216 2605 2270 τὸν
2624 2214 2819 2277 αίῶνα,
2848 2215 2876 2267 ό
2904 2212 3033 2275 Υίὸς
3059 2210 3214 2280 μένει
3242 2209 3322 2271 είς
3349 2205 3436 2259 τὸν
3456 2205 3622 2259 αίῶνα.
3652 2220 3665 2253 ι

480 2321 679 2374 decore
702 2328 755 2371 et
783 2316 1052 2386 elegantia
1083 2312 1326 2369 Genitori
1362 2327 1459 2366 nos
1485 2310 1696 2366 sistere.
1733 2306 1800 2361 Et
1828 2306 1931 2359 hoc
1970 2318 2027 2359 es

2155 2313 2273 2367 ἀνθ’
2288 2307 2361 2365 ὧν
2381 2311 2613 2363 ἕκαστον
2631 2306 2740 2359 τῶν
2779 2304 2873 2357 ἐπὶ
2895 2303 2986 2356 τὸν
3008 2300 3215 2372 κλῆρον
3237 2298 3422 2352 τοῦτον
3453 2294 3670 2367 ἀφιξομέ-

481 2427 511 2464 a
545 2411 681 2464 Filio
712 2408 807 2464 Dei
836 2408 982 2461 omni
1018 2407 1281 2462 servitute
1308 2403 1547 2468 liberari,
1579 2414 1817 2469 vereque
1853 2396 2029 2452 libero:

2156 2419 2263 2457 νων
2314 2399 2580 2470 πρότερον
2624 2394 2967 2450 ἀποϐαλόντα.
2996 2391 3089 2445 τὸν
3121 2390 3307 2444 δοῦλον
3332 2387 3493 2454 δεῖξαι
3517 2386 3587 2438 δεῖ
3606 2385 3671 2435 τὸν

481 2517 637 2569 esse;
685 2501 830 2569 quod
871 2498 1073 2554 Judwis
1096 2497 1376 2552 Christum
1414 2496 1598 2551 dicere
1624 2492 1860 2548 voluisse
1894 2489 2024 2545 intel

2158 2493 2309 2556 Υίδν,
2334 2491 2471 2559 ὅπερ
2502 2487 2619 2540 ἐστὶ
2644 2486 2742 2557 τὴν
2776 2483 2987 2556 μορφὴν
3010 2478 3107 2535 τοῦ
3134 2479 3462 2547 Μονογενοῦς
3488 2474 3671 2530 ἐπὶτῶν

480 2592 609 2663 lige,
644 2608 768 2648 cum
812 2591 943 2646 dicit
992 2608 1006 2644 :
1061 2606 1082 2641 ι
1123 2589 1180 2642 Si
1209 2588 1377 2643 Filius
1425 2599 1522 2639 vos
1561 2583 1889 2644 liberaverit,
1928 2595 2028 2635 veri

2158 2583 2467 2657 προσώπων
2515 2578 2925 2649 κομισαμένους
2972 2574 3117 2645 μετά
3144 2578 3337 2626 τούτου
3369 2569 3459 2624 τοῦ
3486 2569 3668 2629 κάλλους

485 2683 641 2738 liberi
675 2680 828 2735 eritis
869 2681 938 2732 ".
975 2698 994 2731 ι
1028 2678 1248 2733 Liberet
1298 2677 1463 2739 enim,
1490 2682 1545 2730 et
1594 2672 1686 2742 qui
1732 2671 2032 2727 servierant

2157 2655 2235 2746 τῷ
2266 2673 2623 2744 γεγεννηκότι
2654 2670 2891 2739 φανῆναι
2912 2679 2925 2699 ⁵
2959 2667 3055 2720 καὶ
3087 2664 3252 2718 τοῦτό
3304 2664 3447 2716 ἐστιν
3469 2659 3562 2714 ὑπὸ
3600 2655 3668 2710 τοῦ

484 2776 626 2829 lilios
669 2771 763 2826 Dei
813 2770 1013 2837 eﬂicit;
1046 2768 1307 2839 quoniam
1358 2768 1474 2835 ipse
1499 2779 1623 2819 cum
1669 2762 1741 2818 sit
1781 2760 1973 2824 Filius,
2005 2775 2032 2814 e

2160 2768 2292 2825 Υίοῦ
2330 2765 2425 2821 τοῦ
2475 2763 2613 2818 Θεοῦ
2668 2763 2850 2833 πάσης
2908 2759 3183 2828 ἀφεθῆναι
3243 2756 3480 2816 δουλείας
3511 2749 3671 2811 mitia;

483 2865 628 2919 omni
663 2869 884 2931 peccato
912 2869 1089 2923 vacet,
1116 2867 1171 2912 ct
1199 2871 1396 2925 corpus
1434 2856 1591 2925 ipsis,
1618 2861 1673 2907 et
1713 2851 2031 2921 sanguinem

2160 2862 2378 2932 ἀληθῶς
2409 2857 2725 2928 ἐλευθέρους
2766 2850 2928 2916 εἶναι,
2960 2852 2989 2905 δ
3010 2852 3092 2922 τῷ
3120 2850 3341 2923 Χριστῷ
3368 2851 3476 2902 νοεῖ
3499 2847 3551 2901 τὸ
3571 2845 3676 2914 πρὸς

486 2966 541 3011 et
591 2956 867 3024 spiritum,
893 2962 949 3007 et
995 2967 1092 3006 sua
1140 2950 1325 3007 omnia
1372 2946 1685 3003 communia
1740 2943 1894 2999 facit.
1946 2942 2034 2997 Hal

2161 2953 2287 3017 τοὺς
2331 2951 2617 3013 Ἰουδαίους
2679 2947 2969 3017 εἰρημένον
3020 2947 3252 3008 ἐκεῖνο,
3304 2942 3467 2995 «Ἐὰν
3510 2942 3535 2992 ό
3582 2938 3680 2997 Υίδς

487 3048 635 3104 enim
667 3048 879 3101 ratione
910 3060 1011 3100 nos
1054 3052 1109 3098 et
1145 3042 1386 3106 reﬁnxit,
1417 3049 1472 3095 et
1517 3037 1791 3103 liberavit,
1822 3034 2035 3090 et-deiti-

2166 3048 2311 3118 ὑμᾶς
2342 3041 2712 3115 ἐλευθερώσῃ,
2768 3041 2940 3103 ὅντως
2976 3037 3259 3108 ἐλεύθεροι
3309 3033 3508 3089 ἔσεσθε.
3535 3051 3551 3085 ι
3577 3029 3679 3084 Λύει

489 3141 653 3202 cavit.
709 3152 1049 3208 germanum,
1109 3143 1163 3188 et
1216 3133 1471 3195 liberum,
1526 3139 1583 3184 et
1637 3144 1827 3182 verum
1886 3126 2037 3179 Deun

2165 3144 2276 3215 7&9
2307 3144 2405 3197 καὶ
2440 3142 2592 3204 υίοὺς
2619 3137 2756 3192 Θεοῦ
2788 3138 3024 3190 ποιεῖται
3049 3135 3184 3197 τοὺς
3207 3132 3445 3198 δούλους,
3479 3131 3551 3182 ὃτι
3578 3126 3678 3185 Tib;

491 3233 732 3301 seipsqu
784 3230 943 3284 nobis
989 3226 1320 3282 admiscens.
1376 3222 1442 3278 Et
1489 3223 1569 3277 sic
1613 3221 1915 3283 Christum,
1963 3233 2036 3287 qu

2165 3238 2242 3292 ὣν
2258 3236 2416 3297 αὐτὸς
2432 3233 2526 3287 καὶ
2543 3232 2725 3303 πάσης
2742 3228 3029 3298 ἐλεύθερος
3047 3225 3327 3296 ἁμαρτίας
3351 3222 3442 3276 καὶ
3462 3219 3598 3289 σῶμα
3610 3216 3684 3270 si»

488 3340 619 3379 vera
643 3334 728 3378 est
751 3323 984 3390 justitia,
1016 3326 1265 3376 nostrum
1297 3315 1522 3380 bonum,
1559 3327 1722 3382 supra
1755 3326 1918 3380 quam
1946 3310 2036 3379 ips;

2165 3333 2278 3393 τοῖς
2318 3328 2410 3383 καὶ
2430 3322 2569 3395 αἷμα
2588 3324 2683 3378 καὶ
2714 3320 2933 3390 πνεῦμα
2959 3320 3055 3373 καὶ
3082 3319 3156 3373 τά
3189 3318 3357 3371 αὐτοῦ
3386 3317 3546 3369 πάντα
3567 3307 3685 3363 κοινὰ

503 3416 795 3476 naturalia,
827 3428 984 3467 sacra
1011 3427 1169 3467 cmna
1196 3409 1354 3465 nobis
1381 3407 1530 3463 facit.
1560 3407 1749 3475 Itaque
1786 3415 1842 3460 et
1870 3403 2051 3475 gloria

2170 3422 2423 3476 ποιεῖται·
2442 3416 2632 3472 τοῦτον
2648 3416 2755 3484 7&9
2767 3415 2859 3466 τὸν
2870 3411 3069 3481 τρόπον
3087 3411 3187 3464 καὶ⁵
3204 3409 3467 3463 ἀνέπλασε
3481 3405 3566 3459 καὶ
3576 3402 3690 3456 ἑλεν-

493 3506 803 3565 ωιιιιυίποιιὶε
841 3507 980 3575 ejus,
1008 3513 1062 3558 et
1102 3504 1259 3574 quasi
1299 3511 1486 3556 nostra
1513 3507 1696 3555 essent
1723 3506 1867 3552 recte
1898 3495 2041 3551 facta

2171 3514 2379 3585 θέρωσε
2398 3512 2491 3564 καὶ
2504 3509 2729 3572 ὲθέωσε,
2746 3505 2840 3559 τὸν
2858 3506 2986 3573 ὑγιᾶ
3009 3504 3109 3557 καὶ
3132 3503 3413 3571 ἐλεύθερον
3429 3501 3517 3552 καὶ
3536 3493 3689 3563 ἀληθι-

493 3603 863 3665 celehramur,
910 3597 1147 3666 indeque
1192 3594 1565 3657 nominamur,
1615 3591 1660 3645 si
1695 3589 1748 3643 iu
1779 3600 2041 3642 commun

2171 3606 2262 3657 νδν
2290 3604 2422 3655 Θεὸν
2455 3600 2650 3654 ἑαυτὸν
2680 3602 2814 3668 ἡμῖν
2846 3596 3145 3665 ἀναμίξας,
3176 3598 3275 3650 καὶ
3317 3593 3457 3647 οὕτω
3475 3591 3562 3659 τὴν
3588 3586 3689 3654 ἁλη-

494 3705 898 3763 permanemus.
932 3690 1002 3743 Et
1035 3689 1078 3743 si
1111 3687 1236 3756 quis
1263 3701 1388 3765 vere
1434 3692 1659 3740 sanctus
1693 3690 1747 3738 et
1782 3681 1985 3749 justus,
2016 3693 2042 3733 e

2173 3697 2324 3767 θινὴν
2354 3695 2484 3747 ὄντα
2505 3691 2849 3758 δικαιοσύνην
2896 3689 2988 3742 τὸν
3016 3688 3275 3757 Χριστὸν,
3301 3686 3553 3756 ἡμέτερον
3582 3680 3690 3743 ἀγα·

496 3787 862 3855 quodcunque
892 3780 1113 3835 tandem
1154 3776 1506 3832 laudabilium
1547 3772 1719 3839 audit‘,
1751 3770 2043 3842 appellatio

2176 3784 2288 3852 θὺν,
2319 3784 2414 3836 καὶ
2441 3780 2547 3849 πρὸ
2572 3780 2681 3833 τῶν
2710 3782 2957 3847 φυσικῶν
2977 3778 3163 3830 αὐτῶν
3186 3778 3246 3831 τὸ
3282 3775 3421 3847 ίερδν
3452 3772 3694 3843 ἐργάζεται

499 3891 623 3929 nem
670 3889 736 3927 ex
790 3873 857 3926 iis
904 3884 1026 3939 quae
1068 3884 1097 3922 a
1125 3866 1340 3920 Christo
1385 3865 1613 3921 sortitus
1658 3870 1769 3926 est,
1812 3858 2011 3929 accipit

2174 3876 2422 3937 δεῖπνον,
2478 3874 2619 3927 ὥστε
2658 3871 2752 3924 καὶ
2800 3869 3242 3939 φιλοτιμούμεθα
3289 3870 3400 3931 τοῖς
3443 3862 3589 3919 αὐτοῦ
3622 3857 3693 3912 καί

507 3985 527 4018 ι
568 3966 624 4020 ln
656 3964 786 4028 Deo,
819 3963 1017 4033 inquit,
1048 3960 1363 4015 laudabitur
1398 3957 1582 4013 anima
1633 3970 1749 4010 mea
1785 3954 1850 4011 ⁸³.
1889 3970 1909 4006 ι
1957 3951 2023 4006 Ει

2175 3967 2249 4029 ὡς
2266 3965 2331 4019 ἂν
2365 3964 2520 4020 αὐτοὶ
2540 3961 2964 4033 κατωρθωκότες
2981 3960 3400 4029 εύδοκιμοῦμεν,
3429 3957 3515 4013 καὶ
3541 3950 3698 4007 καλοί-

507 4077 525 4110 ι
559 4055 1024 4112 Benedicen‘turiu
1045 4069 1111 4109 eo
1132 4069 1324 4109 omnes
1342 4059 1532 4121 gentes
1551 4048 1623 4103 “.
1654 4067 1673 4100 ι
1701 4046 1853 4102 Unde
1882 4046 2055 4100 huma‘

2180 4055 2319 4129 μεθά
2355 4072 2418 4123 γε
2453 4054 2686 4120 ἐκεῖθεν,
2719 4052 2767 4104 εί
2804 4051 2902 4121 τὴν
2935 4052 3229 4105 κοινωνίαν
3268 4050 3600 4118 φυλάττομεν,
3626 4039 3697 4094 καὶ

506 4163 635 4202 num
678 4146 834 4205 nihil.
862 4145 955 4200 sed
985 4158 1107 4213 quae
1138 4140 1343 4197 Christi
1377 4152 1503 4195 sunt
1539 4138 1818 4208 poscimus
1855 4151 1869 4188 :
1912 4141 1972 4187 ut
2012 4148 2054 4187 e:

2177 4148 2324 4208 εἴτις
2337 4144 2549 4214 ἀληθῶς
2563 4142 2718 4210 ἀγιος
2738 4141 2830 4194 καὶ
2842 4141 3050 4203 δίκαιος
3066 4142 3168 4193 καὶ
3183 4138 3359 4192 ὁτιοῦν
3379 4138 3696 4190 τῶνεπαινου-

502 4236 557 4291 in
601 4238 815 4290 animas
846 4244 1062 4289 nostras
1109 4226 1789 4298 cumimportaverimus,
1835 4238 1960 4277 cum
2009 4222 2044 4276 ii

2185 4241 2359 4308 μένων
2377 4233 2583 4300 ἀκούοι,
2613 4234 2713 4304 τὴν
2743 4231 3062 4300 ἐπωνυμίαν
3095 4230 3157 4294 ἐξ
3180 4225 3255 4283 ὧν
3286 4229 3492 4281 ἐκείνου
3514 4223 3699 4291 τετύχη-

503 4329 633 4383 hinc
682 4324 1049 4389 discedamus,
1100 4332 1154 4375 et
1189 4330 1315 4375 ante
1367 4332 1603 4373 coronas
1655 4316 1797 4369 hanc
1840 4314 2051 4382 pbiloso

2180 4326 2520 4393 κεν,ελα6εν.
2548 4344 2566 4378 ι
2588 4325 2677 4378 Ἐν
2705 4321 2783 4392 τῷ
2803 4321 2922 4390 Θεῷ
2939 4322 3069 4391 7&9,
3100 4322 3291 4389 φησιν,
3319 4317 3696 4385 ἐπαινεθήσεται

504 4426 691 4496 phiam
720 4422 871 4478 omni
905 4422 1087 4497 modo5
1126 4429 1183 4481 et
1211 4419 1313 4479 has
1368 4433 1536 4473 novas
1570 4416 1790 4472 divitias
1825 4413 2051 4469 exhibea

2154 4422 2160 4460 ⁵
2187 4421 2220 4487 ἠ
2235 4416 2384 4488 ψυχή
2407 4432 2534 4485 μου,
2556 4414 2651 4467 καὶ
2676 4411 3208 4480 ὲνευλογηθήσονται
3240 4411 3296 4461 ὲν
3318 4407 3461 4476 αὐτῷ
3479 4406 3636 4458 πάντα
3651 4399 3702 4450 τὰ

506 4492 652 4579 nius,
685 4513 833 4567 nullo
863 4492 1215 4582 superaddite
1249 4508 1385 4562 [also
1426 4505 1770 4568 numismate,
1817 4500 2054 4571 quonian

2184 4510 2311 4580 ἔθνη
2332 4524 2346 4538 ο
2374 4527 2393 4560 ι
2430 4507 2551 4561 ὅθεν
2575 4505 2684 4559 τῶν
2715 4502 3076 4574 ἀνθρωπίνων
3129 4502 3233 4569 μὲν
3281 4499 3457 4561 οὐδὲν,
3508 4495 3571 4547 τὰ
3597 4492 3701 4560 Χρι-

509 4610 651 4664 hanc
678 4608 850 4662 solam
880 4606 941 4660 ad
971 4601 1398 4675 promerendum
1435 4612 1661 4670 regnum
1686 4597 1951 4650 cmlorum
1980 4607 2057 4662 αρε

2185 4602 2312 4657 στοῦ
2337 4601 2393 4655 δὲ
2422 4596 2801 4666 ἀπαιτούμεθα
2830 4595 2926 4647 καὶ
2981 4594 3232 4660 ἐνεγκεῖν
3281 4591 3373 4643 ἐπὶ
3415 4588 3521 4641 τῶν
3550 4582 3703 4655 ψυχῶν

510 4708 729 4771 portare
793 4711 1116 4767 possumus.
1170 4693 1308 4759 Quia
1357 4692 1503 4745 enim
1561 4687 1877 4759 praemium,
1932 4699 2058 4754 quOt

2184 4697 2280 4748 καὶ
2310 4694 2576 4763 φέροντας
2606 4687 2889 4750 ἀπελθεῖν,
2922 4684 3018 4739 καὶ
3043 4687 3252 4753 ταύτην
3285 4682 3389 4754 πρὸ
3410 4680 3511 4735 τῶν
3547 4672 3708 4742 στεφά-

510 4806 690 4861 pugna
739 4787 979 4844 defuncti
1032 4787 1281 4855 accipere
1333 4784 1567 4845 debent,
1621 4778 1766 4834 Deus
1816 4777 1932 4845 ipse
1974 4783 2055 4830 est

2184 4804 2293 4841 νων
2316 4782 2684 4850 ἐπιδείξασθαι
2713 4780 2812 4849 τὴν
2839 4779 3166 4848 φιλοσοφίαν
3195 4778 3262 4829 ὲκ
3292 4775 3487 4834 παντὸς
3517 4771 3705 4838 τρόπον.

509 4884 879 4940 necessarium
913 4881 1127 4934 videtur
1184 4892 1317 4943 sane
1367 4872 1591 4945 praemio
1639 4869 1989 4942 respondere,
2027 4882 2055 4920 e

2187 4878 2282 4931 καὶ
2310 4876 2498 4930 τοῦτον
2524 4874 2613 4927 τὸν
2637 4872 2823 4927 καινὸν
2854 4869 3105 4935 πλοῦτον,
3152 4869 3322 4939 μηδὲν
3356 4856 3709 4929 ὲπεισαγαγόν-

510 4976 727 5029 divinos
753 4989 876 5027 esse
902 4972 1067 5027 etiam
1115 4984 1342 5038 agones,
1380 4968 1662 5034 Deumque
1704 4960 1928 5016 athletis
1972 4974 2058 5013 nor

2193 4985 2292 5030 τας
2329 4964 2481 5037 αύτῷ
2509 4964 2605 5019 τοῦ
2647 4962 2887 5033 πονηροῦ
2921 4962 3231 5032 κόμματος,
3255 4961 3331 5022 ὡς
3356 4957 3516 5027 μόνην
3544 4950 3710 5011 ταύεην

510 5067 687 5122 solum
729 5064 931 5133 alipten
969 5076 1091 5116 esse
1140 5060 1613 5124 certaminumque
1648 5055 1948 5123 auspicem,
1981 5068 2058 5107 set

2184 5054 2352 5113 οὖσαν
2382 5058 2523 5127 ὑπὲρ
2574 5058 2673 5127 τῆς
2708 5057 2767 5109 ἐν
2798 5052 3014 5124 οὐρανῷ
3062 5051 3339 5122 βασιλείας
3362 5048 3607 5114 ἀξιόχρεω
3637 5051 3710 5133 φξ-

511 5167 564 5212 et
614 5158 789 5225 ipsum
836 5156 891 5209 in
944 5153 1076 5223 ipsis
1129 5152 1346 5207 virtutis
1398 5163 1621 5204 munere
1668 5148 1844 5216 iungi.
1893 5146 1959 5199 Et
2006 5145 2059 5200 it:

2190 5151 2314 5223 ράν⁰
2372 5126 2526 5202 Ἑπέὶ
2583 5126 2695 5220 γὰρ
2741 5141 2924 5209 ἆθλον.
2977 5144 3006 5197 ὃ
3063 5143 3147 5196 δεῖ
3203 5142 3357 5195 λαΰεῖ
3402 5126 3708 5203 ἀγωνισαμέ-

517 5253 678 5305 linem
713 5248 803 5319 qui
836 5247 1101 5318 quarritur
1124 5260 1250 5300 cum
1283 5241 1698 5313 praparatione,
1730 5248 1784 5294 et
1808 5254 2065 5309 praepara

2190 5262 2337 5308 νους,
2367 5243 2397 5296 ό
2426 5242 2558 5304 Θεός
2588 5243 2735 5294 ἐστιν
2761 5240 2947 5304 αὐτὸς,
2985 5239 3203 5307 ἀνάγκη
3237 5236 3301 5306 δὴ
3332 5234 3462 5303 προς
3480 5228 3537 5282 τὸ
3571 5225 3709 5319 γέρας

521 5347 722 5397 tionem
769 5355 895 5395 cum
952 5339 1057 5392 line
1106 5350 1435 5407 congruere.
1485 5332 1639 5388 Sicut
1690 5332 1836 5386 enim
1878 5332 1931 5384 in
1988 5332 2069 5385 hat

2197 5304 2459 5397 ἀνάλογον
2489 5330 2658 5398 ἔχειν,
2690 5328 2784 5380 καὶ
2816 5327 2994 5390 θείους
3032 5304 3171 5380 εἶναι
3193 5304 3331 5382 ⁷τοῦς
3374 5322 3594 5388 ἀγῶνας,
3635 5304 3710 5404 κξι

519 5443 704 5487 terras
754 5446 853 5487 nos
896 5431 1136 5494 mittens,
1187 5428 1321 5482 nihil
1369 5426 1528 5480 nobis
1579 5421 1728 5489 fecit,
1770 5435 1868 5477 nec
1908 5420 2062 5490 exegi

2196 5421 2329 5474 Θεὸν
2348 5393 2458 5483 τοῖς
2483 5393 2749 5490 ἀθληταῖς
2784 5418 2847 5472 οὐ
2876 5418 3035 5488 μόνον
3059 5416 3325 5483 ἀλείπτην
3347 5408 3479 5465 εἶναι
3510 5404 3595 5457 καὶ
3618 5393 3704 5450 τῶν

591 5632 638 5663 ⁸⁸
667 5630 827 5686 Joan.
863 5645 945 5692 ιιι,
971 5627 1054 5700 _6.
1137 5628 1182 5662 "
1232 5627 1474 5700 Philipp.
1511 5641 1595 5695 tn,
1637 5627 1691 5681 9.
1765 5624 1864 5679 "l
1924 5625 2051 5683 Cor.
2100 5642 2190 5693 xv,
2241 5626 2425 5682 50-55.
2500 5626 2546 5659 "
2582 5626 2744 5681 Joan.
2798 5640 2919 5692 vui,
2967 5624 3055 5681 ‘56.
3130 5622 3178 5654 “
3220 5615 3466 5677 lbid.36.
3531 5605 3713 5662 "Pill-

522 5716 710 5764 xntu,
750 5703 804 5754 5.
879 5700 927 5733 ³⁵
958 5698 1095 5756 Gen.
1146 5715 1243 5765 ιιι,
1272 5700 1325 5754 '5.
