  <div class='ocr_page' id='page_1' title='image "/cluster/home/n/w/nwhite01/storage/ocr_20150623/150/hvd.32044073498826/315.png"; bbox 0 0 3982 6208; ppageno 0'>
   <div class='ocr_carea' id='block_1_1' title="bbox 467 309 628 384">
    <p class='ocr_par' dir='ltr' id='par_1_1' title="bbox 467 309 628 384">
     <span class='ocr_line' id='line_1_1' title="bbox 467 309 628 384; baseline 0.043 -7"><span class='ocrx_word' id='word_1_1' title='bbox 467 309 579 377; x_wconf 83' lang='grc'><strong>619</strong></span> <span class='ocrx_word' id='word_1_2' title='bbox 621 378 628 384; x_wconf 90' lang='grc'><strong>.</strong></span> 
     </span>
    </p>
   </div>
   <div class='ocr_carea' id='block_1_2' title="bbox 1738 317 2466 382">
    <p class='ocr_par' dir='ltr' id='par_1_2' title="bbox 1738 317 2466 382">
     <span class='ocr_line' id='line_1_2' title="bbox 1738 317 2466 382; baseline 0.008 -5"><span class='ocrx_word' id='word_1_3' title='bbox 1738 317 2046 380; x_wconf 78' lang='lat' dir='ltr'><strong>NICOLAI</strong></span> <span class='ocrx_word' id='word_1_4' title='bbox 2081 320 2466 382; x_wconf 57' lang='lat' dir='ltr'><strong>CABASILXE</strong></span> 
     </span>
    </p>
   </div>
   <div class='ocr_carea' id='block_1_3' title="bbox 3621 337 3722 400">
    <p class='ocr_par' dir='ltr' id='par_1_3' title="bbox 3621 337 3722 400">
     <span class='ocr_line' id='line_1_3' title="bbox 3621 337 3722 400; baseline 0 -1"><span class='ocrx_word' id='word_1_5' title='bbox 3621 337 3722 400; x_wconf 65' lang='lat'><strong>6.90</strong></span> 
     </span>
    </p>
   </div>
   <div class='ocr_carea' id='block_1_4' title="bbox 453 436 2031 522">
    <p class='ocr_par' dir='ltr' id='par_1_4' title="bbox 453 436 2027 511">
     <span class='ocr_line' id='line_1_4' title="bbox 453 436 2027 511; baseline -0.002 -17"><span class='ocrx_word' id='word_1_6' title='bbox 453 437 629 494; x_wconf 74' lang='lat' dir='ltr'><strong>etiam</strong></span> <span class='ocrx_word' id='word_1_7' title='bbox 683 439 824 511; x_wconf 87' lang='lat' dir='ltr'><strong>apud</strong></span> <span class='ocrx_word' id='word_1_8' title='bbox 871 437 1074 493; x_wconf 79' lang='lat' dir='ltr'><strong>inferos</strong></span> <span class='ocrx_word' id='word_1_9' title='bbox 1102 438 1316 492; x_wconf 85' lang='lat' dir='ltr'><strong>vinctos</strong></span> <span class='ocrx_word' id='word_1_10' title='bbox 1345 436 1550 491; x_wconf 79' lang='lat' dir='ltr'><strong>exsolvi</strong></span> <span class='ocrx_word' id='word_1_11' title='bbox 1592 453 1715 492; x_wconf 90' lang='lat' dir='ltr'><strong>eum</strong></span> <span class='ocrx_word' id='word_1_12' title='bbox 1755 449 2027 508; x_wconf 87' lang='lat' dir='ltr'><strong>oporteret</strong></span> 
     </span>
    </p>
   </div>
   <div class='ocr_carea' id='block_1_5' title="bbox 2140 436 3722 522">
    <p class='ocr_par' dir='ltr' id='par_1_5' title="bbox 2161 445 3722 522">
     <span class='ocr_line' id='line_1_5' title="bbox 2161 445 3722 522; baseline 0.009 -27"><span class='ocrx_word' id='word_1_13' title='bbox 2161 445 2576 513; x_wconf 77' lang='grc' dir='ltr'><strong>φιλανθρωπίας</strong></span> <span class='ocrx_word' id='word_1_14' title='bbox 2629 448 2876 517; x_wconf 79' lang='grc' dir='ltr'>σημεῖον,</span> <span class='ocrx_word' id='word_1_15' title='bbox 2952 448 3017 518; x_wconf 76' lang='grc' dir='ltr'>ἣν</span> <span class='ocrx_word' id='word_1_16' title='bbox 3086 449 3490 521; x_wconf 76' lang='grc' dir='ltr'><strong>ἐπιδειξάμενος</strong></span> <span class='ocrx_word' id='word_1_17' title='bbox 3533 448 3722 522; x_wconf 78' lang='grc' dir='ltr'>ἦλθεν.</span> 
     </span>
    </p>
   </div>
   <div class='ocr_carea' id='block_1_6' title="bbox 467 527 2046 602">
    <p class='ocr_par' dir='ltr' id='par_1_6' title="bbox 467 527 2046 602">
     <span class='ocr_line' id='line_1_6' title="bbox 467 527 2046 602; baseline -0.002 -15"><span class='ocrx_word' id='word_1_18' title='bbox 467 544 649 602; x_wconf 87' lang='lat' dir='ltr'><strong>partes</strong></span> <span class='ocrx_word' id='word_1_19' title='bbox 680 547 772 586; x_wconf 87' lang='lat' dir='ltr'><strong>eas</strong></span> <span class='ocrx_word' id='word_1_20' title='bbox 824 546 928 585; x_wconf 91' lang='lat' dir='ltr'><strong>non</strong></span> <span class='ocrx_word' id='word_1_21' title='bbox 964 529 1191 598; x_wconf 81' lang='lat' dir='ltr'><strong>angelis,</strong></span> <span class='ocrx_word' id='word_1_22' title='bbox 1241 539 1334 582; x_wconf 85' lang='lat' dir='ltr'><strong>aut</strong></span> <span class='ocrx_word' id='word_1_23' title='bbox 1371 527 1712 598; x_wconf 80' lang='lat' dir='ltr'><strong>archangelis</strong></span> <span class='ocrx_word' id='word_1_24' title='bbox 1752 529 2046 591; x_wconf 70' lang='lat' dir='ltr'><strong>comnzisit.</strong></span> 
     </span>
    </p>
   </div>
   <div class='ocr_carea' id='block_1_7' title="bbox 470 619 2052 689">
    <p class='ocr_par' dir='ltr' id='par_1_7' title="bbox 470 619 2052 689">
     <span class='ocr_line' id='line_1_7' title="bbox 470 619 2052 689; baseline 0 -15"><span class='ocrx_word' id='word_1_25' title='bbox 470 623 563 675; x_wconf 77' lang='lat' dir='ltr'><strong>sed</strong></span> <span class='ocrx_word' id='word_1_26' title='bbox 610 622 836 689; x_wconf 86' lang='lat' dir='ltr'><strong>ipsemet</strong></span> <span class='ocrx_word' id='word_1_27' title='bbox 872 621 924 672; x_wconf 92' lang='lat' dir='ltr'><strong>in</strong></span> <span class='ocrx_word' id='word_1_28' title='bbox 961 634 1235 673; x_wconf 85' lang='lat' dir='ltr'><strong>carcerem</strong></span> <span class='ocrx_word' id='word_1_29' title='bbox 1268 619 1563 672; x_wconf 65' lang='lat' dir='ltr'><strong>desrendit.</strong></span> <span class='ocrx_word' id='word_1_30' title='bbox 1604 620 1848 688; x_wconf 88' lang='lat' dir='ltr'><strong>Cumque</strong></span> <span class='ocrx_word' id='word_1_31' title='bbox 1875 622 2052 689; x_wconf 74' lang='lat' dir='ltr'><strong>Capti-</strong></span> 
     </span>
    </p>
   </div>
   <div class='ocr_carea' id='block_1_8' title="bbox 468 709 2051 782">
    <p class='ocr_par' dir='ltr' id='par_1_8' title="bbox 468 709 2051 782">
     <span class='ocr_line' id='line_1_8' title="bbox 468 709 2051 782; baseline 0.003 -21"><span class='ocrx_word' id='word_1_32' title='bbox 468 725 565 763; x_wconf 87' lang='lat' dir='ltr'><strong>vos</strong></span> <span class='ocrx_word' id='word_1_33' title='bbox 590 725 697 763; x_wconf 88' lang='lat' dir='ltr'><strong>non</strong></span> <span class='ocrx_word' id='word_1_34' title='bbox 726 709 915 778; x_wconf 82' lang='lat' dir='ltr'><strong>gratis,</strong></span> <span class='ocrx_word' id='word_1_35' title='bbox 952 709 1042 762; x_wconf 89' lang='lat' dir='ltr'><strong>sed</strong></span> <span class='ocrx_word' id='word_1_36' title='bbox 1078 710 1252 776; x_wconf 89' lang='lat' dir='ltr'><strong>pretio</strong></span> <span class='ocrx_word' id='word_1_37' title='bbox 1284 710 1523 778; x_wconf 88' lang='lat' dir='ltr'><strong>recipere</strong></span> <span class='ocrx_word' id='word_1_38' title='bbox 1555 709 1855 765; x_wconf 87' lang='lat' dir='ltr'><strong>libertatem</strong></span> <span class='ocrx_word' id='word_1_39' title='bbox 1885 713 2051 782; x_wconf 67' lang='lat' dir='ltr'><strong>tequi-</strong></span> 
     </span>
    </p>
   </div>
   <div class='ocr_carea' id='block_1_9' title="bbox 470 801 2050 872">
    <p class='ocr_par' dir='ltr' id='par_1_9' title="bbox 470 801 2050 872">
     <span class='ocr_line' id='line_1_9' title="bbox 470 801 2050 872; baseline 0.003 -17"><span class='ocrx_word' id='word_1_40' title='bbox 470 814 552 857; x_wconf 83' lang='lat' dir='ltr'><strong>tas</strong></span> <span class='ocrx_word' id='word_1_41' title='bbox 579 803 899 870; x_wconf 90' lang='lat' dir='ltr'><strong>postularet,</strong></span> <span class='ocrx_word' id='word_1_42' title='bbox 932 801 1198 871; x_wconf 79' lang='lat' dir='ltr'><strong>sanguine</strong></span> <span class='ocrx_word' id='word_1_43' title='bbox 1229 802 1508 870; x_wconf 91' lang='lat' dir='ltr'><strong>persoluto</strong></span> <span class='ocrx_word' id='word_1_44' title='bbox 1545 817 1640 857; x_wconf 90' lang='lat' dir='ltr'><strong>eos</strong></span> <span class='ocrx_word' id='word_1_45' title='bbox 1675 803 1893 872; x_wconf 89' lang='lat' dir='ltr'><strong>eripuit.</strong></span> <span class='ocrx_word' id='word_1_46' title='bbox 1936 803 2050 860; x_wconf 84' lang='lat' dir='ltr'><strong>Iloc</strong></span> 
     </span>
    </p>
   </div>
   <div class='ocr_carea' id='block_1_10' title="bbox 467 897 2048 968">
    <p class='ocr_par' dir='ltr' id='par_1_10' title="bbox 467 897 2048 968">
     <span class='ocr_line' id='line_1_10' title="bbox 467 897 2048 968; baseline 0.002 -19"><span class='ocrx_word' id='word_1_47' title='bbox 467 897 630 950; x_wconf 84' lang='lat' dir='ltr'><strong>modo</strong></span> <span class='ocrx_word' id='word_1_48' title='bbox 683 898 808 950; x_wconf 90' lang='lat' dir='ltr'><strong>inde</strong></span> <span class='ocrx_word' id='word_1_49' title='bbox 862 913 1056 968; x_wconf 78' lang='lat' dir='ltr'><strong>usque&#39;</strong></span> <span class='ocrx_word' id='word_1_50' title='bbox 1089 899 1154 951; x_wconf 76' lang='lat' dir='ltr'><strong>atl</strong></span> <span class='ocrx_word' id='word_1_51' title='bbox 1197 907 1498 951; x_wconf 83' lang='lat' dir='ltr'><strong>extremum</strong></span> <span class='ocrx_word' id='word_1_52' title='bbox 1555 898 1697 952; x_wconf 86' lang='lat' dir='ltr'><strong>diem</strong></span> <span class='ocrx_word' id='word_1_53' title='bbox 1733 914 1762 952; x_wconf 91' lang='lat' dir='ltr'><strong>a</strong></span> <span class='ocrx_word' id='word_1_54' title='bbox 1811 899 2048 968; x_wconf 74' lang='lat' dir='ltr'><strong>precatis</strong></span> 
     </span>
    </p>
   </div>
   <div class='ocr_carea' id='block_1_11' title="bbox 467 988 2046 1057">
    <p class='ocr_par' dir='ltr' id='par_1_11' title="bbox 467 988 2046 1057">
     <span class='ocr_line' id='line_1_11' title="bbox 467 988 2046 1057; baseline 0.003 -17"><span class='ocrx_word' id='word_1_55' title='bbox 467 990 680 1050; x_wconf 81' lang='lat' dir='ltr'><strong>liberat,</strong></span> <span class='ocrx_word' id='word_1_56' title='bbox 717 1004 932 1057; x_wconf 84' lang='lat' dir='ltr'><strong>poenam</strong></span> <span class='ocrx_word' id='word_1_57' title='bbox 981 988 1226 1053; x_wconf 77' lang='lat' dir='ltr'><strong>dimittit,</strong></span> <span class='ocrx_word' id='word_1_58' title='bbox 1282 999 1333 1042; x_wconf 90' lang='lat' dir='ltr'><strong>et</strong></span> <span class='ocrx_word' id='word_1_59' title='bbox 1373 989 1560 1043; x_wconf 82' lang='lat' dir='ltr'><strong>sordes</strong></span> <span class='ocrx_word' id='word_1_60' title='bbox 1595 991 1900 1044; x_wconf 86' lang='lat' dir='ltr'><strong>animarum</strong></span> <span class='ocrx_word' id='word_1_61' title='bbox 1949 1007 2046 1044; x_wconf 87' lang='lat' dir='ltr'><strong>no-</strong></span> 
     </span>
    </p>
   </div>
   <div class='ocr_carea' id='block_1_12' title="bbox 467 1081 2043 1153">
    <p class='ocr_par' dir='ltr' id='par_1_12' title="bbox 467 1081 2043 1153">
     <span class='ocr_line' id='line_1_12' title="bbox 467 1081 2043 1153; baseline 0.003 -21"><span class='ocrx_word' id='word_1_62' title='bbox 467 1094 704 1135; x_wconf 63' lang='lat' dir='ltr'><strong>strarum</strong></span> <span class='ocrx_word' id='word_1_63' title='bbox 753 1082 910 1135; x_wconf 90' lang='lat' dir='ltr'><strong>eluit.</strong></span> <span class='ocrx_word' id='word_1_64' title='bbox 964 1082 1174 1135; x_wconf 79' lang='lat' dir='ltr'><strong>Etenim</strong></span> <span class='ocrx_word' id='word_1_65' title='bbox 1230 1081 1342 1150; x_wconf 88' lang='lat' dir='ltr'><strong>ipse</strong></span> <span class='ocrx_word' id='word_1_66' title='bbox 1388 1095 1470 1136; x_wconf 89' lang='lat' dir='ltr'><strong>est</strong></span> <span class='ocrx_word' id='word_1_67' title='bbox 1522 1085 1610 1152; x_wconf 88' lang='lat' dir='ltr'><strong>qui</strong></span> <span class='ocrx_word' id='word_1_68' title='bbox 1643 1093 1855 1153; x_wconf 81' lang='lat' dir='ltr'><strong>purgat.</strong></span> <span class='ocrx_word' id='word_1_69' title='bbox 1893 1084 2043 1150; x_wconf 75' lang='lat' dir='ltr'><strong>Quod</strong></span> 
     </span>
    </p>
   </div>
   <div class='ocr_carea' id='block_1_13' title="bbox 465 1173 2043 1246">
    <p class='ocr_par' dir='ltr' id='par_1_13' title="bbox 465 1173 2043 1246">
     <span class='ocr_line' id='line_1_13' title="bbox 465 1173 2043 1246; baseline 0.001 -18"><span class='ocrx_word' id='word_1_70' title='bbox 465 1175 667 1228; x_wconf 78' lang='lat' dir='ltr'><strong>Paulus</strong></span> <span class='ocrx_word' id='word_1_71' title='bbox 704 1175 976 1239; x_wconf 84' lang='lat' dir='ltr'><strong>indicans,</strong></span> <span class='ocrx_word' id='word_1_72' title='bbox 1043 1194 1060 1223; x_wconf 73' lang='grc' dir='ltr'><strong>ι</strong></span> <span class='ocrx_word' id='word_1_73' title='bbox 1100 1173 1202 1226; x_wconf 67' lang='lat' dir='ltr'><strong>Per</strong></span> <span class='ocrx_word' id='word_1_74' title='bbox 1241 1175 1501 1242; x_wconf 82' lang='lat' dir='ltr'><strong>seipsum,</strong></span> <span class='ocrx_word' id='word_1_75' title='bbox 1538 1177 1729 1244; x_wconf 85' lang='lat' dir='ltr'><strong>inquit,</strong></span> <span class='ocrx_word' id='word_1_76' title='bbox 1767 1177 2043 1246; x_wconf 79' lang='lat' dir='ltr'><strong>purgatio-</strong></span> 
     </span>
    </p>
   </div>
   <div class='ocr_carea' id='block_1_14' title="bbox 462 1267 2044 1337">
    <p class='ocr_par' dir='ltr' id='par_1_14' title="bbox 462 1267 2044 1337">
     <span class='ocr_line' id='line_1_14' title="bbox 462 1267 2044 1337; baseline 0.001 -16"><span class='ocrx_word' id='word_1_77' title='bbox 462 1287 584 1321; x_wconf 78' lang='lat' dir='ltr'><strong>nem</strong></span> <span class='ocrx_word' id='word_1_78' title='bbox 629 1280 973 1337; x_wconf 78' lang='lat' dir='ltr'><strong>peccatorum</strong></span> <span class='ocrx_word' id='word_1_79' title='bbox 1003 1267 1231 1327; x_wconf 74' lang='lat' dir='ltr'><strong>faciens,</strong></span> <span class='ocrx_word' id='word_1_80' title='bbox 1296 1269 1443 1322; x_wconf 84' lang='lat' dir='ltr'><strong>sedet</strong></span> <span class='ocrx_word' id='word_1_81' title='bbox 1478 1269 1542 1321; x_wconf 88' lang='lat' dir='ltr'><strong>ad</strong></span> <span class='ocrx_word' id='word_1_82' title='bbox 1588 1271 1827 1321; x_wconf 86' lang='lat' dir='ltr'><strong>dextram</strong></span> <span class='ocrx_word' id='word_1_83' title='bbox 1873 1270 2044 1334; x_wconf 77' lang='lat' dir='ltr'><strong>maje-</strong></span> 
     </span>
    </p>
   </div>
   <div class='ocr_carea' id='block_1_15' title="bbox 463 1359 2040 1428">
    <p class='ocr_par' dir='ltr' id='par_1_15' title="bbox 463 1359 2040 1428">
     <span class='ocr_line' id='line_1_15' title="bbox 463 1359 2040 1428; baseline 0.001 -16"><span class='ocrx_word' id='word_1_84' title='bbox 463 1361 619 1413; x_wconf 77' lang='lat' dir='ltr'><strong>statis</strong></span> <span class='ocrx_word' id='word_1_85' title='bbox 645 1361 693 1412; x_wconf 92' lang='lat' dir='ltr'><strong>in</strong></span> <span class='ocrx_word' id='word_1_86' title='bbox 721 1361 955 1413; x_wconf 74' lang='lat' dir='ltr'><strong>excelsis</strong></span> <span class='ocrx_word' id='word_1_87' title='bbox 982 1359 1024 1412; x_wconf 78' lang='lat'><strong>&quot;.</strong></span> <span class='ocrx_word' id='word_1_88' title='bbox 1057 1378 1074 1409; x_wconf 87' lang='grc'><strong>›</strong></span> <span class='ocrx_word' id='word_1_89' title='bbox 1106 1360 1334 1428; x_wconf 78' lang='lat' dir='ltr'><strong>Propter</strong></span> <span class='ocrx_word' id='word_1_90' title='bbox 1368 1360 1480 1412; x_wconf 65' lang='lat' dir='ltr'><strong>haec</strong></span> <span class='ocrx_word' id='word_1_91' title='bbox 1499 1369 1550 1411; x_wconf 91' lang='lat' dir='ltr'><strong>et</strong></span> <span class='ocrx_word' id='word_1_92' title='bbox 1578 1360 1883 1414; x_wconf 87' lang='lat' dir='ltr'><strong>ministrum</strong></span> <span class='ocrx_word' id='word_1_93' title='bbox 1919 1377 2040 1413; x_wconf 67' lang='lat' dir='ltr'><strong>tum</strong></span> 
     </span>
    </p>
   </div>
   <div class='ocr_carea' id='block_1_16' title="bbox 462 1441 2045 1520">
    <p class='ocr_par' dir='ltr' id='par_1_16' title="bbox 462 1441 2045 1520">
     <span class='ocr_line' id='line_1_16' title="bbox 462 1441 2045 1520; baseline 0.003 -20"><span class='ocrx_word' id='word_1_94' title='bbox 462 1441 714 1520; x_wconf 65' lang='lat' dir='ltr'><strong>:ippellai,</strong></span> <span class='ocrx_word' id='word_1_95' title='bbox 763 1460 816 1503; x_wconf 88' lang='lat' dir='ltr'><strong>et</strong></span> <span class='ocrx_word' id='word_1_96' title='bbox 866 1450 978 1519; x_wconf 81' lang='lat' dir='ltr'><strong>ipse</strong></span> <span class='ocrx_word' id='word_1_97' title='bbox 1035 1459 1206 1503; x_wconf 81' lang='lat' dir='ltr'><strong>semet</strong></span> <span class='ocrx_word' id='word_1_98' title='bbox 1261 1450 1684 1513; x_wconf 83' lang='lat' dir='ltr'><strong>ministrantem,</strong></span> <span class='ocrx_word' id='word_1_99' title='bbox 1743 1461 1796 1504; x_wconf 89' lang='lat' dir='ltr'><strong>et</strong></span> <span class='ocrx_word' id='word_1_100' title='bbox 1849 1466 1876 1503; x_wconf 91' lang='lat' dir='ltr'><strong>a</strong></span> <span class='ocrx_word' id='word_1_101' title='bbox 1934 1451 2045 1504; x_wconf 76' lang='lat' dir='ltr'><strong>Deo</strong></span> 
     </span>
    </p>
   </div>
   <div class='ocr_carea' id='block_1_17' title="bbox 464 1542 2045 1610">
    <p class='ocr_par' dir='ltr' id='par_1_17' title="bbox 464 1542 2045 1610">
     <span class='ocr_line' id='line_1_17' title="bbox 464 1542 2045 1610; baseline 0.001 -15"><span class='ocrx_word' id='word_1_102' title='bbox 464 1543 622 1596; x_wconf 81' lang='lat' dir='ltr'><strong>l’atre</strong></span> <span class='ocrx_word' id='word_1_103' title='bbox 655 1542 878 1597; x_wconf 90' lang='lat' dir='ltr'><strong>missum</strong></span> <span class='ocrx_word' id='word_1_104' title='bbox 907 1543 959 1594; x_wconf 90' lang='lat' dir='ltr'><strong>in</strong></span> <span class='ocrx_word' id='word_1_105' title='bbox 995 1543 1282 1604; x_wconf 88' lang='lat' dir='ltr'><strong>mundum,</strong></span> <span class='ocrx_word' id='word_1_106' title='bbox 1316 1553 1370 1594; x_wconf 85' lang='grc' dir='ltr'><strong>ιιι</strong></span> <span class='ocrx_word' id='word_1_107' title='bbox 1396 1542 1755 1596; x_wconf 81' lang='lat' dir='ltr'><strong>ministraret.</strong></span> <span class='ocrx_word' id='word_1_108' title='bbox 1783 1543 2045 1610; x_wconf 82' lang='lat' dir='ltr'><strong>Quodque</strong></span> 
     </span>
    </p>
   </div>
   <div class='ocr_carea' id='block_1_18' title="bbox 463 1634 2041 1703">
    <p class='ocr_par' dir='ltr' id='par_1_18' title="bbox 463 1634 2041 1703">
     <span class='ocr_line' id='line_1_18' title="bbox 463 1634 2041 1703; baseline 0.003 -18"><span class='ocrx_word' id='word_1_109' title='bbox 463 1639 794 1703; x_wconf 72' lang='lat' dir='ltr'><strong>praecipuum</strong></span> <span class='ocrx_word' id='word_1_110' title='bbox 826 1644 911 1686; x_wconf 90' lang='lat' dir='ltr'><strong>est</strong></span> <span class='ocrx_word' id='word_1_111' title='bbox 946 1634 1215 1695; x_wconf 89' lang='lat' dir='ltr'><strong>omnium,</strong></span> <span class='ocrx_word' id='word_1_112' title='bbox 1251 1649 1356 1687; x_wconf 92' lang='lat' dir='ltr'><strong>non</strong></span> <span class='ocrx_word' id='word_1_113' title='bbox 1399 1635 1448 1686; x_wconf 92' lang='lat' dir='ltr'><strong>in</strong></span> <span class='ocrx_word' id='word_1_114' title='bbox 1483 1634 1584 1688; x_wconf 90' lang='lat' dir='ltr'><strong>hac</strong></span> <span class='ocrx_word' id='word_1_115' title='bbox 1617 1635 1726 1688; x_wconf 90' lang='lat' dir='ltr'><strong>vita</strong></span> <span class='ocrx_word' id='word_1_116' title='bbox 1759 1635 2041 1698; x_wconf 69' lang='lat' dir='ltr'><strong>duntaxat,</strong></span> 
     </span>
    </p>
   </div>
   <div class='ocr_carea' id='block_1_19' title="bbox 462 1725 2042 1796">
    <p class='ocr_par' dir='ltr' id='par_1_19' title="bbox 462 1725 2042 1796">
     <span class='ocr_line' id='line_1_19' title="bbox 462 1725 2042 1796; baseline -0.001 -17"><span class='ocrx_word' id='word_1_117' title='bbox 462 1727 680 1796; x_wconf 80' lang='lat' dir='ltr'><strong>quando</strong></span> <span class='ocrx_word' id='word_1_118' title='bbox 714 1741 837 1778; x_wconf 86' lang='lat' dir='ltr'><strong>cum</strong></span> <span class='ocrx_word' id='word_1_119' title='bbox 875 1725 1115 1778; x_wconf 89' lang='lat' dir='ltr'><strong>humana</strong></span> <span class='ocrx_word' id='word_1_120' title='bbox 1145 1725 1460 1778; x_wconf 80' lang='lat' dir='ltr'><strong>inﬁrmitate</strong></span> <span class='ocrx_word' id='word_1_121' title='bbox 1487 1725 1636 1780; x_wconf 88' lang='lat' dir='ltr'><strong>visus</strong></span> <span class='ocrx_word' id='word_1_122' title='bbox 1667 1735 1772 1792; x_wconf 85' lang='lat' dir='ltr'><strong>est,</strong></span> <span class='ocrx_word' id='word_1_123' title='bbox 1797 1735 1851 1780; x_wconf 92' lang='lat' dir='ltr'><strong>et</strong></span> <span class='ocrx_word' id='word_1_124' title='bbox 1875 1728 2042 1788; x_wconf 88' lang='lat' dir='ltr'><strong>venit,</strong></span> 
     </span>
    </p>
   </div>
   <div class='ocr_carea' id='block_1_20' title="bbox 461 1817 2040 1888">
    <p class='ocr_par' dir='ltr' id='par_1_20' title="bbox 461 1817 2040 1888">
     <span class='ocr_line' id='line_1_20' title="bbox 461 1817 2040 1888; baseline -0.001 -16"><span class='ocrx_word' id='word_1_125' title='bbox 461 1837 568 1872; x_wconf 87' lang='lat' dir='ltr'><strong>non</strong></span> <span class='ocrx_word' id='word_1_126' title='bbox 628 1830 686 1871; x_wconf 92' lang='lat' dir='ltr'><strong>ut</strong></span> <span class='ocrx_word' id='word_1_127' title='bbox 732 1818 1003 1886; x_wconf 82' lang='lat' dir='ltr'><strong>judicaret</strong></span> <span class='ocrx_word' id='word_1_128' title='bbox 1054 1817 1340 1882; x_wconf 80' lang='lat' dir='ltr'><strong>mundum,</strong></span> <span class='ocrx_word' id='word_1_129' title='bbox 1389 1827 1500 1871; x_wconf 89' lang='lat' dir='ltr'><strong>tum</strong></span> <span class='ocrx_word' id='word_1_130' title='bbox 1547 1833 1668 1888; x_wconf 70' lang='lat' dir='ltr'><strong>qua:</strong></span> <span class='ocrx_word' id='word_1_131' title='bbox 1722 1819 1867 1871; x_wconf 81' lang='lat' dir='ltr'><strong>servi</strong></span> <span class='ocrx_word' id='word_1_132' title='bbox 1913 1827 2040 1871; x_wconf 86' lang='lat' dir='ltr'><strong>sunt</strong></span> 
     </span>
    </p>
   </div>
   <div class='ocr_carea' id='block_1_21' title="bbox 460 1909 2038 1984">
    <p class='ocr_par' dir='ltr' id='par_1_21' title="bbox 460 1909 2038 1984">
     <span class='ocr_line' id='line_1_21' title="bbox 460 1909 2038 1984; baseline -0.004 -17"><span class='ocrx_word' id='word_1_133' title='bbox 460 1912 730 1984; x_wconf 59' lang='lat' dir='ltr'><strong>prsestitit,</strong></span> <span class='ocrx_word' id='word_1_134' title='bbox 765 1923 820 1964; x_wconf 88' lang='lat' dir='ltr'><strong>et</strong></span> <span class='ocrx_word' id='word_1_135' title='bbox 872 1926 994 1981; x_wconf 74' lang='lat' dir='ltr'><strong>qua:</strong></span> <span class='ocrx_word' id='word_1_136' title='bbox 1037 1909 1248 1964; x_wconf 91' lang='lat' dir='ltr'><strong>Domini</strong></span> <span class='ocrx_word' id='word_1_137' title='bbox 1298 1921 1446 1976; x_wconf 87' lang='lat' dir='ltr'><strong>sunt,</strong></span> <span class='ocrx_word' id='word_1_138' title='bbox 1494 1910 1784 1966; x_wconf 84' lang='lat' dir='ltr'><strong>abscondit</strong></span> <span class='ocrx_word' id='word_1_139' title='bbox 1831 1913 2038 1978; x_wconf 83' lang='lat' dir='ltr'><strong>omnia,</strong></span> 
     </span>
    </p>
   </div>
   <div class='ocr_carea' id='block_1_22' title="bbox 457 2001 2038 2075">
    <p class='ocr_par' dir='ltr' id='par_1_22' title="bbox 457 2001 2038 2075">
     <span class='ocr_line' id='line_1_22' title="bbox 457 2001 2038 2075; baseline -0.001 -15"><span class='ocrx_word' id='word_1_140' title='bbox 457 2008 553 2061; x_wconf 85' lang='lat' dir='ltr'><strong>sed</strong></span> <span class='ocrx_word' id='word_1_141' title='bbox 584 2006 695 2075; x_wconf 85' lang='lat' dir='ltr'><strong>jam</strong></span> <span class='ocrx_word' id='word_1_142' title='bbox 730 2005 892 2059; x_wconf 86' lang='lat' dir='ltr'><strong>etiam</strong></span> <span class='ocrx_word' id='word_1_143' title='bbox 920 2005 971 2058; x_wconf 93' lang='lat' dir='ltr'><strong>iu</strong></span> <span class='ocrx_word' id='word_1_144' title='bbox 1006 2001 1211 2062; x_wconf 79' lang='lat' dir='ltr'><strong>futuro,</strong></span> <span class='ocrx_word' id='word_1_145' title='bbox 1241 2003 1463 2071; x_wconf 86' lang='lat' dir='ltr'><strong>quando</strong></span> <span class='ocrx_word' id='word_1_146' title='bbox 1494 2018 1615 2055; x_wconf 83' lang='lat' dir='ltr'><strong>rum</strong></span> <span class='ocrx_word' id='word_1_147' title='bbox 1645 2003 1850 2057; x_wconf 85' lang='lat' dir='ltr'><strong>virtute</strong></span> <span class='ocrx_word' id='word_1_148' title='bbox 1875 2003 2038 2058; x_wconf 81' lang='lat' dir='ltr'><strong>adve-</strong></span> 
     </span>
    </p>
   </div>
   <div class='ocr_carea' id='block_1_23' title="bbox 456 2095 2035 2165">
    <p class='ocr_par' dir='ltr' id='par_1_23' title="bbox 456 2095 2035 2165">
     <span class='ocr_line' id='line_1_23' title="bbox 456 2095 2035 2165; baseline -0.003 -13"><span class='ocrx_word' id='word_1_149' title='bbox 456 2099 591 2160; x_wconf 88' lang='lat' dir='ltr'><strong>niet,</strong></span> <span class='ocrx_word' id='word_1_150' title='bbox 623 2108 816 2151; x_wconf 85' lang='lat' dir='ltr'><strong>etcum</strong></span> <span class='ocrx_word' id='word_1_151' title='bbox 847 2107 1066 2165; x_wconf 87' lang='lat' dir='ltr'><strong>paterna</strong></span> <span class='ocrx_word' id='word_1_152' title='bbox 1092 2095 1260 2164; x_wconf 80' lang='lat' dir='ltr'><strong>gloria</strong></span> <span class='ocrx_word' id='word_1_153' title='bbox 1294 2095 1600 2164; x_wconf 84' lang='lat' dir='ltr'><strong>apparebit,</strong></span> <span class='ocrx_word' id='word_1_154' title='bbox 1629 2095 1681 2148; x_wconf 88' lang='lat' dir='ltr'><strong>in</strong></span> <span class='ocrx_word' id='word_1_155' title='bbox 1705 2095 2035 2159; x_wconf 85' lang='lat' dir='ltr'><strong>ostensione,</strong></span> 
     </span>
    </p>
   </div>
   <div class='ocr_carea' id='block_1_24' title="bbox 456 2184 2039 2257">
    <p class='ocr_par' dir='ltr' id='par_1_24' title="bbox 456 2184 2039 2257">
     <span class='ocr_line' id='line_1_24' title="bbox 456 2184 2039 2257; baseline -0.001 -15"><span class='ocrx_word' id='word_1_156' title='bbox 456 2191 511 2242; x_wconf 87' lang='lat' dir='ltr'><strong>in</strong></span> <span class='ocrx_word' id='word_1_157' title='bbox 549 2203 712 2257; x_wconf 78' lang='lat' dir='ltr'><strong>regno</strong></span> <span class='ocrx_word' id='word_1_158' title='bbox 750 2203 895 2241; x_wconf 83' lang='lat' dir='ltr'><strong>suo:</strong></span> <span class='ocrx_word' id='word_1_159' title='bbox 947 2205 966 2238; x_wconf 82' lang='grc' dir='ltr'><strong>ι</strong></span> <span class='ocrx_word' id='word_1_160' title='bbox 1006 2186 1306 2254; x_wconf 65' lang='lat' dir='ltr'><strong>Pratciuget</strong></span> <span class='ocrx_word' id='word_1_161' title='bbox 1368 2200 1448 2250; x_wconf 87' lang='lat' dir='ltr'><strong>se,</strong></span> <span class='ocrx_word' id='word_1_162' title='bbox 1503 2186 1700 2254; x_wconf 81' lang='lat' dir='ltr'><strong>inquit,</strong></span> <span class='ocrx_word' id='word_1_163' title='bbox 1769 2195 1823 2239; x_wconf 90' lang='lat' dir='ltr'><strong>et</strong></span> <span class='ocrx_word' id='word_1_164' title='bbox 1876 2184 2039 2240; x_wconf 81' lang='lat' dir='ltr'><strong>faciet</strong></span> 
     </span>
    </p>
   </div>
   <div class='ocr_carea' id='block_1_25' title="bbox 457 2278 2029 2354">
    <p class='ocr_par' dir='ltr' id='par_1_25' title="bbox 457 2278 2029 2354">
     <span class='ocr_line' id='line_1_25' title="bbox 457 2278 2029 2354; baseline -0.003 -21"><span class='ocrx_word' id='word_1_165' title='bbox 457 2282 580 2336; x_wconf 89' lang='lat' dir='ltr'><strong>illos</strong></span> <span class='ocrx_word' id='word_1_166' title='bbox 611 2279 975 2342; x_wconf 87' lang='lat' dir='ltr'><strong>discumbere,</strong></span> <span class='ocrx_word' id='word_1_167' title='bbox 1010 2287 1065 2333; x_wconf 92' lang='lat' dir='ltr'><strong>et</strong></span> <span class='ocrx_word' id='word_1_168' title='bbox 1099 2278 1368 2332; x_wconf 87' lang='lat' dir='ltr'><strong>transiens</strong></span> <span class='ocrx_word' id='word_1_169' title='bbox 1397 2279 1729 2354; x_wconf 75' lang='lat' dir='ltr'><strong>ministrabit</strong></span> <span class='ocrx_word' id='word_1_170' title='bbox 1773 2279 1881 2333; x_wconf 90' lang='lat' dir='ltr'><strong>illis</strong></span> <span class='ocrx_word' id='word_1_171' title='bbox 1905 2281 1972 2334; x_wconf 76' lang='lat'><strong>“.</strong></span> <span class='ocrx_word' id='word_1_172' title='bbox 2011 2295 2029 2328; x_wconf 72' lang='grc' dir='ltr'><strong>ι</strong></span> 
     </span>
    </p>
   </div>
   <div class='ocr_carea' id='block_1_26' title="bbox 453 2371 2034 2442">
    <p class='ocr_par' dir='ltr' id='par_1_26' title="bbox 453 2371 2034 2442">
     <span class='ocr_line' id='line_1_26' title="bbox 453 2371 2034 2442; baseline -0.001 -16"><span class='ocrx_word' id='word_1_173' title='bbox 453 2371 666 2439; x_wconf 84' lang='lat' dir='ltr'><strong>Merito,</strong></span> <span class='ocrx_word' id='word_1_174' title='bbox 693 2388 788 2442; x_wconf 89' lang='lat' dir='ltr'><strong>per</strong></span> <span class='ocrx_word' id='word_1_175' title='bbox 813 2386 970 2441; x_wconf 85' lang='lat' dir='ltr'><strong>quem</strong></span> <span class='ocrx_word' id='word_1_176' title='bbox 1007 2386 1157 2442; x_wconf 74' lang='lat' dir='ltr'><strong>reges</strong></span> <span class='ocrx_word' id='word_1_177' title='bbox 1185 2381 1436 2440; x_wconf 80' lang='lat' dir='ltr'><strong>regnant,</strong></span> <span class='ocrx_word' id='word_1_178' title='bbox 1467 2380 1520 2424; x_wconf 90' lang='lat' dir='ltr'><strong>et</strong></span> <span class='ocrx_word' id='word_1_179' title='bbox 1557 2371 1825 2440; x_wconf 87' lang='lat' dir='ltr'><strong>principes</strong></span> <span class='ocrx_word' id='word_1_180' title='bbox 1861 2371 2034 2440; x_wconf 89' lang='lat' dir='ltr'><strong>impe-</strong></span> 
     </span>
    </p>
   </div>
   <div class='ocr_carea' id='block_1_27' title="bbox 453 2465 2034 2536">
    <p class='ocr_par' dir='ltr' id='par_1_27' title="bbox 453 2465 2034 2536">
     <span class='ocr_line' id='line_1_27' title="bbox 453 2465 2034 2536; baseline -0.004 -13"><span class='ocrx_word' id='word_1_181' title='bbox 453 2477 598 2524; x_wconf 88' lang='lat' dir='ltr'><strong>rant.</strong></span> <span class='ocrx_word' id='word_1_182' title='bbox 649 2465 765 2522; x_wconf 79' lang='lat' dir='ltr'><strong>Hoc</strong></span> <span class='ocrx_word' id='word_1_183' title='bbox 798 2467 997 2536; x_wconf 87' lang='lat' dir='ltr'><strong>quippe</strong></span> <span class='ocrx_word' id='word_1_184' title='bbox 1051 2465 1214 2518; x_wconf 91' lang='lat' dir='ltr'><strong>modo</strong></span> <span class='ocrx_word' id='word_1_185' title='bbox 1268 2478 1530 2534; x_wconf 81' lang='lat' dir='ltr'><strong>germano</strong></span> <span class='ocrx_word' id='word_1_186' title='bbox 1583 2478 1820 2533; x_wconf 85' lang='lat' dir='ltr'><strong>veroque</strong></span> <span class='ocrx_word' id='word_1_187' title='bbox 1865 2478 2034 2533; x_wconf 81' lang='lat' dir='ltr'><strong>regno</strong></span> 
     </span>
    </p>
   </div>
   <div class='ocr_carea' id='block_1_28' title="bbox 452 2555 2034 2632">
    <p class='ocr_par' dir='ltr' id='par_1_28' title="bbox 452 2555 2034 2632">
     <span class='ocr_line' id='line_1_28' title="bbox 452 2555 2034 2632; baseline -0.004 -16"><span class='ocrx_word' id='word_1_188' title='bbox 452 2560 721 2632; x_wconf 76' lang='lat' dir='ltr'><strong>regnavit,</strong></span> <span class='ocrx_word' id='word_1_189' title='bbox 779 2558 894 2629; x_wconf 90' lang='lat' dir='ltr'><strong>ipse</strong></span> <span class='ocrx_word' id='word_1_190' title='bbox 938 2557 1040 2612; x_wconf 90' lang='lat' dir='ltr'><strong>sibi</strong></span> <span class='ocrx_word' id='word_1_191' title='bbox 1069 2558 1146 2625; x_wconf 67' lang='grc' dir='ltr'>ζει]</span> <span class='ocrx_word' id='word_1_192' title='bbox 1211 2572 1438 2627; x_wconf 77' lang='lat' dir='ltr'><strong>regnum</strong></span> <span class='ocrx_word' id='word_1_193' title='bbox 1496 2555 1792 2621; x_wconf 66' lang='lat' dir='ltr'><strong>sollicitans,</strong></span> <span class='ocrx_word' id='word_1_194' title='bbox 1844 2566 1897 2608; x_wconf 86' lang='lat' dir='ltr'><strong>et</strong></span> <span class='ocrx_word' id='word_1_195' title='bbox 1955 2556 2034 2609; x_wconf 90' lang='lat' dir='ltr'><strong>sic</strong></span> 
     </span>
    </p>
   </div>
   <div class='ocr_carea' id='block_1_29' title="bbox 453 2648 2032 2723">
    <p class='ocr_par' dir='ltr' id='par_1_29' title="bbox 453 2648 2032 2723">
     <span class='ocr_line' id='line_1_29' title="bbox 453 2648 2032 2723; baseline -0.005 -15"><span class='ocrx_word' id='word_1_196' title='bbox 453 2655 613 2718; x_wconf 79' lang='lat' dir='ltr'><strong>rexit,</strong></span> <span class='ocrx_word' id='word_1_197' title='bbox 651 2669 884 2723; x_wconf 88' lang='lat' dir='ltr'><strong>quorum</strong></span> <span class='ocrx_word' id='word_1_198' title='bbox 929 2652 1294 2722; x_wconf 81' lang='lat' dir='ltr'><strong>principatum</strong></span> <span class='ocrx_word' id='word_1_199' title='bbox 1327 2648 1568 2703; x_wconf 90' lang='lat' dir='ltr'><strong>obtinuit</strong></span> <span class='ocrx_word' id='word_1_200' title='bbox 1598 2665 1610 2701; x_wconf 88' lang='lat'>:</span> <span class='ocrx_word' id='word_1_201' title='bbox 1644 2648 1871 2702; x_wconf 85' lang='lat' dir='ltr'><strong>hilarior</strong></span> <span class='ocrx_word' id='word_1_202' title='bbox 1906 2648 2032 2716; x_wconf 89' lang='lat' dir='ltr'><strong>qui-</strong></span> 
     </span>
    </p>
   </div>
   <div class='ocr_carea' id='block_1_30' title="bbox 451 2738 2031 2808">
    <p class='ocr_par' dir='ltr' id='par_1_30' title="bbox 451 2738 2031 2808">
     <span class='ocr_line' id='line_1_30' title="bbox 451 2738 2031 2808; baseline -0.005 -9"><span class='ocrx_word' id='word_1_203' title='bbox 451 2748 573 2802; x_wconf 88' lang='lat' dir='ltr'><strong>dem</strong></span> <span class='ocrx_word' id='word_1_204' title='bbox 620 2744 675 2798; x_wconf 89' lang='lat' dir='ltr'><strong>in</strong></span> <span class='ocrx_word' id='word_1_205' title='bbox 725 2745 958 2803; x_wconf 86' lang='lat' dir='ltr'><strong>amicos,</strong></span> <span class='ocrx_word' id='word_1_206' title='bbox 1001 2741 1243 2794; x_wconf 83' lang='lat' dir='ltr'><strong>severior</strong></span> <span class='ocrx_word' id='word_1_207' title='bbox 1291 2740 1345 2792; x_wconf 91' lang='lat' dir='ltr'><strong>in</strong></span> <span class='ocrx_word' id='word_1_208' title='bbox 1401 2739 1696 2808; x_wconf 85' lang='lat' dir='ltr'><strong>principes,</strong></span> <span class='ocrx_word' id='word_1_209' title='bbox 1731 2746 1786 2792; x_wconf 88' lang='lat' dir='ltr'><strong>et</strong></span> <span class='ocrx_word' id='word_1_210' title='bbox 1825 2738 2031 2805; x_wconf 84' lang='lat' dir='ltr'><strong>majore</strong></span> 
     </span>
    </p>
   </div>
   <div class='ocr_carea' id='block_1_31' title="bbox 451 2831 2026 2906">
    <p class='ocr_par' dir='ltr' id='par_1_31' title="bbox 451 2831 2026 2906">
     <span class='ocr_line' id='line_1_31' title="bbox 451 2831 2026 2906; baseline -0.005 -14"><span class='ocrx_word' id='word_1_211' title='bbox 451 2853 638 2893; x_wconf 90' lang='lat' dir='ltr'><strong>amore</strong></span> <span class='ocrx_word' id='word_1_212' title='bbox 669 2852 832 2906; x_wconf 86' lang='lat' dir='ltr'><strong>quam</strong></span> <span class='ocrx_word' id='word_1_213' title='bbox 871 2842 1046 2904; x_wconf 83' lang='lat' dir='ltr'><strong>pater,</strong></span> <span class='ocrx_word' id='word_1_214' title='bbox 1079 2843 1132 2887; x_wconf 91' lang='lat' dir='ltr'><strong>et</strong></span> <span class='ocrx_word' id='word_1_215' title='bbox 1164 2841 1221 2885; x_wconf 93' lang='lat' dir='ltr'><strong>ut</strong></span> <span class='ocrx_word' id='word_1_216' title='bbox 1254 2847 1313 2884; x_wconf 85' lang='lat' dir='ltr'><strong>se</strong></span> <span class='ocrx_word' id='word_1_217' title='bbox 1338 2831 1512 2900; x_wconf 78' lang='lat' dir='ltr'><strong>magis</strong></span> <span class='ocrx_word' id='word_1_218' title='bbox 1539 2840 1832 2900; x_wconf 72' lang='lat' dir='ltr'><strong>cognatum</strong></span> <span class='ocrx_word' id='word_1_219' title='bbox 1864 2845 2026 2900; x_wconf 86' lang='lat' dir='ltr'><strong>quant</strong></span> 
     </span>
    </p>
   </div>
   <div class='ocr_carea' id='block_1_32' title="bbox 451 2924 2029 2993">
    <p class='ocr_par' dir='ltr' id='par_1_32' title="bbox 451 2924 2029 2993">
     <span class='ocr_line' id='line_1_32' title="bbox 451 2924 2029 2993; baseline -0.005 -9"><span class='ocrx_word' id='word_1_220' title='bbox 451 2929 756 2984; x_wconf 88' lang='lat' dir='ltr'><strong>membrum</strong></span> <span class='ocrx_word' id='word_1_221' title='bbox 787 2925 1073 2990; x_wconf 89' lang='lat' dir='ltr'><strong>membris,</strong></span> <span class='ocrx_word' id='word_1_222' title='bbox 1107 2935 1160 2978; x_wconf 86' lang='lat' dir='ltr'><strong>et</strong></span> <span class='ocrx_word' id='word_1_223' title='bbox 1185 2925 1349 2980; x_wconf 89' lang='lat' dir='ltr'><strong>corde</strong></span> <span class='ocrx_word' id='word_1_224' title='bbox 1389 2924 1509 2993; x_wconf 87' lang='lat' dir='ltr'><strong>ipso</strong></span> <span class='ocrx_word' id='word_1_225' title='bbox 1547 2924 1720 2992; x_wconf 82' lang='lat' dir='ltr'><strong>magis</strong></span> <span class='ocrx_word' id='word_1_226' title='bbox 1773 2937 2029 2978; x_wconf 86' lang='lat' dir='ltr'><strong>necessa-</strong></span> 
     </span>
    </p>
   </div>
   <div class='ocr_carea' id='block_1_33' title="bbox 451 3015 2029 3083">
    <p class='ocr_par' dir='ltr' id='par_1_33' title="bbox 451 3015 2029 3083">
     <span class='ocr_line' id='line_1_33' title="bbox 451 3015 2029 3083; baseline -0.003 -8"><span class='ocrx_word' id='word_1_227' title='bbox 451 3023 595 3076; x_wconf 89' lang='lat' dir='ltr'><strong>rium</strong></span> <span class='ocrx_word' id='word_1_228' title='bbox 647 3021 973 3083; x_wconf 87' lang='lat' dir='ltr'><strong>declararet,</strong></span> <span class='ocrx_word' id='word_1_229' title='bbox 1008 3032 1120 3072; x_wconf 90' lang='lat' dir='ltr'><strong>non</strong></span> <span class='ocrx_word' id='word_1_230' title='bbox 1154 3017 1332 3082; x_wconf 78' lang='lat' dir='ltr'><strong>timori</strong></span> <span class='ocrx_word' id='word_1_231' title='bbox 1372 3015 1594 3081; x_wconf 88' lang='lat' dir='ltr'><strong>cedens,</strong></span> <span class='ocrx_word' id='word_1_232' title='bbox 1618 3032 1724 3070; x_wconf 88' lang='lat' dir='ltr'><strong>non</strong></span> <span class='ocrx_word' id='word_1_233' title='bbox 1782 3016 2029 3071; x_wconf 86' lang='lat' dir='ltr'><strong>mercede</strong></span> 
     </span>
    </p>
   </div>
   <div class='ocr_carea' id='block_1_34' title="bbox 2160 538 3726 618">
    <p class='ocr_par' dir='ltr' id='par_1_34' title="bbox 2160 538 3726 618">
     <span class='ocr_line' id='line_1_34' title="bbox 2160 538 3726 618; baseline 0.008 -28"><span class='ocrx_word' id='word_1_234' title='bbox 2160 539 2279 591; x_wconf 84' lang='grc' dir='ltr'><strong>Ἔτι</strong></span> <span class='ocrx_word' id='word_1_235' title='bbox 2311 538 2490 590; x_wconf 92' lang='grc' dir='ltr'>τοίνυν</span> <span class='ocrx_word' id='word_1_236' title='bbox 2517 540 2641 602; x_wconf 75' lang='grc' dir='ltr'>τοὺς</span> <span class='ocrx_word' id='word_1_237' title='bbox 2681 542 2742 592; x_wconf 84' lang='grc' dir='ltr'><strong>ἐν</strong></span> <span class='ocrx_word' id='word_1_238' title='bbox 2778 541 2940 610; x_wconf 67' lang='grc' dir='ltr'>’ᾍδου</span> <span class='ocrx_word' id='word_1_239' title='bbox 2975 541 3259 611; x_wconf 82' lang='grc' dir='ltr'><strong>δεσμώτας</strong></span> <span class='ocrx_word' id='word_1_240' title='bbox 3322 544 3430 598; x_wconf 78' lang='grc' dir='ltr'>ἔδει</span> <span class='ocrx_word' id='word_1_241' title='bbox 3477 546 3726 618; x_wconf 78' lang='grc' dir='ltr'><strong>λυθῆναι,</strong></span> 
     </span>
    </p>
   </div>
   <div class='ocr_carea' id='block_1_35' title="bbox 2154 631 3729 710">
    <p class='ocr_par' dir='ltr' id='par_1_35' title="bbox 2154 631 3729 710">
     <span class='ocr_line' id='line_1_35' title="bbox 2154 631 3729 710; baseline 0.008 -27"><span class='ocrx_word' id='word_1_242' title='bbox 2154 633 2247 683; x_wconf 76' lang='grc' dir='ltr'><strong>καὶ</strong></span> <span class='ocrx_word' id='word_1_243' title='bbox 2270 631 2329 684; x_wconf 84' lang='grc' dir='ltr'><strong>τὸ</strong></span> <span class='ocrx_word' id='word_1_244' title='bbox 2352 632 2512 698; x_wconf 77' lang='grc' dir='ltr'>ἔργον</span> <span class='ocrx_word' id='word_1_245' title='bbox 2544 631 2643 684; x_wconf 75' lang='grc' dir='ltr'><strong>οὐκ</strong></span> <span class='ocrx_word' id='word_1_246' title='bbox 2668 633 2968 702; x_wconf 60' lang='grc' dir='ltr'>ἐπέτρεψεν</span> <span class='ocrx_word' id='word_1_247' title='bbox 2999 634 3252 702; x_wconf 73' lang='grc' dir='ltr'><strong>ἀγγέλοις</strong></span> <span class='ocrx_word' id='word_1_248' title='bbox 3352 639 3463 699; x_wconf 78' lang='grc' dir='ltr'>τοῖς</span> <span class='ocrx_word' id='word_1_249' title='bbox 3502 638 3729 710; x_wconf 77' lang='grc' dir='ltr'>ἄρχουσι</span> 
     </span>
    </p>
   </div>
   <div class='ocr_carea' id='block_1_36' title="bbox 2151 722 3732 801">
    <p class='ocr_par' dir='ltr' id='par_1_36' title="bbox 2151 722 3732 801">
     <span class='ocr_line' id='line_1_36' title="bbox 2151 722 3732 801; baseline 0.005 -25"><span class='ocrx_word' id='word_1_250' title='bbox 2151 722 2258 777; x_wconf 83' lang='grc' dir='ltr'>τῶν</span> <span class='ocrx_word' id='word_1_251' title='bbox 2289 724 2562 790; x_wconf 81' lang='grc' dir='ltr'>ἀγγέλων,</span> <span class='ocrx_word' id='word_1_252' title='bbox 2602 724 2718 776; x_wconf 85' lang='grc' dir='ltr'>ἀλλ’</span> <span class='ocrx_word' id='word_1_253' title='bbox 2742 724 2907 789; x_wconf 80' lang='grc' dir='ltr'>αὐτὸς</span> <span class='ocrx_word' id='word_1_254' title='bbox 2929 727 3200 794; x_wconf 75' lang='grc' dir='ltr'>κατῆλθεν</span> <span class='ocrx_word' id='word_1_255' title='bbox 3247 731 3326 792; x_wconf 90' lang='grc' dir='ltr'><strong>εἰς</strong></span> <span class='ocrx_word' id='word_1_256' title='bbox 3360 729 3420 782; x_wconf 73' lang='grc' dir='ltr'>τὸ</span> <span class='ocrx_word' id='word_1_257' title='bbox 3448 730 3732 801; x_wconf 52' lang='grc' dir='ltr'>δεσμωτὶμ</span> 
     </span>
    </p>
   </div>
   <div class='ocr_carea' id='block_1_37' title="bbox 2153 816 3732 895">
    <p class='ocr_par' dir='ltr' id='par_1_37' title="bbox 2153 816 3732 895">
     <span class='ocr_line' id='line_1_37' title="bbox 2153 816 3732 895; baseline 0.007 -28"><span class='ocrx_word' id='word_1_258' title='bbox 2153 833 2290 885; x_wconf 91' lang='grc' dir='ltr'>ριον.</span> <span class='ocrx_word' id='word_1_259' title='bbox 2349 817 2489 878; x_wconf 80' lang='grc' dir='ltr'>Τοὺς</span> <span class='ocrx_word' id='word_1_260' title='bbox 2529 816 2911 887; x_wconf 81' lang='grc' dir='ltr'><strong>αἰχμαλώτους</strong></span> <span class='ocrx_word' id='word_1_261' title='bbox 2964 820 3064 888; x_wconf 82' lang='grc' dir='ltr'><strong>τὴν</strong></span> <span class='ocrx_word' id='word_1_262' title='bbox 3103 821 3419 891; x_wconf 76' lang='grc' dir='ltr'><strong>ἐλευθερίαν</strong></span> <span class='ocrx_word' id='word_1_263' title='bbox 3476 824 3623 886; x_wconf 78' lang='grc' dir='ltr'>εἰκὸς</span> <span class='ocrx_word' id='word_1_264' title='bbox 3659 819 3732 895; x_wconf 84' lang='grc' dir='ltr'>ἦν</span> 
     </span>
    </p>
   </div>
   <div class='ocr_carea' id='block_1_38' title="bbox 2150 908 3734 985">
    <p class='ocr_par' dir='ltr' id='par_1_38' title="bbox 2150 908 3734 985">
     <span class='ocr_line' id='line_1_38' title="bbox 2150 908 3734 985; baseline 0.006 -25"><span class='ocrx_word' id='word_1_265' title='bbox 2150 908 2209 961; x_wconf 77' lang='grc' dir='ltr'><strong>ού</strong></span> <span class='ocrx_word' id='word_1_266' title='bbox 2235 909 2436 978; x_wconf 72' lang='grc' dir='ltr'>προῖκα</span> <span class='ocrx_word' id='word_1_267' title='bbox 2470 908 2672 972; x_wconf 76' lang='grc' dir='ltr'>λαόεῑν,</span> <span class='ocrx_word' id='word_1_268' title='bbox 2709 910 2821 962; x_wconf 83' lang='grc' dir='ltr'>ἀλλ’</span> <span class='ocrx_word' id='word_1_269' title='bbox 2850 912 3214 980; x_wconf 82' lang='grc' dir='ltr'>ἐωνημένους,</span> <span class='ocrx_word' id='word_1_270' title='bbox 3239 915 3332 965; x_wconf 73' lang='grc' dir='ltr'>καὶ</span> <span class='ocrx_word' id='word_1_271' title='bbox 3357 913 3470 966; x_wconf 84' lang='grc' dir='ltr'>λύει</span> <span class='ocrx_word' id='word_1_272' title='bbox 3501 916 3563 967; x_wconf 82' lang='grc' dir='ltr'><strong>τὸ</strong></span> <span class='ocrx_word' id='word_1_273' title='bbox 3591 911 3734 985; x_wconf 78' lang='grc' dir='ltr'>αἷμα</span> 
     </span>
    </p>
   </div>
   <div class='ocr_carea' id='block_1_39' title="bbox 2150 1000 3736 1072">
    <p class='ocr_par' dir='ltr' id='par_1_39' title="bbox 2150 1000 3736 1072">
     <span class='ocr_line' id='line_1_39' title="bbox 2150 1000 3736 1072; baseline 0.004 -20"><span class='ocrx_word' id='word_1_274' title='bbox 2150 1000 2495 1053; x_wconf 73' lang='grc' dir='ltr'>καταϐαλών·</span> <span class='ocrx_word' id='word_1_275' title='bbox 2545 1001 2733 1055; x_wconf 80' lang='grc' dir='ltr'>τοῦτον</span> <span class='ocrx_word' id='word_1_276' title='bbox 2768 1002 2857 1054; x_wconf 77' lang='grc' dir='ltr'><strong>τὸν</strong></span> <span class='ocrx_word' id='word_1_277' title='bbox 2903 1003 3104 1072; x_wconf 81' lang='grc' dir='ltr'>τρόπον</span> <span class='ocrx_word' id='word_1_278' title='bbox 3161 1005 3222 1066; x_wconf 78' lang='grc' dir='ltr'>ἐξ</span> <span class='ocrx_word' id='word_1_279' title='bbox 3248 1005 3454 1058; x_wconf 81' lang='grc' dir='ltr'>ἐκείνου</span> <span class='ocrx_word' id='word_1_280' title='bbox 3503 1009 3595 1059; x_wconf 84' lang='grc' dir='ltr'><strong>καί</strong></span> <span class='ocrx_word' id='word_1_281' title='bbox 3631 1010 3736 1070; x_wconf 73' lang='grc' dir='ltr'>,εἰς</span> 
     </span>
    </p>
   </div>
   <div class='ocr_carea' id='block_1_40' title="bbox 2150 1093 3736 1168">
    <p class='ocr_par' dir='ltr' id='par_1_40' title="bbox 2150 1093 3736 1168">
     <span class='ocr_line' id='line_1_40' title="bbox 2150 1093 3736 1168; baseline 0.006 -25"><span class='ocrx_word' id='word_1_282' title='bbox 2150 1094 2246 1162; x_wconf 76' lang='grc' dir='ltr'><strong>τὴν</strong></span> <span class='ocrx_word' id='word_1_283' title='bbox 2280 1093 2514 1162; x_wconf 78' lang='grc' dir='ltr'>ἐσχάτην</span> <span class='ocrx_word' id='word_1_284' title='bbox 2548 1095 2760 1162; x_wconf 75' lang='grc' dir='ltr'>ἡμέραν</span> <span class='ocrx_word' id='word_1_285' title='bbox 2789 1095 3120 1148; x_wconf 72' lang='grc' dir='ltr'>ἀπαλλάττει</span> <span class='ocrx_word' id='word_1_286' title='bbox 3157 1099 3248 1149; x_wconf 82' lang='grc' dir='ltr'><strong>καί</strong></span> <span class='ocrx_word' id='word_1_287' title='bbox 3277 1097 3507 1168; x_wconf 74' lang='grc' dir='ltr'>εὐθύνης</span> <span class='ocrx_word' id='word_1_288' title='bbox 3534 1100 3736 1168; x_wconf 83' lang='grc' dir='ltr'>ἀφίησι</span> 
     </span>
    </p>
   </div>
   <div class='ocr_carea' id='block_1_41' title="bbox 2151 1184 3738 1257">
    <p class='ocr_par' dir='ltr' id='par_1_41' title="bbox 2151 1184 3738 1257">
     <span class='ocr_line' id='line_1_41' title="bbox 2151 1184 3738 1257; baseline 0.003 -20"><span class='ocrx_word' id='word_1_289' title='bbox 2151 1185 2246 1237; x_wconf 71' lang='grc' dir='ltr'>καὶ</span> <span class='ocrx_word' id='word_1_290' title='bbox 2309 1184 2481 1252; x_wconf 72' lang='grc' dir='ltr'>ῥύπου</span> <span class='ocrx_word' id='word_1_291' title='bbox 2545 1187 2644 1246; x_wconf 71' lang='grc' dir='ltr'><strong>τὰς</strong></span> <span class='ocrx_word' id='word_1_292' title='bbox 2684 1185 2862 1254; x_wconf 70' lang='grc' dir='ltr'>ψυχὰς</span> <span class='ocrx_word' id='word_1_293' title='bbox 2902 1186 3219 1248; x_wconf 81' lang='grc' dir='ltr'>ἀποκλύζει,</span> <span class='ocrx_word' id='word_1_294' title='bbox 3284 1188 3397 1241; x_wconf 73' lang='grc' dir='ltr'>Καὶ</span> <span class='ocrx_word' id='word_1_295' title='bbox 3429 1190 3538 1257; x_wconf 86' lang='grc' dir='ltr'><strong>γὰρ</strong></span> <span class='ocrx_word' id='word_1_296' title='bbox 3569 1189 3738 1252; x_wconf 86' lang='grc' dir='ltr'>αὐτός</span> 
     </span>
    </p>
   </div>
   <div class='ocr_carea' id='block_1_42' title="bbox 2149 1271 3739 1348">
    <p class='ocr_par' dir='ltr' id='par_1_42' title="bbox 2149 1271 3739 1348">
     <span class='ocr_line' id='line_1_42' title="bbox 2149 1271 3739 1348; baseline 0.002 -19"><span class='ocrx_word' id='word_1_297' title='bbox 2149 1279 2316 1339; x_wconf 85' lang='grc' dir='ltr'>ἐστιν,</span> <span class='ocrx_word' id='word_1_298' title='bbox 2348 1271 2391 1344; x_wconf 77' lang='grc' dir='ltr'><strong>ᾧ</strong></span> <span class='ocrx_word' id='word_1_299' title='bbox 2420 1278 2690 1347; x_wconf 73' lang='grc' dir='ltr'>καθαίρει,</span> <span class='ocrx_word' id='word_1_300' title='bbox 2728 1279 2864 1348; x_wconf 80' lang='grc' dir='ltr'>ὅπερ</span> <span class='ocrx_word' id='word_1_301' title='bbox 2919 1280 2946 1330; x_wconf 86' lang='grc' dir='ltr'>ὁ</span> <span class='ocrx_word' id='word_1_302' title='bbox 2973 1278 3179 1341; x_wconf 79' lang='grc' dir='ltr'><strong>Παῦλος</strong></span> <span class='ocrx_word' id='word_1_303' title='bbox 3201 1280 3398 1348; x_wconf 83' lang='grc' dir='ltr'>δηλῶν,</span> <span class='ocrx_word' id='word_1_304' title='bbox 3434 1301 3452 1331; x_wconf 80' lang='grc' dir='ltr'><strong>ι</strong></span> <span class='ocrx_word' id='word_1_305' title='bbox 3499 1281 3577 1332; x_wconf 75' lang='grc' dir='ltr'><strong>Δι’</strong></span> <span class='ocrx_word' id='word_1_306' title='bbox 3601 1283 3739 1334; x_wconf 82' lang='grc' dir='ltr'>ἐαυ-</span> 
     </span>
    </p>
   </div>
   <div class='ocr_carea' id='block_1_43' title="bbox 2147 1370 3738 1443">
    <p class='ocr_par' dir='ltr' id='par_1_43' title="bbox 2147 1370 3738 1443">
     <span class='ocr_line' id='line_1_43' title="bbox 2147 1370 3738 1443; baseline 0.003 -21"><span class='ocrx_word' id='word_1_307' title='bbox 2147 1370 2264 1436; x_wconf 80' lang='grc' dir='ltr'>τοῦ,</span> <span class='ocrx_word' id='word_1_308' title='bbox 2293 1372 2448 1439; x_wconf 76' lang='grc' dir='ltr'>φησὶ,</span> <span class='ocrx_word' id='word_1_309' title='bbox 2499 1372 2846 1441; x_wconf 73' lang='grc' dir='ltr'>καθαρισμὸν</span> <span class='ocrx_word' id='word_1_310' title='bbox 2885 1372 3252 1441; x_wconf 82' lang='grc' dir='ltr'>ποιησάμενος</span> <span class='ocrx_word' id='word_1_311' title='bbox 3303 1373 3408 1426; x_wconf 81' lang='grc' dir='ltr'>τῶν</span> <span class='ocrx_word' id='word_1_312' title='bbox 3440 1374 3738 1443; x_wconf 78' lang='grc' dir='ltr'>ἁμαρτιῶν</span> 
     </span>
    </p>
   </div>
   <div class='ocr_carea' id='block_1_44' title="bbox 2147 1462 3740 1535">
    <p class='ocr_par' dir='ltr' id='par_1_44' title="bbox 2147 1462 3740 1535">
     <span class='ocr_line' id='line_1_44' title="bbox 2147 1462 3740 1535; baseline 0.001 -21"><span class='ocrx_word' id='word_1_313' title='bbox 2147 1462 2326 1531; x_wconf 78' lang='grc' dir='ltr'>ἡμῶν,</span> <span class='ocrx_word' id='word_1_314' title='bbox 2357 1462 2612 1516; x_wconf 77' lang='grc' dir='ltr'>ἐκάθισεν</span> <span class='ocrx_word' id='word_1_315' title='bbox 2635 1465 2691 1514; x_wconf 88' lang='grc' dir='ltr'><strong>ἐν</strong></span> <span class='ocrx_word' id='word_1_316' title='bbox 2712 1464 2860 1533; x_wconf 77' lang='grc' dir='ltr'>δεξιᾷ</span> <span class='ocrx_word' id='word_1_317' title='bbox 2885 1462 2976 1515; x_wconf 80' lang='grc' dir='ltr'>τοῦ</span> <span class='ocrx_word' id='word_1_318' title='bbox 3004 1463 3196 1533; x_wconf 83' lang='grc' dir='ltr'>θρόνου</span> <span class='ocrx_word' id='word_1_319' title='bbox 3229 1467 3325 1531; x_wconf 79' lang='grc' dir='ltr'>τῆς</span> <span class='ocrx_word' id='word_1_320' title='bbox 3351 1465 3740 1535; x_wconf 82' lang='grc' dir='ltr'>μεγαλοσύνης</span> 
     </span>
    </p>
   </div>
   <div class='ocr_carea' id='block_1_45' title="bbox 2150 1555 3741 1624">
    <p class='ocr_par' dir='ltr' id='par_1_45' title="bbox 2150 1555 3741 1624">
     <span class='ocr_line' id='line_1_45' title="bbox 2150 1555 3741 1624; baseline 0.003 -19"><span class='ocrx_word' id='word_1_321' title='bbox 2150 1555 2207 1606; x_wconf 89' lang='grc' dir='ltr'><strong>ἐν</strong></span> <span class='ocrx_word' id='word_1_322' title='bbox 2239 1556 2351 1617; x_wconf 82' lang='grc' dir='ltr'>τοῖς</span> <span class='ocrx_word' id='word_1_323' title='bbox 2376 1555 2647 1624; x_wconf 78' lang='grc' dir='ltr'>οὐρανοῖς.</span> <span class='ocrx_word' id='word_1_324' title='bbox 2693 1573 2712 1605; x_wconf 76' lang='grc' dir='ltr'><strong>ι</strong></span> <span class='ocrx_word' id='word_1_325' title='bbox 2774 1556 2874 1607; x_wconf 78' lang='grc' dir='ltr'>Διά</span> <span class='ocrx_word' id='word_1_326' title='bbox 2907 1555 3082 1608; x_wconf 79' lang='grc' dir='ltr'>ταῦτα</span> <span class='ocrx_word' id='word_1_327' title='bbox 3129 1556 3224 1608; x_wconf 80' lang='grc' dir='ltr'>καὶ</span> <span class='ocrx_word' id='word_1_328' title='bbox 3268 1555 3515 1608; x_wconf 83' lang='grc' dir='ltr'>διάκονον</span> <span class='ocrx_word' id='word_1_329' title='bbox 3565 1557 3741 1609; x_wconf 80' lang='grc' dir='ltr'>αὐτὸν</span> 
     </span>
    </p>
   </div>
   <div class='ocr_carea' id='block_1_46' title="bbox 2155 1645 3742 1719">
    <p class='ocr_par' dir='ltr' id='par_1_46' title="bbox 2155 1645 3742 1719">
     <span class='ocr_line' id='line_1_46' title="bbox 2155 1645 3742 1719; baseline -0.001 -16"><span class='ocrx_word' id='word_1_330' title='bbox 2155 1648 2436 1703; x_wconf 86' lang='grc' dir='ltr'>καλεῖκαί</span> <span class='ocrx_word' id='word_1_331' title='bbox 2465 1646 2627 1710; x_wconf 78' lang='grc' dir='ltr'>αὐτὸς</span> <span class='ocrx_word' id='word_1_332' title='bbox 2680 1649 2874 1701; x_wconf 77' lang='grc' dir='ltr'>ἑαυτὸν</span> <span class='ocrx_word' id='word_1_333' title='bbox 2911 1645 3290 1710; x_wconf 80' lang='grc' dir='ltr'>διακονοῦντα,</span> <span class='ocrx_word' id='word_1_334' title='bbox 3345 1647 3440 1702; x_wconf 74' lang='grc' dir='ltr'><strong>κιιί¹</strong></span> <span class='ocrx_word' id='word_1_335' title='bbox 3506 1649 3602 1700; x_wconf 76' lang='grc' dir='ltr'><strong>ἐπὶ</strong></span> <span class='ocrx_word' id='word_1_336' title='bbox 3653 1649 3742 1719; x_wconf 78' lang='grc' dir='ltr'>τῷ</span> 
     </span>
    </p>
   </div>
   <div class='ocr_carea' id='block_1_47' title="bbox 2157 1737 3744 1809">
    <p class='ocr_par' dir='ltr' id='par_1_47' title="bbox 2157 1737 3744 1809">
     <span class='ocr_line' id='line_1_47' title="bbox 2157 1737 3744 1809; baseline -0.003 -13"><span class='ocrx_word' id='word_1_337' title='bbox 2157 1741 2477 1809; x_wconf 75' lang='grc' dir='ltr'>διακονῆσαι</span> <span class='ocrx_word' id='word_1_338' title='bbox 2517 1737 2670 1809; x_wconf 85' lang='grc' dir='ltr'><strong>παρά</strong></span> <span class='ocrx_word' id='word_1_339' title='bbox 2700 1738 2796 1791; x_wconf 78' lang='grc' dir='ltr'>τοῦ</span> <span class='ocrx_word' id='word_1_340' title='bbox 2843 1739 3054 1807; x_wconf 65' lang='grc' dir='ltr'>Πατρὶς</span> <span class='ocrx_word' id='word_1_341' title='bbox 3080 1741 3162 1801; x_wconf 83' lang='grc' dir='ltr'><strong>εἰς</strong></span> <span class='ocrx_word' id='word_1_342' title='bbox 3190 1739 3280 1792; x_wconf 75' lang='grc' dir='ltr'><strong>τὸν</strong></span> <span class='ocrx_word' id='word_1_343' title='bbox 3309 1739 3512 1804; x_wconf 78' lang='grc' dir='ltr'>κόσμον</span> <span class='ocrx_word' id='word_1_344' title='bbox 3538 1739 3744 1808; x_wconf 82' lang='grc' dir='ltr'>ἐληλυ-</span> 
     </span>
    </p>
   </div>
   <div class='ocr_carea' id='block_1_48' title="bbox 2152 1830 3742 1901">
    <p class='ocr_par' dir='ltr' id='par_1_48' title="bbox 2152 1830 3742 1901">
     <span class='ocr_line' id='line_1_48' title="bbox 2152 1830 3742 1901; baseline -0.009 -9"><span class='ocrx_word' id='word_1_345' title='bbox 2152 1839 2324 1897; x_wconf 81' lang='grc' dir='ltr'>θέναι,</span> <span class='ocrx_word' id='word_1_346' title='bbox 2360 1834 2543 1888; x_wconf 75' lang='grc' dir='ltr'>καὶτὸ</span> <span class='ocrx_word' id='word_1_347' title='bbox 2597 1831 2856 1901; x_wconf 77' lang='grc' dir='ltr'>μέγιστον</span> <span class='ocrx_word' id='word_1_348' title='bbox 2909 1830 3191 1894; x_wconf 79' lang='grc' dir='ltr'>ἁπάντων,</span> <span class='ocrx_word' id='word_1_349' title='bbox 3225 1831 3285 1883; x_wconf 86' lang='grc' dir='ltr'><strong>οὐ</strong></span> <span class='ocrx_word' id='word_1_350' title='bbox 3343 1831 3452 1901; x_wconf 84' lang='grc' dir='ltr'><strong>γὰρ</strong></span> <span class='ocrx_word' id='word_1_351' title='bbox 3487 1831 3583 1883; x_wconf 76' lang='grc' dir='ltr'>ἐπὶ</span> <span class='ocrx_word' id='word_1_352' title='bbox 3638 1831 3742 1885; x_wconf 76' lang='grc' dir='ltr'><strong>τοῦ</strong></span> 
     </span>
    </p>
   </div>
   <div class='ocr_carea' id='block_1_49' title="bbox 2152 1921 3743 1997">
    <p class='ocr_par' dir='ltr' id='par_1_49' title="bbox 2152 1921 3743 1997">
     <span class='ocr_line' id='line_1_49' title="bbox 2152 1921 3743 1997; baseline -0.006 -14"><span class='ocrx_word' id='word_1_353' title='bbox 2152 1929 2419 1997; x_wconf 85' lang='grc' dir='ltr'>παρόντος</span> <span class='ocrx_word' id='word_1_354' title='bbox 2458 1924 2640 1995; x_wconf 87' lang='grc' dir='ltr'>μόνον,</span> <span class='ocrx_word' id='word_1_355' title='bbox 2679 1924 2769 1975; x_wconf 82' lang='grc' dir='ltr'>ὅτε</span> <span class='ocrx_word' id='word_1_356' title='bbox 2794 1923 2931 1990; x_wconf 88' lang='grc' dir='ltr'><strong>μετά</strong></span> <span class='ocrx_word' id='word_1_357' title='bbox 2956 1923 3057 1989; x_wconf 84' lang='grc' dir='ltr'>τῆς</span> <span class='ocrx_word' id='word_1_358' title='bbox 3075 1921 3421 1989; x_wconf 80' lang='grc' dir='ltr'>ἀνθρωπείας</span> <span class='ocrx_word' id='word_1_359' title='bbox 3442 1921 3743 1985; x_wconf 75' lang='grc' dir='ltr'>ἀσθενείας</span> 
     </span>
    </p>
   </div>
   <div class='ocr_carea' id='block_1_50' title="bbox 2149 2010 3744 2086">
    <p class='ocr_par' dir='ltr' id='par_1_50' title="bbox 2149 2010 3744 2086">
     <span class='ocr_line' id='line_1_50' title="bbox 2149 2010 3744 2086; baseline -0.004 -15"><span class='ocrx_word' id='word_1_360' title='bbox 2149 2020 2326 2086; x_wconf 80' lang='grc' dir='ltr'><strong>ἐφάνη</strong></span> <span class='ocrx_word' id='word_1_361' title='bbox 2367 2017 2463 2070; x_wconf 80' lang='grc' dir='ltr'>καὶ</span> <span class='ocrx_word' id='word_1_362' title='bbox 2496 2010 2682 2082; x_wconf 81' lang='grc' dir='ltr'>ἦλθεν,</span> <span class='ocrx_word' id='word_1_363' title='bbox 2721 2012 2820 2081; x_wconf 84' lang='grc' dir='ltr'>οὐχ</span> <span class='ocrx_word' id='word_1_364' title='bbox 2865 2012 2954 2065; x_wconf 74' lang='grc' dir='ltr'>ἵνα</span> <span class='ocrx_word' id='word_1_365' title='bbox 3009 2011 3168 2082; x_wconf 81' lang='grc' dir='ltr'>κρίνῃ</span> <span class='ocrx_word' id='word_1_366' title='bbox 3197 2011 3289 2064; x_wconf 80' lang='grc' dir='ltr'><strong>τὸν</strong></span> <span class='ocrx_word' id='word_1_367' title='bbox 3350 2012 3578 2080; x_wconf 82' lang='grc' dir='ltr'>κόσμον,</span> <span class='ocrx_word' id='word_1_368' title='bbox 3643 2014 3744 2065; x_wconf 82' lang='grc' dir='ltr'><strong>καὶ</strong></span> 
     </span>
    </p>
   </div>
   <div class='ocr_carea' id='block_1_51' title="bbox 2145 2103 3738 2164">
    <p class='ocr_par' dir='ltr' id='par_1_51' title="bbox 2145 2103 3738 2164">
     <span class='ocr_line' id='line_1_51' title="bbox 2145 2103 3738 2164; baseline -0.003 -2"><span class='ocrx_word' id='word_1_369' title='bbox 2145 2113 2212 2164; x_wconf 83' lang='grc' dir='ltr'>τὰ</span> <span class='ocrx_word' id='word_1_370' title='bbox 2243 2111 2350 2163; x_wconf 81' lang='grc' dir='ltr'><strong>τῶν</strong></span> <span class='ocrx_word' id='word_1_371' title='bbox 2387 2107 2592 2160; x_wconf 86' lang='grc' dir='ltr'>δούλων</span> <span class='ocrx_word' id='word_1_372' title='bbox 2644 2104 2992 2158; x_wconf 73' lang='grc' dir='ltr'>ἐπεδείκνυτο</span> <span class='ocrx_word' id='word_1_373' title='bbox 3041 2105 3136 2157; x_wconf 83' lang='grc' dir='ltr'>καὶ</span> <span class='ocrx_word' id='word_1_374' title='bbox 3177 2103 3246 2156; x_wconf 82' lang='grc' dir='ltr'>τὰ</span> <span class='ocrx_word' id='word_1_375' title='bbox 3287 2103 3382 2156; x_wconf 84' lang='grc' dir='ltr'>τοῦ</span> <span class='ocrx_word' id='word_1_376' title='bbox 3447 2104 3738 2158; x_wconf 77' lang='grc' dir='ltr'>Δεσπότου</span> 
     </span>
    </p>
   </div>
   <div class='ocr_carea' id='block_1_52' title="bbox 2146 2193 3737 2267">
    <p class='ocr_par' dir='ltr' id='par_1_52' title="bbox 2146 2193 3737 2267">
     <span class='ocr_line' id='line_1_52' title="bbox 2146 2193 3737 2267; baseline -0.006 -13"><span class='ocrx_word' id='word_1_377' title='bbox 2146 2204 2325 2256; x_wconf 83' lang='grc' dir='ltr'>πάντα</span> <span class='ocrx_word' id='word_1_378' title='bbox 2359 2199 2738 2267; x_wconf 82' lang='grc' dir='ltr'>ἀπέκρυπτεν,</span> <span class='ocrx_word' id='word_1_379' title='bbox 2763 2195 2880 2247; x_wconf 82' lang='grc' dir='ltr'>ἀλλ’</span> <span class='ocrx_word' id='word_1_380' title='bbox 2908 2194 3008 2264; x_wconf 70' lang='grc' dir='ltr'>ἤδη</span> <span class='ocrx_word' id='word_1_381' title='bbox 3045 2195 3138 2246; x_wconf 74' lang='grc' dir='ltr'>καὶ</span> <span class='ocrx_word' id='word_1_382' title='bbox 3164 2193 3256 2246; x_wconf 77' lang='grc' dir='ltr'>ἐπὶ</span> <span class='ocrx_word' id='word_1_383' title='bbox 3280 2193 3376 2246; x_wconf 86' lang='grc' dir='ltr'><strong>τοῦ</strong></span> <span class='ocrx_word' id='word_1_384' title='bbox 3411 2195 3737 2263; x_wconf 83' lang='grc' dir='ltr'>μέλλοντος,</span> 
     </span>
    </p>
   </div>
   <div class='ocr_carea' id='block_1_53' title="bbox 2143 2286 3744 2364">
    <p class='ocr_par' dir='ltr' id='par_1_53' title="bbox 2143 2286 3744 2364">
     <span class='ocr_line' id='line_1_53' title="bbox 2143 2286 3744 2364; baseline -0.012 -17"><span class='ocrx_word' id='word_1_385' title='bbox 2143 2296 2232 2348; x_wconf 84' lang='grc' dir='ltr'><strong>ὅτε</strong></span> <span class='ocrx_word' id='word_1_386' title='bbox 2273 2296 2412 2364; x_wconf 80' lang='grc' dir='ltr'>μετὰ</span> <span class='ocrx_word' id='word_1_387' title='bbox 2437 2289 2725 2357; x_wconf 83' lang='grc' dir='ltr'>δυνάμεως</span> <span class='ocrx_word' id='word_1_388' title='bbox 2755 2287 3010 2354; x_wconf 78' lang='grc' dir='ltr'>ἀφίξεται</span> <span class='ocrx_word' id='word_1_389' title='bbox 3047 2286 3141 2339; x_wconf 76' lang='grc' dir='ltr'><strong>καὶ</strong></span> <span class='ocrx_word' id='word_1_390' title='bbox 3197 2286 3335 2355; x_wconf 84' lang='grc' dir='ltr'><strong>μετά</strong></span> <span class='ocrx_word' id='word_1_391' title='bbox 3372 2286 3474 2355; x_wconf 82' lang='grc' dir='ltr'>τῆς</span> <span class='ocrx_word' id='word_1_392' title='bbox 3529 2304 3744 2356; x_wconf 74' lang='grc' dir='ltr'>πατρι-</span> 
     </span>
    </p>
   </div>
   <div class='ocr_carea' id='block_1_54' title="bbox 2144 2376 3742 2455">
    <p class='ocr_par' dir='ltr' id='par_1_54' title="bbox 2144 2376 3742 2455">
     <span class='ocr_line' id='line_1_54' title="bbox 2144 2376 3742 2455; baseline -0.007 -17"><span class='ocrx_word' id='word_1_393' title='bbox 2144 2388 2244 2455; x_wconf 81' lang='grc' dir='ltr'><strong>κῆς</strong></span> <span class='ocrx_word' id='word_1_394' title='bbox 2271 2383 2519 2453; x_wconf 85' lang='grc' dir='ltr'>φανεῖται</span> <span class='ocrx_word' id='word_1_395' title='bbox 2543 2380 2721 2447; x_wconf 77' lang='grc' dir='ltr'>δόξης,</span> <span class='ocrx_word' id='word_1_396' title='bbox 2747 2378 2838 2430; x_wconf 72' lang='grc' dir='ltr'>ἐπὶ</span> <span class='ocrx_word' id='word_1_397' title='bbox 2865 2377 2963 2445; x_wconf 82' lang='grc' dir='ltr'>τῆς</span> <span class='ocrx_word' id='word_1_398' title='bbox 2989 2377 3331 2441; x_wconf 79' lang='grc' dir='ltr'>ἀναδείξεως,</span> <span class='ocrx_word' id='word_1_399' title='bbox 3365 2376 3458 2429; x_wconf 75' lang='grc' dir='ltr'><strong>ἐπὶ</strong></span> <span class='ocrx_word' id='word_1_400' title='bbox 3507 2378 3613 2446; x_wconf 81' lang='grc' dir='ltr'><strong>τῆς</strong></span> <span class='ocrx_word' id='word_1_401' title='bbox 3647 2379 3742 2448; x_wconf 83' lang='grc' dir='ltr'><strong>βα-</strong></span> 
     </span>
    </p>
   </div>
   <div class='ocr_carea' id='block_1_55' title="bbox 2145 2465 3740 2539">
    <p class='ocr_par' dir='ltr' id='par_1_55' title="bbox 2145 2465 3740 2539">
     <span class='ocr_line' id='line_1_55' title="bbox 2145 2465 3740 2539; baseline -0.004 -13"><span class='ocrx_word' id='word_1_402' title='bbox 2145 2474 2351 2535; x_wconf 86' lang='grc' dir='ltr'>σιλείας</span> <span class='ocrx_word' id='word_1_403' title='bbox 2377 2471 2588 2539; x_wconf 78' lang='grc' dir='ltr'>αὐτῆς·</span> <span class='ocrx_word' id='word_1_404' title='bbox 2629 2486 2648 2519; x_wconf 78' lang='grc' dir='ltr'><strong>ι</strong></span> <span class='ocrx_word' id='word_1_405' title='bbox 2691 2465 3083 2537; x_wconf 75' lang='grc' dir='ltr'>ιΙεριζώσεται,</span> <span class='ocrx_word' id='word_1_406' title='bbox 3125 2467 3284 2534; x_wconf 79' lang='grc' dir='ltr'>φησί,</span> <span class='ocrx_word' id='word_1_407' title='bbox 3331 2468 3426 2520; x_wconf 76' lang='grc' dir='ltr'><strong>καὶ</strong></span> <span class='ocrx_word' id='word_1_408' title='bbox 3449 2467 3740 2520; x_wconf 76' lang='grc' dir='ltr'>ἀνακλινεῖ</span> 
     </span>
    </p>
   </div>
   <div class='ocr_carea' id='block_1_56' title="bbox 2143 2559 3736 2632">
    <p class='ocr_par' dir='ltr' id='par_1_56' title="bbox 2143 2559 3736 2632">
     <span class='ocr_line' id='line_1_56' title="bbox 2143 2559 3736 2632; baseline -0.004 -13"><span class='ocrx_word' id='word_1_409' title='bbox 2143 2567 2364 2630; x_wconf 79' lang='grc' dir='ltr'>αὐτοὺς,</span> <span class='ocrx_word' id='word_1_410' title='bbox 2398 2566 2494 2617; x_wconf 77' lang='grc' dir='ltr'>καὶ</span> <span class='ocrx_word' id='word_1_411' title='bbox 2529 2559 2820 2632; x_wconf 79' lang='grc' dir='ltr'>παρελθὼν</span> <span class='ocrx_word' id='word_1_412' title='bbox 2853 2559 3166 2626; x_wconf 76' lang='grc' dir='ltr'>διακονήσει</span> <span class='ocrx_word' id='word_1_413' title='bbox 3204 2559 3407 2621; x_wconf 78' lang='grc' dir='ltr'>αὐτοῖς·</span> <span class='ocrx_word' id='word_1_414' title='bbox 3445 2577 3464 2610; x_wconf 76' lang='grc' dir='ltr'><strong>ι</strong></span> <span class='ocrx_word' id='word_1_415' title='bbox 3497 2560 3736 2622; x_wconf 84' lang='grc' dir='ltr'>εἰκότως</span> 
     </span>
    </p>
   </div>
   <div class='ocr_carea' id='block_1_57' title="bbox 2140 2652 3729 2728">
    <p class='ocr_par' dir='ltr' id='par_1_57' title="bbox 2140 2652 3729 2728">
     <span class='ocr_line' id='line_1_57' title="bbox 2140 2652 3729 2728; baseline -0.004 -16"><span class='ocrx_word' id='word_1_416' title='bbox 2140 2658 2208 2712; x_wconf 83' lang='grc' dir='ltr'>δι’</span> <span class='ocrx_word' id='word_1_417' title='bbox 2231 2652 2293 2713; x_wconf 72' lang='grc' dir='ltr'><strong>οὗ</strong></span> <span class='ocrx_word' id='word_1_418' title='bbox 2336 2657 2576 2728; x_wconf 84' lang='grc' dir='ltr'>βασιλεῖς</span> <span class='ocrx_word' id='word_1_419' title='bbox 2629 2652 2980 2723; x_wconf 84' lang='grc' dir='ltr'>βασιλεύουσι</span> <span class='ocrx_word' id='word_1_420' title='bbox 3020 2654 3113 2706; x_wconf 76' lang='grc' dir='ltr'>καὶ</span> <span class='ocrx_word' id='word_1_421' title='bbox 3169 2652 3422 2722; x_wconf 85' lang='grc' dir='ltr'>τύραννοι</span> <span class='ocrx_word' id='word_1_422' title='bbox 3458 2654 3729 2723; x_wconf 78' lang='grc' dir='ltr'>κρατοῦσι</span> 
     </span>
    </p>
   </div>
   <div class='ocr_carea' id='block_1_58' title="bbox 2140 2746 3732 2820">
    <p class='ocr_par' dir='ltr' id='par_1_58' title="bbox 2140 2746 3732 2820">
     <span class='ocr_line' id='line_1_58' title="bbox 2140 2746 3732 2820; baseline -0.005 -14"><span class='ocrx_word' id='word_1_423' title='bbox 2140 2753 2266 2820; x_wconf 75' lang='grc' dir='ltr'>γῆς.</span> <span class='ocrx_word' id='word_1_424' title='bbox 2293 2751 2494 2804; x_wconf 82' lang='grc' dir='ltr'>Τοῦτον</span> <span class='ocrx_word' id='word_1_425' title='bbox 2523 2749 2633 2818; x_wconf 77' lang='grc' dir='ltr'><strong>γὰρ</strong></span> <span class='ocrx_word' id='word_1_426' title='bbox 2668 2748 2758 2800; x_wconf 69' lang='grc' dir='ltr'><strong>τὸν</strong></span> <span class='ocrx_word' id='word_1_427' title='bbox 2789 2747 2991 2815; x_wconf 88' lang='grc' dir='ltr'>τρόπον</span> <span class='ocrx_word' id='word_1_428' title='bbox 3025 2746 3127 2814; x_wconf 80' lang='grc' dir='ltr'>τὴν</span> <span class='ocrx_word' id='word_1_429' title='bbox 3160 2746 3408 2816; x_wconf 84' lang='grc' dir='ltr'>καθαρὰν</span> <span class='ocrx_word' id='word_1_430' title='bbox 3459 2748 3555 2799; x_wconf 77' lang='grc' dir='ltr'><strong>καὶ</strong></span> <span class='ocrx_word' id='word_1_431' title='bbox 3583 2747 3732 2816; x_wconf 83' lang='grc' dir='ltr'>ἀλη-</span> 
     </span>
    </p>
   </div>
   <div class='ocr_carea' id='block_1_59' title="bbox 2141 2837 3738 2910">
    <p class='ocr_par' dir='ltr' id='par_1_59' title="bbox 2141 2837 3738 2910">
     <span class='ocr_line' id='line_1_59' title="bbox 2141 2837 3738 2910; baseline -0.003 -14"><span class='ocrx_word' id='word_1_432' title='bbox 2141 2843 2293 2910; x_wconf 78' lang='grc' dir='ltr'>θινὴν</span> <span class='ocrx_word' id='word_1_433' title='bbox 2329 2840 2644 2894; x_wconf 76' lang='grc' dir='ltr'>ἐϐασίλευσε</span> <span class='ocrx_word' id='word_1_434' title='bbox 2681 2837 2982 2908; x_wconf 86' lang='grc' dir='ltr'>βασιλείαν,</span> <span class='ocrx_word' id='word_1_435' title='bbox 3045 2837 3208 2900; x_wconf 81' lang='grc' dir='ltr'>αὐτὸς</span> <span class='ocrx_word' id='word_1_436' title='bbox 3234 2839 3412 2908; x_wconf 80' lang='grc' dir='ltr'>ἐαυτῷ</span> <span class='ocrx_word' id='word_1_437' title='bbox 3440 2839 3580 2908; x_wconf 77' lang='grc' dir='ltr'>πρδς</span> <span class='ocrx_word' id='word_1_438' title='bbox 3630 2840 3738 2907; x_wconf 79' lang='grc' dir='ltr'>τὴν</span> 
     </span>
    </p>
   </div>
   <div class='ocr_carea' id='block_1_60' title="bbox 2141 2922 3740 3002">
    <p class='ocr_par' dir='ltr' id='par_1_60' title="bbox 2141 2922 3740 3002">
     <span class='ocr_line' id='line_1_60' title="bbox 2141 2922 3740 3002; baseline -0.002 -17"><span class='ocrx_word' id='word_1_439' title='bbox 2141 2932 2418 3002; x_wconf 87' lang='grc' dir='ltr'>βασιλείαν</span> <span class='ocrx_word' id='word_1_440' title='bbox 2455 2931 2714 2999; x_wconf 73' lang='grc' dir='ltr'>ἀρκέσεις,</span> <span class='ocrx_word' id='word_1_441' title='bbox 2748 2930 2843 2981; x_wconf 77' lang='grc' dir='ltr'>καὶ</span> <span class='ocrx_word' id='word_1_442' title='bbox 2891 2926 3067 2991; x_wconf 78' lang='grc' dir='ltr'>οὕτως</span> <span class='ocrx_word' id='word_1_443' title='bbox 3099 2928 3326 2999; x_wconf 72' lang='grc' dir='ltr'>ἤγαγεν,</span> <span class='ocrx_word' id='word_1_444' title='bbox 3378 2922 3454 2982; x_wconf 84' lang='grc' dir='ltr'>ὧν</span> <span class='ocrx_word' id='word_1_445' title='bbox 3485 2931 3740 3001; x_wconf 80' lang='grc' dir='ltr'>ἐκράτη-</span> 
     </span>
    </p>
   </div>
   <div class='ocr_carea' id='block_1_61' title="bbox 2139 3018 3736 3091">
    <p class='ocr_par' dir='ltr' id='par_1_61' title="bbox 2139 3018 3736 3091">
     <span class='ocr_line' id='line_1_61' title="bbox 2139 3018 3736 3091; baseline -0.001 -17"><span class='ocrx_word' id='word_1_446' title='bbox 2139 3040 2252 3085; x_wconf 72' lang='grc' dir='ltr'>σεν,</span> <span class='ocrx_word' id='word_1_447' title='bbox 2283 3019 2610 3091; x_wconf 77' lang='grc' dir='ltr'>ἱλαρώτερον</span> <span class='ocrx_word' id='word_1_448' title='bbox 2643 3019 2742 3088; x_wconf 75' lang='grc' dir='ltr'><strong>μὲν</strong></span> <span class='ocrx_word' id='word_1_449' title='bbox 2771 3018 2964 3084; x_wconf 77' lang='grc' dir='ltr'>φίλων,</span> <span class='ocrx_word' id='word_1_450' title='bbox 2991 3019 3377 3088; x_wconf 78' lang='grc' dir='ltr'>ἀκριϐέστερον</span> <span class='ocrx_word' id='word_1_451' title='bbox 3407 3019 3461 3071; x_wconf 86' lang='grc' dir='ltr'>δὲ</span> <span class='ocrx_word' id='word_1_452' title='bbox 3512 3021 3736 3088; x_wconf 78' lang='grc' dir='ltr'>τυράν-</span> 
     </span>
    </p>
   </div>
   <div class='ocr_carea' id='block_1_62' title="bbox 450 3101 2031 3204">
    <p class='ocr_par' dir='ltr' id='par_1_62' title="bbox 450 3107 2028 3183">
     <span class='ocr_line' id='line_1_62' title="bbox 450 3107 2028 3183; baseline -0.005 -15"><span class='ocrx_word' id='word_1_453' title='bbox 450 3113 571 3183; x_wconf 81' lang='lat' dir='ltr'><strong>capi</strong></span> <span class='ocrx_word' id='word_1_454' title='bbox 602 3128 660 3166; x_wconf 91' lang='lat' dir='ltr'><strong>se</strong></span> <span class='ocrx_word' id='word_1_455' title='bbox 689 3113 921 3182; x_wconf 85' lang='lat' dir='ltr'><strong>patiens,</strong></span> <span class='ocrx_word' id='word_1_456' title='bbox 955 3111 1048 3163; x_wconf 86' lang='lat' dir='ltr'><strong>sed</strong></span> <span class='ocrx_word' id='word_1_457' title='bbox 1079 3109 1309 3179; x_wconf 87' lang='lat' dir='ltr'><strong>ipsemet</strong></span> <span class='ocrx_word' id='word_1_458' title='bbox 1333 3108 1435 3162; x_wconf 90' lang='lat' dir='ltr'><strong>sibi</strong></span> <span class='ocrx_word' id='word_1_459' title='bbox 1471 3107 1710 3176; x_wconf 90' lang='lat' dir='ltr'><strong>potentia</strong></span> <span class='ocrx_word' id='word_1_460' title='bbox 1741 3108 1892 3177; x_wconf 81' lang='lat' dir='ltr'><strong>regni</strong></span> <span class='ocrx_word' id='word_1_461' title='bbox 1923 3109 2028 3173; x_wconf 89' lang='lat' dir='ltr'><strong>sui,</strong></span> 
     </span>
    </p>
   </div>
   <div class='ocr_carea' id='block_1_63' title="bbox 2140 3101 3735 3204">
    <p class='ocr_par' dir='ltr' id='par_1_63' title="bbox 2143 3101 3735 3182">
     <span class='ocr_line' id='line_1_63' title="bbox 2143 3101 3735 3182; baseline -0.001 -16"><span class='ocrx_word' id='word_1_462' title='bbox 2143 3132 2275 3176; x_wconf 89' lang='grc' dir='ltr'>νων,</span> <span class='ocrx_word' id='word_1_463' title='bbox 2305 3113 2511 3182; x_wconf 84' lang='grc' dir='ltr'>πατρὸς</span> <span class='ocrx_word' id='word_1_464' title='bbox 2533 3101 3035 3180; x_wconf 84' lang='grc' dir='ltr'>φιλοστοργότερον,</span> <span class='ocrx_word' id='word_1_465' title='bbox 3065 3110 3243 3178; x_wconf 87' lang='grc' dir='ltr'>μελῶν</span> <span class='ocrx_word' id='word_1_466' title='bbox 3285 3111 3600 3180; x_wconf 75' lang='grc' dir='ltr'>συμφυέστε</span> <span class='ocrx_word' id='word_1_467' title='bbox 3612 3130 3735 3180; x_wconf 88' lang='grc' dir='ltr'>ρον,</span> 
     </span>
    </p>
   </div>
   <div class='ocr_carea' id='block_1_64' title="bbox 451 3199 2036 3273">
    <p class='ocr_par' dir='ltr' id='par_1_64' title="bbox 451 3199 2036 3273">
     <span class='ocr_line' id='line_1_64' title="bbox 451 3199 2036 3273; baseline -0.003 -13"><span class='ocrx_word' id='word_1_468' title='bbox 451 3217 506 3261; x_wconf 87' lang='lat' dir='ltr'><strong>et</strong></span> <span class='ocrx_word' id='word_1_469' title='bbox 556 3205 706 3262; x_wconf 87' lang='lat' dir='ltr'><strong>solus</strong></span> <span class='ocrx_word' id='word_1_470' title='bbox 766 3205 881 3273; x_wconf 91' lang='lat' dir='ltr'><strong>ipse</strong></span> <span class='ocrx_word' id='word_1_471' title='bbox 931 3202 1035 3258; x_wconf 88' lang='lat' dir='ltr'><strong>sibi</strong></span> <span class='ocrx_word' id='word_1_472' title='bbox 1088 3200 1337 3256; x_wconf 90' lang='lat' dir='ltr'><strong>subditos</strong></span> <span class='ocrx_word' id='word_1_473' title='bbox 1396 3201 1760 3270; x_wconf 80' lang='lat' dir='ltr'><strong>obstringens.</strong></span> <span class='ocrx_word' id='word_1_474' title='bbox 1812 3199 2036 3256; x_wconf 81' lang='lat' dir='ltr'><strong>Timore</strong></span> 
     </span>
    </p>
   </div>
   <div class='ocr_carea' id='block_1_65' title="bbox 448 3295 2031 3364">
    <p class='ocr_par' dir='ltr' id='par_1_65' title="bbox 448 3295 2031 3364">
     <span class='ocr_line' id='line_1_65' title="bbox 448 3295 2031 3364; baseline -0.004 -12"><span class='ocrx_word' id='word_1_475' title='bbox 448 3299 615 3360; x_wconf 88' lang='lat' dir='ltr'><strong>enim,</strong></span> <span class='ocrx_word' id='word_1_476' title='bbox 680 3306 776 3352; x_wconf 91' lang='lat' dir='ltr'><strong>aut</strong></span> <span class='ocrx_word' id='word_1_477' title='bbox 862 3296 1116 3350; x_wconf 86' lang='lat' dir='ltr'><strong>mercede</strong></span> <span class='ocrx_word' id='word_1_478' title='bbox 1191 3306 1414 3364; x_wconf 88' lang='lat' dir='ltr'><strong>accepta</strong></span> <span class='ocrx_word' id='word_1_479' title='bbox 1476 3308 1726 3363; x_wconf 81' lang='lat' dir='ltr'><strong>regnare,</strong></span> <span class='ocrx_word' id='word_1_480' title='bbox 1785 3295 2031 3363; x_wconf 79' lang='lat' dir='ltr'><strong>profecto</strong></span> 
     </span>
    </p>
   </div>
   <div class='ocr_carea' id='block_1_66' title="bbox 449 3385 2033 3456">
    <p class='ocr_par' dir='ltr' id='par_1_66' title="bbox 449 3385 2033 3456">
     <span class='ocr_line' id='line_1_66' title="bbox 449 3385 2033 3456; baseline 0.001 -16"><span class='ocrx_word' id='word_1_481' title='bbox 449 3403 560 3442; x_wconf 90' lang='lat' dir='ltr'><strong>non</strong></span> <span class='ocrx_word' id='word_1_482' title='bbox 587 3397 669 3442; x_wconf 90' lang='lat' dir='ltr'><strong>est</strong></span> <span class='ocrx_word' id='word_1_483' title='bbox 700 3387 878 3454; x_wconf 87' lang='lat' dir='ltr'><strong>ipsum</strong></span> <span class='ocrx_word' id='word_1_484' title='bbox 913 3400 1161 3456; x_wconf 81' lang='lat' dir='ltr'><strong>regnare,</strong></span> <span class='ocrx_word' id='word_1_485' title='bbox 1207 3404 1220 3439; x_wconf 92' lang='lat'><strong>:</strong></span> <span class='ocrx_word' id='word_1_486' title='bbox 1258 3385 1352 3440; x_wconf 90' lang='lat' dir='ltr'><strong>sed</strong></span> <span class='ocrx_word' id='word_1_487' title='bbox 1383 3399 1506 3454; x_wconf 90' lang='lat' dir='ltr'><strong>spes</strong></span> <span class='ocrx_word' id='word_1_488' title='bbox 1529 3393 1584 3440; x_wconf 92' lang='lat' dir='ltr'><strong>et</strong></span> <span class='ocrx_word' id='word_1_489' title='bbox 1617 3385 1780 3443; x_wconf 73' lang='lat' dir='ltr'><strong>mina:</strong></span> <span class='ocrx_word' id='word_1_490' title='bbox 1810 3385 1877 3440; x_wconf 88' lang='lat' dir='ltr'><strong>de</strong></span> <span class='ocrx_word' id='word_1_491' title='bbox 1901 3402 2033 3441; x_wconf 83' lang='lat' dir='ltr'><strong>exa-</strong></span> 
     </span>
    </p>
   </div>
   <div class='ocr_carea' id='block_1_67' title="bbox 448 3479 2034 3551">
    <p class='ocr_par' dir='ltr' id='par_1_67' title="bbox 448 3479 2034 3551">
     <span class='ocr_line' id='line_1_67' title="bbox 448 3479 2034 3551; baseline 0 -16"><span class='ocrx_word' id='word_1_492' title='bbox 448 3493 533 3536; x_wconf 87' lang='lat' dir='ltr'><strong>cta</strong></span> <span class='ocrx_word' id='word_1_493' title='bbox 560 3481 866 3536; x_wconf 89' lang='lat' dir='ltr'><strong>obedientia</strong></span> <span class='ocrx_word' id='word_1_494' title='bbox 892 3481 1216 3535; x_wconf 73' lang='lat' dir='ltr'><strong>accusandze</strong></span> <span class='ocrx_word' id='word_1_495' title='bbox 1247 3489 1396 3534; x_wconf 90' lang='lat' dir='ltr'><strong>sunt.</strong></span> <span class='ocrx_word' id='word_1_496' title='bbox 1427 3479 1898 3546; x_wconf 80' lang='lat' dir='ltr'><strong>Quemadmodum</strong></span> <span class='ocrx_word' id='word_1_497' title='bbox 1932 3481 2034 3551; x_wconf 83' lang='lat' dir='ltr'><strong>igi-</strong></span> 
     </span>
    </p>
   </div>
   <div class='ocr_carea' id='block_1_68' title="bbox 449 3573 2029 3645">
    <p class='ocr_par' dir='ltr' id='par_1_68' title="bbox 449 3573 2029 3645">
     <span class='ocr_line' id='line_1_68' title="bbox 449 3573 2029 3645; baseline 0.002 -19"><span class='ocrx_word' id='word_1_498' title='bbox 449 3585 537 3627; x_wconf 90' lang='lat' dir='ltr'><strong>tur</strong></span> <span class='ocrx_word' id='word_1_499' title='bbox 567 3589 674 3628; x_wconf 90' lang='lat' dir='ltr'><strong>non</strong></span> <span class='ocrx_word' id='word_1_500' title='bbox 725 3573 967 3645; x_wconf 80' lang='lat' dir='ltr'><strong>legitime</strong></span> <span class='ocrx_word' id='word_1_501' title='bbox 1003 3581 1218 3641; x_wconf 75' lang='lat' dir='ltr'><strong>regnat,</strong></span> <span class='ocrx_word' id='word_1_502' title='bbox 1265 3573 1354 3626; x_wconf 87' lang='lat' dir='ltr'><strong>cui</strong></span> <span class='ocrx_word' id='word_1_503' title='bbox 1399 3587 1633 3642; x_wconf 76' lang='lat' dir='ltr'><strong>regnare</strong></span> <span class='ocrx_word' id='word_1_504' title='bbox 1666 3583 1752 3628; x_wconf 91' lang='lat' dir='ltr'><strong>est</strong></span> <span class='ocrx_word' id='word_1_505' title='bbox 1785 3574 2029 3640; x_wconf 89' lang='lat' dir='ltr'><strong>aliunde,</strong></span> 
     </span>
    </p>
   </div>
   <div class='ocr_carea' id='block_1_69' title="bbox 448 3664 2029 3735">
    <p class='ocr_par' dir='ltr' id='par_1_69' title="bbox 448 3664 2029 3735">
     <span class='ocr_line' id='line_1_69' title="bbox 448 3664 2029 3735; baseline 0.001 -16"><span class='ocrx_word' id='word_1_506' title='bbox 448 3667 526 3719; x_wconf 86' lang='lat' dir='ltr'><strong>sic</strong></span> <span class='ocrx_word' id='word_1_507' title='bbox 575 3681 752 3735; x_wconf 90' lang='lat' dir='ltr'><strong>neque</strong></span> <span class='ocrx_word' id='word_1_508' title='bbox 783 3681 908 3718; x_wconf 89' lang='lat' dir='ltr'><strong>vere</strong></span> <span class='ocrx_word' id='word_1_509' title='bbox 960 3664 1068 3718; x_wconf 86' lang='lat' dir='ltr'><strong>Deo</strong></span> <span class='ocrx_word' id='word_1_510' title='bbox 1103 3664 1395 3730; x_wconf 79' lang='lat' dir='ltr'><strong>servimus,</strong></span> <span class='ocrx_word' id='word_1_511' title='bbox 1432 3664 1478 3719; x_wconf 91' lang='lat' dir='ltr'><strong>si</strong></span> <span class='ocrx_word' id='word_1_512' title='bbox 1524 3665 1708 3734; x_wconf 85' lang='lat' dir='ltr'><strong>aliquo</strong></span> <span class='ocrx_word' id='word_1_513' title='bbox 1758 3667 2029 3721; x_wconf 90' lang='lat' dir='ltr'><strong>dictorum</strong></span> 
     </span>
    </p>
   </div>
   <div class='ocr_carea' id='block_1_70' title="bbox 448 3756 1248 3826">
    <p class='ocr_par' dir='ltr' id='par_1_70' title="bbox 448 3756 1248 3826">
     <span class='ocr_line' id='line_1_70' title="bbox 448 3756 1248 3826; baseline 0.001 -15"><span class='ocrx_word' id='word_1_514' title='bbox 448 3756 737 3812; x_wconf 88' lang='lat' dir='ltr'><strong>modorum</strong></span> <span class='ocrx_word' id='word_1_515' title='bbox 767 3757 1000 3826; x_wconf 84' lang='lat' dir='ltr'><strong>subjecti</strong></span> <span class='ocrx_word' id='word_1_516' title='bbox 1035 3771 1248 3812; x_wconf 89' lang='lat' dir='ltr'><strong>sumus.</strong></span> 
     </span>
    </p>
   </div>
   <div class='ocr_carea' id='block_1_71' title="bbox 516 4023 2023 4094">
    <p class='ocr_par' dir='ltr' id='par_1_71' title="bbox 516 4023 2023 4094">
     <span class='ocr_line' id='line_1_71' title="bbox 516 4023 2023 4094; baseline -0.001 -15"><span class='ocrx_word' id='word_1_517' title='bbox 516 4027 655 4094; x_wconf 87' lang='lat' dir='ltr'><strong>Quia</strong></span> <span class='ocrx_word' id='word_1_518' title='bbox 686 4039 816 4080; x_wconf 88' lang='lat' dir='ltr'><strong>vero</strong></span> <span class='ocrx_word' id='word_1_519' title='bbox 848 4039 1075 4080; x_wconf 87' lang='lat' dir='ltr'><strong>necesse</strong></span> <span class='ocrx_word' id='word_1_520' title='bbox 1123 4032 1242 4078; x_wconf 90' lang='lat' dir='ltr'><strong>erat</strong></span> <span class='ocrx_word' id='word_1_521' title='bbox 1276 4023 1453 4094; x_wconf 91' lang='lat' dir='ltr'><strong>ipsum</strong></span> <span class='ocrx_word' id='word_1_522' title='bbox 1490 4023 1862 4080; x_wconf 89' lang='lat' dir='ltr'><strong>sincerissimo</strong></span> <span class='ocrx_word' id='word_1_523' title='bbox 1916 4026 2023 4078; x_wconf 85' lang='lat' dir='ltr'><strong>im-</strong></span> 
     </span>
    </p>
   </div>
   <div class='ocr_carea' id='block_1_72' title="bbox 445 4117 2026 4191">
    <p class='ocr_par' dir='ltr' id='par_1_72' title="bbox 445 4117 2026 4191">
     <span class='ocr_line' id='line_1_72' title="bbox 445 4117 2026 4191; baseline -0.003 -15"><span class='ocrx_word' id='word_1_524' title='bbox 445 4122 600 4191; x_wconf 88' lang='lat' dir='ltr'><strong>perio</strong></span> <span class='ocrx_word' id='word_1_525' title='bbox 650 4135 878 4190; x_wconf 85' lang='lat' dir='ltr'><strong>regnare</strong></span> <span class='ocrx_word' id='word_1_526' title='bbox 909 4117 1032 4190; x_wconf 86' lang='lat' dir='ltr'><strong>(uec</strong></span> <span class='ocrx_word' id='word_1_527' title='bbox 1057 4118 1200 4172; x_wconf 90' lang='lat' dir='ltr'><strong>enim</strong></span> <span class='ocrx_word' id='word_1_528' title='bbox 1231 4128 1349 4172; x_wconf 87' lang='lat' dir='ltr'><strong>erat</strong></span> <span class='ocrx_word' id='word_1_529' title='bbox 1380 4117 1463 4170; x_wconf 80' lang='lat' dir='ltr'><strong>fas</strong></span> <span class='ocrx_word' id='word_1_530' title='bbox 1497 4118 1652 4189; x_wconf 84' lang='lat' dir='ltr'><strong>alio),</strong></span> <span class='ocrx_word' id='word_1_531' title='bbox 1688 4119 1895 4173; x_wconf 75' lang='lat' dir='ltr'><strong>iuVenit</strong></span> <span class='ocrx_word' id='word_1_532' title='bbox 1916 4136 2026 4188; x_wconf 92' lang='lat' dir='ltr'><strong>quo</strong></span> 
     </span>
    </p>
   </div>
   <div class='ocr_carea' id='block_1_73' title="bbox 447 4209 2023 4282">
    <p class='ocr_par' dir='ltr' id='par_1_73' title="bbox 447 4209 2023 4282">
     <span class='ocr_line' id='line_1_73' title="bbox 447 4209 2023 4282; baseline -0.001 -14"><span class='ocrx_word' id='word_1_533' title='bbox 447 4226 606 4282; x_wconf 89' lang='lat' dir='ltr'><strong>pacto</strong></span> <span class='ocrx_word' id='word_1_534' title='bbox 637 4213 688 4267; x_wconf 90' lang='lat' dir='ltr'><strong>id</strong></span> <span class='ocrx_word' id='word_1_535' title='bbox 722 4216 1032 4282; x_wconf 82' lang='lat' dir='ltr'><strong>perliceret.</strong></span> <span class='ocrx_word' id='word_1_536' title='bbox 1066 4209 1132 4263; x_wconf 89' lang='lat' dir='ltr'><strong>Et</strong></span> <span class='ocrx_word' id='word_1_537' title='bbox 1160 4211 1247 4265; x_wconf 89' lang='lat' dir='ltr'><strong>hic</strong></span> <span class='ocrx_word' id='word_1_538' title='bbox 1290 4210 1484 4264; x_wconf 89' lang='lat' dir='ltr'><strong>modus</strong></span> <span class='ocrx_word' id='word_1_539' title='bbox 1513 4221 1632 4264; x_wconf 87' lang='lat' dir='ltr'><strong>erat</strong></span> <span class='ocrx_word' id='word_1_540' title='bbox 1660 4214 2023 4268; x_wconf 78' lang='lat' dir='ltr'><strong>admiratione</strong></span> 
     </span>
    </p>
   </div>
   <div class='ocr_carea' id='block_1_74' title="bbox 444 4302 2028 4379">
    <p class='ocr_par' dir='ltr' id='par_1_74' title="bbox 444 4302 2028 4379">
     <span class='ocr_line' id='line_1_74' title="bbox 444 4302 2028 4379; baseline -0.001 -18"><span class='ocrx_word' id='word_1_541' title='bbox 444 4306 824 4379; x_wconf 78' lang='lat' dir='ltr'><strong>dignissimus.</strong></span> <span class='ocrx_word' id='word_1_542' title='bbox 872 4302 1218 4358; x_wconf 78' lang='lat' dir='ltr'><strong>Contrarium</strong></span> <span class='ocrx_word' id='word_1_543' title='bbox 1275 4303 1478 4372; x_wconf 89' lang='lat' dir='ltr'><strong>quippe</strong></span> <span class='ocrx_word' id='word_1_544' title='bbox 1522 4303 1668 4357; x_wconf 87' lang='lat' dir='ltr'><strong>viam</strong></span> <span class='ocrx_word' id='word_1_545' title='bbox 1719 4306 1908 4359; x_wconf 87' lang='lat' dir='ltr'><strong>tenuit.</strong></span> <span class='ocrx_word' id='word_1_546' title='bbox 1959 4305 2028 4360; x_wconf 87' lang='lat' dir='ltr'><strong>Et</strong></span> 
     </span>
    </p>
   </div>
   <div class='ocr_carea' id='block_1_75' title="bbox 446 4395 2026 4467">
    <p class='ocr_par' dir='ltr' id='par_1_75' title="bbox 446 4395 2026 4467">
     <span class='ocr_line' id='line_1_75' title="bbox 446 4395 2026 4467; baseline 0.001 -16"><span class='ocrx_word' id='word_1_547' title='bbox 446 4412 502 4452; x_wconf 89' lang='grc' dir='ltr'><strong>ιιι</strong></span> <span class='ocrx_word' id='word_1_548' title='bbox 525 4413 688 4452; x_wconf 88' lang='lat' dir='ltr'><strong>verus</strong></span> <span class='ocrx_word' id='word_1_549' title='bbox 713 4395 978 4448; x_wconf 86' lang='lat' dir='ltr'><strong>Dominus</strong></span> <span class='ocrx_word' id='word_1_550' title='bbox 1023 4403 1187 4453; x_wconf 86' lang='lat' dir='ltr'><strong>esset,</strong></span> <span class='ocrx_word' id='word_1_551' title='bbox 1218 4402 1467 4447; x_wconf 89' lang='lat' dir='ltr'><strong>naturam</strong></span> <span class='ocrx_word' id='word_1_552' title='bbox 1499 4396 1640 4448; x_wconf 80' lang='lat' dir='ltr'><strong>servi</strong></span> <span class='ocrx_word' id='word_1_553' title='bbox 1675 4398 1938 4467; x_wconf 87' lang='lat' dir='ltr'><strong>suscepit,</strong></span> <span class='ocrx_word' id='word_1_554' title='bbox 1971 4408 2026 4453; x_wconf 89' lang='lat' dir='ltr'><strong>et</strong></span> 
     </span>
    </p>
   </div>
   <div class='ocr_carea' id='block_1_76' title="bbox 2138 3201 3735 3275">
    <p class='ocr_par' dir='ltr' id='par_1_76' title="bbox 2138 3201 3735 3275">
     <span class='ocr_line' id='line_1_76' title="bbox 2138 3201 3735 3275; baseline -0.001 -16"><span class='ocrx_word' id='word_1_555' title='bbox 2138 3205 2366 3272; x_wconf 86' lang='grc' dir='ltr'>καρδίας</span> <span class='ocrx_word' id='word_1_556' title='bbox 2399 3203 2843 3272; x_wconf 86' lang='grc' dir='ltr'>ἀναγκαιότερον,</span> <span class='ocrx_word' id='word_1_557' title='bbox 2881 3203 2942 3255; x_wconf 88' lang='grc' dir='ltr'><strong>οὐ</strong></span> <span class='ocrx_word' id='word_1_558' title='bbox 2977 3201 3130 3271; x_wconf 80' lang='grc' dir='ltr'><strong>φόϐῳ</strong></span> <span class='ocrx_word' id='word_1_559' title='bbox 3165 3202 3384 3266; x_wconf 83' lang='grc' dir='ltr'>κλίνων,</span> <span class='ocrx_word' id='word_1_560' title='bbox 3424 3205 3486 3256; x_wconf 84' lang='grc' dir='ltr'><strong>οὐ</strong></span> <span class='ocrx_word' id='word_1_561' title='bbox 3535 3204 3735 3275; x_wconf 78' lang='grc' dir='ltr'>μισθῷ</span> 
     </span>
    </p>
   </div>
   <div class='ocr_carea' id='block_1_77' title="bbox 2133 3292 3735 3366">
    <p class='ocr_par' dir='ltr' id='par_1_77' title="bbox 2133 3292 3735 3366">
     <span class='ocr_line' id='line_1_77' title="bbox 2133 3292 3735 3366; baseline 0 -16"><span class='ocrx_word' id='word_1_562' title='bbox 2133 3297 2510 3366; x_wconf 82' lang='grc' dir='ltr'>δουλούμενος,</span> <span class='ocrx_word' id='word_1_563' title='bbox 2543 3296 2657 3348; x_wconf 76' lang='grc' dir='ltr'>ἀλλ’</span> <span class='ocrx_word' id='word_1_564' title='bbox 2687 3295 2849 3358; x_wconf 76' lang='grc' dir='ltr'>αὐτὸς</span> <span class='ocrx_word' id='word_1_565' title='bbox 2904 3292 2979 3347; x_wconf 87' lang='grc' dir='ltr'>ὣν</span> <span class='ocrx_word' id='word_1_566' title='bbox 3014 3293 3195 3363; x_wconf 78' lang='grc' dir='ltr'>ἑαυτῷ</span> <span class='ocrx_word' id='word_1_567' title='bbox 3225 3293 3454 3363; x_wconf 88' lang='grc' dir='ltr'>δύναμις</span> <span class='ocrx_word' id='word_1_568' title='bbox 3483 3295 3588 3362; x_wconf 82' lang='grc' dir='ltr'>τῆς</span> <span class='ocrx_word' id='word_1_569' title='bbox 3625 3297 3735 3366; x_wconf 78' lang='grc' dir='ltr'>ἀρ-</span> 
     </span>
    </p>
   </div>
   <div class='ocr_carea' id='block_1_78' title="bbox 2137 3386 3737 3460">
    <p class='ocr_par' dir='ltr' id='par_1_78' title="bbox 2137 3386 3737 3460">
     <span class='ocr_line' id='line_1_78' title="bbox 2137 3386 3737 3460; baseline -0.02 2"><span class='ocrx_word' id='word_1_570' title='bbox 2137 3391 2240 3460; x_wconf 79' lang='grc' dir='ltr'><strong>χῆς</strong></span> <span class='ocrx_word' id='word_1_571' title='bbox 2266 3391 2360 3442; x_wconf 78' lang='grc' dir='ltr'>καὶ</span> <span class='ocrx_word' id='word_1_572' title='bbox 2393 3389 2553 3458; x_wconf 83' lang='grc' dir='ltr'>μόνος</span> <span class='ocrx_word' id='word_1_573' title='bbox 2588 3389 2751 3451; x_wconf 78' lang='grc' dir='ltr'>αὐτὸς</span> <span class='ocrx_word' id='word_1_574' title='bbox 2774 3386 2952 3456; x_wconf 80' lang='grc' dir='ltr'>ἐαυτῷ</span> <span class='ocrx_word' id='word_1_575' title='bbox 2978 3387 3265 3440; x_wconf 80' lang='grc' dir='ltr'>συνάπτων</span> <span class='ocrx_word' id='word_1_576' title='bbox 3295 3389 3422 3450; x_wconf 75' lang='grc' dir='ltr'>τοὺς</span> <span class='ocrx_word' id='word_1_577' title='bbox 3473 3389 3737 3458; x_wconf 76' lang='grc' dir='ltr'>ἀρχομέ-</span> 
     </span>
    </p>
   </div>
   <div class='ocr_carea' id='block_1_79' title="bbox 2135 3479 3737 3551">
    <p class='ocr_par' dir='ltr' id='par_1_79' title="bbox 2135 3479 3737 3551">
     <span class='ocr_line' id='line_1_79' title="bbox 2135 3479 3737 3551; baseline 0 -15"><span class='ocrx_word' id='word_1_578' title='bbox 2135 3500 2284 3545; x_wconf 88' lang='grc' dir='ltr'>νους.</span> <span class='ocrx_word' id='word_1_579' title='bbox 2330 3482 2401 3534; x_wconf 73' lang='lat' dir='ltr'><strong>&#39;l&#39;o</strong></span> <span class='ocrx_word' id='word_1_580' title='bbox 2429 3480 2539 3550; x_wconf 83' lang='grc' dir='ltr'><strong>γὰρ</strong></span> <span class='ocrx_word' id='word_1_581' title='bbox 2565 3481 2714 3550; x_wconf 66' lang='grc' dir='ltr'>φόϐῳ</span> <span class='ocrx_word' id='word_1_582' title='bbox 2769 3481 2801 3551; x_wconf 84' lang='grc' dir='ltr'>ἢ</span> <span class='ocrx_word' id='word_1_583' title='bbox 2863 3479 3233 3550; x_wconf 84' lang='grc' dir='ltr'>μισθούμενον</span> <span class='ocrx_word' id='word_1_584' title='bbox 3275 3479 3582 3548; x_wconf 81' lang='grc' dir='ltr'>βασιλεύειν</span> <span class='ocrx_word' id='word_1_585' title='bbox 3627 3484 3737 3536; x_wconf 81' lang='grc' dir='ltr'><strong>οὐκ</strong></span> 
     </span>
    </p>
   </div>
   <div class='ocr_carea' id='block_1_80' title="bbox 2134 3572 3738 3642">
    <p class='ocr_par' dir='ltr' id='par_1_80' title="bbox 2134 3572 3738 3642">
     <span class='ocr_line' id='line_1_80' title="bbox 2134 3572 3738 3642; baseline -0.003 -12"><span class='ocrx_word' id='word_1_586' title='bbox 2134 3577 2298 3631; x_wconf 84' lang='grc' dir='ltr'>αὐτόν</span> <span class='ocrx_word' id='word_1_587' title='bbox 2322 3576 2469 3628; x_wconf 81' lang='grc' dir='ltr'>ἐστιν</span> <span class='ocrx_word' id='word_1_588' title='bbox 2513 3575 2589 3637; x_wconf 87' lang='grc' dir='ltr'>ὡς</span> <span class='ocrx_word' id='word_1_589' title='bbox 2622 3573 2840 3642; x_wconf 80' lang='grc' dir='ltr'>ἀληθῶς</span> <span class='ocrx_word' id='word_1_590' title='bbox 2891 3574 3105 3642; x_wconf 84' lang='grc' dir='ltr'>ἄρχειν,</span> <span class='ocrx_word' id='word_1_591' title='bbox 3141 3572 3278 3624; x_wconf 85' lang='grc' dir='ltr'><strong>ἀλλά</strong></span> <span class='ocrx_word' id='word_1_592' title='bbox 3333 3572 3431 3642; x_wconf 79' lang='grc' dir='ltr'><strong>τῆς</strong></span> <span class='ocrx_word' id='word_1_593' title='bbox 3466 3573 3738 3641; x_wconf 75' lang='grc' dir='ltr'>ὑπακοῆς</span> 
     </span>
    </p>
   </div>
   <div class='ocr_carea' id='block_1_81' title="bbox 2133 3660 3738 3731">
    <p class='ocr_par' dir='ltr' id='par_1_81' title="bbox 2133 3660 3738 3731">
     <span class='ocr_line' id='line_1_81' title="bbox 2133 3660 3738 3731; baseline -0.004 -11"><span class='ocrx_word' id='word_1_594' title='bbox 2133 3668 2232 3728; x_wconf 86' lang='grc' dir='ltr'>τὰς</span> <span class='ocrx_word' id='word_1_595' title='bbox 2259 3665 2481 3726; x_wconf 67' lang='grc' dir='ltr'>ἐλπίδας</span> <span class='ocrx_word' id='word_1_596' title='bbox 2511 3662 2793 3717; x_wconf 82' lang='grc' dir='ltr'>αἰτιᾶσθαι</span> <span class='ocrx_word' id='word_1_597' title='bbox 2843 3662 2928 3714; x_wconf 90' lang='grc' dir='ltr'><strong>δεῖ</strong></span> <span class='ocrx_word' id='word_1_598' title='bbox 2981 3661 3076 3714; x_wconf 74' lang='grc' dir='ltr'>καὶ</span> <span class='ocrx_word' id='word_1_599' title='bbox 3103 3661 3200 3722; x_wconf 84' lang='grc' dir='ltr'><strong>τὰς</strong></span> <span class='ocrx_word' id='word_1_600' title='bbox 3233 3661 3482 3721; x_wconf 81' lang='grc' dir='ltr'>ἀπειλάς·</span> <span class='ocrx_word' id='word_1_601' title='bbox 3524 3660 3612 3712; x_wconf 80' lang='grc' dir='ltr'>ὢσ</span> <span class='ocrx_word' id='word_1_602' title='bbox 3628 3679 3738 3731; x_wconf 82' lang='grc' dir='ltr'><strong>περ</strong></span> 
     </span>
    </p>
   </div>
   <div class='ocr_carea' id='block_1_82' title="bbox 2129 3747 3735 3825">
    <p class='ocr_par' dir='ltr' id='par_1_82' title="bbox 2129 3747 3735 3825">
     <span class='ocr_line' id='line_1_82' title="bbox 2129 3747 3735 3825; baseline -0.003 -14"><span class='ocrx_word' id='word_1_603' title='bbox 2129 3761 2315 3811; x_wconf 79' lang='grc' dir='ltr'>τοίνυν</span> <span class='ocrx_word' id='word_1_604' title='bbox 2350 3759 2450 3810; x_wconf 72' lang='grc' dir='ltr'><strong>οὐκ</strong></span> <span class='ocrx_word' id='word_1_605' title='bbox 2477 3757 2541 3809; x_wconf 79' lang='grc' dir='ltr'>ἂν</span> <span class='ocrx_word' id='word_1_606' title='bbox 2572 3755 2729 3825; x_wconf 74' lang='grc' dir='ltr'>ἄρχοι</span> <span class='ocrx_word' id='word_1_607' title='bbox 2762 3755 2989 3825; x_wconf 84' lang='grc' dir='ltr'>κυρίως,</span> <span class='ocrx_word' id='word_1_608' title='bbox 3015 3747 3058 3821; x_wconf 80' lang='grc' dir='ltr'><strong>ᾧ</strong></span> <span class='ocrx_word' id='word_1_609' title='bbox 3092 3754 3152 3807; x_wconf 81' lang='grc' dir='ltr'><strong>τὸ</strong></span> <span class='ocrx_word' id='word_1_610' title='bbox 3178 3756 3398 3822; x_wconf 86' lang='grc' dir='ltr'>κρατεῖν</span> <span class='ocrx_word' id='word_1_611' title='bbox 3425 3753 3735 3821; x_wconf 78' lang='grc' dir='ltr'>ἑτέρωθεν,</span> 
     </span>
    </p>
   </div>
   <div class='ocr_carea' id='block_1_83' title="bbox 2132 3843 3739 3914">
    <p class='ocr_par' dir='ltr' id='par_1_83' title="bbox 2132 3843 3739 3914">
     <span class='ocr_line' id='line_1_83' title="bbox 2132 3843 3739 3914; baseline -0.004 -11"><span class='ocrx_word' id='word_1_612' title='bbox 2132 3851 2306 3914; x_wconf 74' lang='grc' dir='ltr'>οὕτως</span> <span class='ocrx_word' id='word_1_613' title='bbox 2328 3849 2449 3903; x_wconf 71' lang='grc' dir='ltr'>οὐδὲ</span> <span class='ocrx_word' id='word_1_614' title='bbox 2470 3847 2744 3902; x_wconf 71' lang='grc' dir='ltr'>δουλεύειν</span> <span class='ocrx_word' id='word_1_615' title='bbox 2767 3847 2912 3898; x_wconf 80' lang='grc' dir='ltr'>ἐστιν</span> <span class='ocrx_word' id='word_1_616' title='bbox 2945 3846 3019 3908; x_wconf 79' lang='grc' dir='ltr'>ὡς</span> <span class='ocrx_word' id='word_1_617' title='bbox 3047 3845 3262 3914; x_wconf 84' lang='grc' dir='ltr'>ἀληθῶς</span> <span class='ocrx_word' id='word_1_618' title='bbox 3289 3844 3367 3914; x_wconf 82' lang='grc' dir='ltr'>τῷ</span> <span class='ocrx_word' id='word_1_619' title='bbox 3398 3843 3540 3914; x_wconf 81' lang='grc' dir='ltr'>Θεῷ,</span> <span class='ocrx_word' id='word_1_620' title='bbox 3561 3847 3739 3898; x_wconf 72' lang='grc' dir='ltr'>ἐπειο</span> 
     </span>
    </p>
   </div>
   <div class='ocr_carea' id='block_1_84' title="bbox 2132 3937 3735 4008">
    <p class='ocr_par' dir='ltr' id='par_1_84' title="bbox 2132 3937 3735 4008">
     <span class='ocr_line' id='line_1_84' title="bbox 2132 3937 3735 4008; baseline -0.002 -16"><span class='ocrx_word' id='word_1_621' title='bbox 2132 3942 2226 3997; x_wconf 86' lang='grc' dir='ltr'><strong>δὰν</strong></span> <span class='ocrx_word' id='word_1_622' title='bbox 2245 3944 2383 3997; x_wconf 87' lang='grc' dir='ltr'>κατά</span> <span class='ocrx_word' id='word_1_623' title='bbox 2403 3959 2522 3996; x_wconf 90' lang='grc' dir='ltr'>τινα</span> <span class='ocrx_word' id='word_1_624' title='bbox 2555 3939 2665 3992; x_wconf 82' lang='grc' dir='ltr'>τῶν</span> <span class='ocrx_word' id='word_1_625' title='bbox 2693 3938 3003 4008; x_wconf 72' lang='grc' dir='ltr'>εἰρημένων</span> <span class='ocrx_word' id='word_1_626' title='bbox 3034 3937 3462 4005; x_wconf 82' lang='grc' dir='ltr'>ύποταττώμεθα</span> <span class='ocrx_word' id='word_1_627' title='bbox 3489 3937 3735 4005; x_wconf 79' lang='grc' dir='ltr'>τρόπον.</span> 
     </span>
    </p>
   </div>
   <div class='ocr_carea' id='block_1_85' title="bbox 2218 4029 3739 4102">
    <p class='ocr_par' dir='ltr' id='par_1_85' title="bbox 2218 4029 3739 4102">
     <span class='ocr_line' id='line_1_85' title="bbox 2218 4029 3739 4102; baseline -0.003 -14"><span class='ocrx_word' id='word_1_628' title='bbox 2218 4036 2375 4088; x_wconf 78' lang='grc' dir='ltr'>Ἐπεὶ</span> <span class='ocrx_word' id='word_1_629' title='bbox 2449 4035 2506 4087; x_wconf 82' lang='grc' dir='ltr'>δὲ</span> <span class='ocrx_word' id='word_1_630' title='bbox 2558 4034 2819 4102; x_wconf 71' lang='grc' dir='ltr'>ἐδει¹τὴν</span> <span class='ocrx_word' id='word_1_631' title='bbox 2862 4032 3265 4102; x_wconf 82' lang='grc' dir='ltr'>καθαρωτάτην</span> <span class='ocrx_word' id='word_1_632' title='bbox 3325 4029 3498 4100; x_wconf 82' lang='grc' dir='ltr'>ἀρχὴν</span> <span class='ocrx_word' id='word_1_633' title='bbox 3552 4031 3739 4084; x_wconf 82' lang='grc' dir='ltr'>αὐτὸν</span> 
     </span>
    </p>
   </div>
   <div class='ocr_carea' id='block_1_86' title="bbox 2133 4118 3738 4196">
    <p class='ocr_par' dir='ltr' id='par_1_86' title="bbox 2133 4118 3738 4196">
     <span class='ocr_line' id='line_1_86' title="bbox 2133 4118 3738 4196; baseline -0.004 -16"><span class='ocrx_word' id='word_1_634' title='bbox 2133 4126 2440 4196; x_wconf 85' lang='grc' dir='ltr'>βασιλεύειν</span> <span class='ocrx_word' id='word_1_635' title='bbox 2494 4126 2574 4195; x_wconf 81' lang='grc' dir='ltr'>(οὐ</span> <span class='ocrx_word' id='word_1_636' title='bbox 2621 4126 2731 4193; x_wconf 80' lang='grc' dir='ltr'>γὰρ</span> <span class='ocrx_word' id='word_1_637' title='bbox 2757 4120 2825 4195; x_wconf 80' lang='grc' dir='ltr'>ἦν</span> <span class='ocrx_word' id='word_1_638' title='bbox 2867 4123 3014 4184; x_wconf 66' lang='grc' dir='ltr'>εἰκὸς</span> <span class='ocrx_word' id='word_1_639' title='bbox 3065 4122 3164 4192; x_wconf 77' lang='grc' dir='ltr'>τὴν</span> <span class='ocrx_word' id='word_1_640' title='bbox 3216 4118 3460 4190; x_wconf 81' lang='grc' dir='ltr'>ἑτέραν).</span> <span class='ocrx_word' id='word_1_641' title='bbox 3490 4119 3738 4188; x_wconf 74' lang='grc' dir='ltr'>ἐξεῦρεν</span> 
     </span>
    </p>
   </div>
   <div class='ocr_carea' id='block_1_87' title="bbox 2125 4209 3736 4286">
    <p class='ocr_par' dir='ltr' id='par_1_87' title="bbox 2125 4209 3736 4286">
     <span class='ocr_line' id='line_1_87' title="bbox 2125 4209 3736 4286; baseline -0.002 -15"><span class='ocrx_word' id='word_1_642' title='bbox 2125 4220 2273 4282; x_wconf 81' lang='grc' dir='ltr'>ὅπως</span> <span class='ocrx_word' id='word_1_643' title='bbox 2307 4218 2514 4272; x_wconf 79' lang='grc' dir='ltr'>ἀνύσει.</span> <span class='ocrx_word' id='word_1_644' title='bbox 2556 4217 2667 4271; x_wconf 81' lang='grc' dir='ltr'>Καὶ</span> <span class='ocrx_word' id='word_1_645' title='bbox 2697 4209 2854 4279; x_wconf 72' lang='grc' dir='ltr'>οὗτος</span> <span class='ocrx_word' id='word_1_646' title='bbox 2886 4211 2956 4286; x_wconf 76' lang='grc' dir='ltr'>ἦν</span> <span class='ocrx_word' id='word_1_647' title='bbox 2983 4215 3012 4267; x_wconf 86' lang='grc' dir='ltr'><strong>ό</strong></span> <span class='ocrx_word' id='word_1_648' title='bbox 3041 4215 3244 4284; x_wconf 86' lang='grc' dir='ltr'>τρόπος</span> <span class='ocrx_word' id='word_1_649' title='bbox 3287 4215 3314 4265; x_wconf 88' lang='grc' dir='ltr'>ὁ</span> <span class='ocrx_word' id='word_1_650' title='bbox 3343 4212 3736 4282; x_wconf 79' lang='grc' dir='ltr'>παραδοξότα-</span> 
     </span>
    </p>
   </div>
   <div class='ocr_carea' id='block_1_88' title="bbox 2130 4303 3733 4377">
    <p class='ocr_par' dir='ltr' id='par_1_88' title="bbox 2130 4303 3733 4377">
     <span class='ocr_line' id='line_1_88' title="bbox 2130 4303 3733 4377; baseline -0.003 -14"><span class='ocrx_word' id='word_1_651' title='bbox 2130 4327 2243 4373; x_wconf 83' lang='grc' dir='ltr'>τος.</span> <span class='ocrx_word' id='word_1_652' title='bbox 2277 4311 2401 4371; x_wconf 89' lang='grc' dir='ltr'>Τοῖς</span> <span class='ocrx_word' id='word_1_653' title='bbox 2433 4309 2542 4377; x_wconf 82' lang='grc' dir='ltr'><strong>γὰρ</strong></span> <span class='ocrx_word' id='word_1_654' title='bbox 2569 4309 2835 4370; x_wconf 79' lang='grc' dir='ltr'>ἐναντίοις</span> <span class='ocrx_word' id='word_1_655' title='bbox 2869 4308 3164 4376; x_wconf 83' lang='grc' dir='ltr'>ἐχρήσατο,</span> <span class='ocrx_word' id='word_1_656' title='bbox 3190 4306 3287 4359; x_wconf 74' lang='grc' dir='ltr'><strong>καὶ</strong></span> <span class='ocrx_word' id='word_1_657' title='bbox 3317 4303 3404 4357; x_wconf 63' lang='grc' dir='ltr'><strong>ἵνα</strong></span> <span class='ocrx_word' id='word_1_658' title='bbox 3426 4305 3733 4377; x_wconf 82' lang='grc' dir='ltr'>Δεσπότης</span> 
     </span>
    </p>
   </div>
   <div class='ocr_carea' id='block_1_89' title="bbox 2133 4397 3736 4472">
    <p class='ocr_par' dir='ltr' id='par_1_89' title="bbox 2133 4397 3736 4472">
     <span class='ocr_line' id='line_1_89' title="bbox 2133 4397 3736 4472; baseline -0.001 -18"><span class='ocrx_word' id='word_1_659' title='bbox 2133 4402 2337 4472; x_wconf 79' lang='grc' dir='ltr'>ἀληθὴς</span> <span class='ocrx_word' id='word_1_660' title='bbox 2371 4397 2427 4471; x_wconf 83' lang='grc' dir='ltr'><strong>ᾖ,</strong></span> <span class='ocrx_word' id='word_1_661' title='bbox 2457 4401 2646 4454; x_wconf 84' lang='grc' dir='ltr'>δούλου</span> <span class='ocrx_word' id='word_1_662' title='bbox 2677 4401 2892 4470; x_wconf 78' lang='grc' dir='ltr'>δέχεται</span> <span class='ocrx_word' id='word_1_663' title='bbox 2951 4401 3114 4467; x_wconf 76' lang='grc' dir='ltr'>φύσιν</span> <span class='ocrx_word' id='word_1_664' title='bbox 3165 4399 3258 4451; x_wconf 83' lang='grc' dir='ltr'><strong>καὶ</strong></span> <span class='ocrx_word' id='word_1_665' title='bbox 3309 4399 3550 4450; x_wconf 89' lang='grc' dir='ltr'>διακονεῖ</span> <span class='ocrx_word' id='word_1_666' title='bbox 3603 4405 3736 4461; x_wconf 78' lang='grc' dir='ltr'>τοῖς</span> 
     </span>
    </p>
   </div>
   <div class='ocr_carea' id='block_1_90' title="bbox 445 4475 2031 4562">
    <p class='ocr_par' dir='ltr' id='par_1_90' title="bbox 445 4482 2025 4551">
     <span class='ocr_line' id='line_1_90' title="bbox 445 4482 2025 4551; baseline 0 -9"><span class='ocrx_word' id='word_1_667' title='bbox 445 4487 622 4542; x_wconf 82' lang='lat' dir='ltr'><strong>servis</strong></span> <span class='ocrx_word' id='word_1_668' title='bbox 656 4483 1007 4548; x_wconf 87' lang='lat' dir='ltr'><strong>ministravit,</strong></span> <span class='ocrx_word' id='word_1_669' title='bbox 1040 4498 1213 4551; x_wconf 86' lang='lat' dir='ltr'><strong>usque</strong></span> <span class='ocrx_word' id='word_1_670' title='bbox 1253 4482 1320 4536; x_wconf 93' lang='lat' dir='ltr'><strong>ad</strong></span> <span class='ocrx_word' id='word_1_671' title='bbox 1358 4493 1587 4536; x_wconf 89' lang='lat' dir='ltr'><strong>mortem</strong></span> <span class='ocrx_word' id='word_1_672' title='bbox 1619 4485 1818 4540; x_wconf 89' lang='lat' dir='ltr'><strong>crucis.</strong></span> <span class='ocrx_word' id='word_1_673' title='bbox 1852 4485 1918 4541; x_wconf 82' lang='lat' dir='ltr'><strong>Et</strong></span> <span class='ocrx_word' id='word_1_674' title='bbox 1946 4489 2025 4544; x_wconf 88' lang='lat' dir='ltr'><strong>sic</strong></span> 
     </span>
    </p>
   </div>
   <div class='ocr_carea' id='block_1_91' title="bbox 2140 4475 3731 4562">
    <p class='ocr_par' dir='ltr' id='par_1_91' title="bbox 2140 4486 3731 4562">
     <span class='ocr_line' id='line_1_91' title="bbox 2140 4486 3731 4562; baseline -0.002 -16"><span class='ocrx_word' id='word_1_675' title='bbox 2140 4494 2340 4556; x_wconf 77' lang='grc' dir='ltr'>δούλοις</span> <span class='ocrx_word' id='word_1_676' title='bbox 2367 4493 2532 4562; x_wconf 84' lang='grc' dir='ltr'>μέχρι</span> <span class='ocrx_word' id='word_1_677' title='bbox 2569 4490 2810 4561; x_wconf 82' lang='grc' dir='ltr'>σταυροῦ</span> <span class='ocrx_word' id='word_1_678' title='bbox 2856 4490 2955 4543; x_wconf 77' lang='grc' dir='ltr'><strong>καὶ</strong></span> <span class='ocrx_word' id='word_1_679' title='bbox 3001 4490 3254 4550; x_wconf 86' lang='grc' dir='ltr'>θανάτου,</span> <span class='ocrx_word' id='word_1_680' title='bbox 3295 4490 3390 4542; x_wconf 70' lang='grc' dir='ltr'>καὶ</span> <span class='ocrx_word' id='word_1_681' title='bbox 3419 4486 3564 4542; x_wconf 75' lang='grc' dir='ltr'>οὕτω</span> <span class='ocrx_word' id='word_1_682' title='bbox 3619 4491 3731 4552; x_wconf 79' lang='grc' dir='ltr'>τὰς</span> 
     </span>
    </p>
   </div>
   <div class='ocr_carea' id='block_1_92' title="bbox 440 4578 2022 4648">
    <p class='ocr_par' dir='ltr' id='par_1_92' title="bbox 440 4578 2022 4648">
     <span class='ocr_line' id='line_1_92' title="bbox 440 4578 2022 4648; baseline -0.003 -10"><span class='ocrx_word' id='word_1_683' title='bbox 440 4583 655 4638; x_wconf 89' lang='lat' dir='ltr'><strong>animas</strong></span> <span class='ocrx_word' id='word_1_684' title='bbox 685 4595 971 4636; x_wconf 89' lang='lat' dir='ltr'><strong>servorum</strong></span> <span class='ocrx_word' id='word_1_685' title='bbox 1005 4580 1168 4648; x_wconf 89' lang='lat' dir='ltr'><strong>cepit,</strong></span> <span class='ocrx_word' id='word_1_686' title='bbox 1202 4589 1254 4632; x_wconf 90' lang='lat' dir='ltr'><strong>et</strong></span> <span class='ocrx_word' id='word_1_687' title='bbox 1295 4578 1627 4632; x_wconf 85' lang='lat' dir='ltr'><strong>voluntatem</strong></span> <span class='ocrx_word' id='word_1_688' title='bbox 1663 4579 1816 4634; x_wconf 92' lang='lat' dir='ltr'><strong>nullo</strong></span> <span class='ocrx_word' id='word_1_689' title='bbox 1847 4580 2022 4634; x_wconf 83' lang='lat' dir='ltr'><strong>admi-</strong></span> 
     </span>
    </p>
   </div>
   <div class='ocr_carea' id='block_1_93' title="bbox 441 4670 2022 4742">
    <p class='ocr_par' dir='ltr' id='par_1_93' title="bbox 441 4670 2022 4742">
     <span class='ocr_line' id='line_1_93' title="bbox 441 4670 2022 4742; baseline -0.003 -13"><span class='ocrx_word' id='word_1_690' title='bbox 441 4675 629 4731; x_wconf 82' lang='lat' dir='ltr'><strong>niculo</strong></span> <span class='ocrx_word' id='word_1_691' title='bbox 675 4674 731 4729; x_wconf 86' lang='lat' dir='ltr'><strong>in</strong></span> <span class='ocrx_word' id='word_1_692' title='bbox 781 4680 1109 4741; x_wconf 85' lang='lat' dir='ltr'><strong>potestatem</strong></span> <span class='ocrx_word' id='word_1_693' title='bbox 1167 4670 1398 4742; x_wconf 78' lang='lat' dir='ltr'><strong>redegit.</strong></span> <span class='ocrx_word' id='word_1_694' title='bbox 1435 4670 1610 4736; x_wconf 86' lang='lat' dir='ltr'><strong>llujus</strong></span> <span class='ocrx_word' id='word_1_695' title='bbox 1643 4671 1716 4724; x_wconf 92' lang='lat' dir='ltr'><strong>rei</strong></span> <span class='ocrx_word' id='word_1_696' title='bbox 1759 4673 1931 4739; x_wconf 80' lang='lat' dir='ltr'><strong>gratia</strong></span> <span class='ocrx_word' id='word_1_697' title='bbox 1969 4679 2022 4726; x_wconf 92' lang='lat' dir='ltr'><strong>et</strong></span> 
     </span>
    </p>
   </div>
   <div class='ocr_carea' id='block_1_94' title="bbox 440 4764 2016 4835">
    <p class='ocr_par' dir='ltr' id='par_1_94' title="bbox 440 4764 2016 4835">
     <span class='ocr_line' id='line_1_94' title="bbox 440 4764 2016 4835; baseline -0.004 -13"><span class='ocrx_word' id='word_1_698' title='bbox 440 4769 668 4835; x_wconf 76' lang='lat' dir='ltr'><strong>Paulus,</strong></span> <span class='ocrx_word' id='word_1_699' title='bbox 702 4768 883 4822; x_wconf 90' lang='lat' dir='ltr'><strong>sciens</strong></span> <span class='ocrx_word' id='word_1_700' title='bbox 913 4765 1017 4820; x_wconf 87' lang='lat' dir='ltr'><strong>hoc</strong></span> <span class='ocrx_word' id='word_1_701' title='bbox 1040 4764 1400 4818; x_wconf 85' lang='lat' dir='ltr'><strong>ministerium</strong></span> <span class='ocrx_word' id='word_1_702' title='bbox 1423 4777 1544 4818; x_wconf 90' lang='lat' dir='ltr'><strong>esse</strong></span> <span class='ocrx_word' id='word_1_703' title='bbox 1567 4778 1788 4816; x_wconf 86' lang='lat' dir='ltr'><strong>causam</strong></span> <span class='ocrx_word' id='word_1_704' title='bbox 1821 4765 1972 4833; x_wconf 83' lang='lat' dir='ltr'><strong>regni</strong></span> <span class='ocrx_word' id='word_1_705' title='bbox 2001 4804 2016 4829; x_wconf 96' lang='lat'><strong>,</strong></span> 
     </span>
    </p>
   </div>
   <div class='ocr_carea' id='block_1_95' title="bbox 445 4855 2019 4928">
    <p class='ocr_par' dir='ltr' id='par_1_95' title="bbox 445 4855 2019 4928">
     <span class='ocr_line' id='line_1_95' title="bbox 445 4855 2019 4928; baseline -0.001 -16"><span class='ocrx_word' id='word_1_706' title='bbox 445 4880 462 4912; x_wconf 77' lang='grc' dir='ltr'><strong>ι</strong></span> <span class='ocrx_word' id='word_1_707' title='bbox 490 4861 628 4928; x_wconf 87' lang='lat' dir='ltr'><strong>Quia</strong></span> <span class='ocrx_word' id='word_1_708' title='bbox 663 4858 973 4914; x_wconf 88' lang='lat' dir='ltr'><strong>humiliavit</strong></span> <span class='ocrx_word' id='word_1_709' title='bbox 1019 4857 1398 4926; x_wconf 80' lang='lat' dir='ltr'><strong>semetipsum,</strong></span> <span class='ocrx_word' id='word_1_710' title='bbox 1443 4855 1636 4923; x_wconf 87' lang='lat' dir='ltr'><strong>inquit,</strong></span> <span class='ocrx_word' id='word_1_711' title='bbox 1681 4855 1856 4910; x_wconf 83' lang='lat' dir='ltr'><strong>factus</strong></span> <span class='ocrx_word' id='word_1_712' title='bbox 1887 4858 2019 4910; x_wconf 88' lang='lat' dir='ltr'><strong>obe-</strong></span> 
     </span>
    </p>
   </div>
   <div class='ocr_carea' id='block_1_96' title="bbox 437 4947 2014 5019">
    <p class='ocr_par' dir='ltr' id='par_1_96' title="bbox 437 4947 2014 5019">
     <span class='ocr_line' id='line_1_96' title="bbox 437 4947 2014 5019; baseline -0.003 -14"><span class='ocrx_word' id='word_1_713' title='bbox 437 4955 592 5008; x_wconf 84' lang='lat' dir='ltr'><strong>diens</strong></span> <span class='ocrx_word' id='word_1_714' title='bbox 613 4965 785 5019; x_wconf 89' lang='lat' dir='ltr'><strong>usque</strong></span> <span class='ocrx_word' id='word_1_715' title='bbox 809 4950 874 5002; x_wconf 90' lang='lat' dir='ltr'><strong>ad</strong></span> <span class='ocrx_word' id='word_1_716' title='bbox 895 4957 1147 5012; x_wconf 90' lang='lat' dir='ltr'><strong>mortem,</strong></span> <span class='ocrx_word' id='word_1_717' title='bbox 1167 4958 1402 5000; x_wconf 84' lang='lat' dir='ltr'><strong>mortem</strong></span> <span class='ocrx_word' id='word_1_718' title='bbox 1431 4958 1612 4999; x_wconf 90' lang='lat' dir='ltr'><strong>autem</strong></span> <span class='ocrx_word' id='word_1_719' title='bbox 1642 4947 1840 5001; x_wconf 90' lang='lat' dir='ltr'><strong>crucis.</strong></span> <span class='ocrx_word' id='word_1_720' title='bbox 1875 4948 2014 5001; x_wconf 84' lang='lat' dir='ltr'><strong>Pro-</strong></span> 
     </span>
    </p>
   </div>
   <div class='ocr_carea' id='block_1_97' title="bbox 437 5037 2014 5115">
    <p class='ocr_par' dir='ltr' id='par_1_97' title="bbox 437 5037 2014 5115">
     <span class='ocr_line' id='line_1_97' title="bbox 437 5037 2014 5115; baseline -0.005 -15"><span class='ocrx_word' id='word_1_721' title='bbox 437 5054 555 5115; x_wconf 85' lang='lat' dir='ltr'><strong>pter</strong></span> <span class='ocrx_word' id='word_1_722' title='bbox 571 5042 717 5113; x_wconf 87' lang='lat' dir='ltr'><strong>quod</strong></span> <span class='ocrx_word' id='word_1_723' title='bbox 731 5051 785 5094; x_wconf 88' lang='lat' dir='ltr'><strong>et</strong></span> <span class='ocrx_word' id='word_1_724' title='bbox 805 5041 946 5096; x_wconf 85' lang='lat' dir='ltr'><strong>Deus</strong></span> <span class='ocrx_word' id='word_1_725' title='bbox 964 5040 1220 5094; x_wconf 81' lang='lat' dir='ltr'><strong>exaltavit</strong></span> <span class='ocrx_word' id='word_1_726' title='bbox 1237 5038 1386 5092; x_wconf 87' lang='lat' dir='ltr'><strong>illum</strong></span> <span class='ocrx_word' id='word_1_727' title='bbox 1407 5041 1446 5090; x_wconf 77' lang='grc'>⁵.</span> <span class='ocrx_word' id='word_1_728' title='bbox 1475 5056 1494 5088; x_wconf 72' lang='grc' dir='ltr'><strong>ι</strong></span> <span class='ocrx_word' id='word_1_729' title='bbox 1517 5039 1582 5091; x_wconf 83' lang='grc' dir='ltr'>Ει</span> <span class='ocrx_word' id='word_1_730' title='bbox 1605 5038 1771 5092; x_wconf 86' lang='lat' dir='ltr'><strong>lsaias</strong></span> <span class='ocrx_word' id='word_1_731' title='bbox 1802 5056 1814 5091; x_wconf 94' lang='lat'>:</span> <span class='ocrx_word' id='word_1_732' title='bbox 1841 5057 1859 5089; x_wconf 80' lang='grc' dir='ltr'><strong>ι</strong></span> <span class='ocrx_word' id='word_1_733' title='bbox 1883 5037 2014 5092; x_wconf 86' lang='lat' dir='ltr'><strong>Pro-</strong></span> 
     </span>
    </p>
   </div>
   <div class='ocr_carea' id='block_1_98' title="bbox 437 5130 2014 5206">
    <p class='ocr_par' dir='ltr' id='par_1_98' title="bbox 437 5130 2014 5206">
     <span class='ocr_line' id='line_1_98' title="bbox 437 5130 2014 5206; baseline -0.003 -17"><span class='ocrx_word' id='word_1_734' title='bbox 437 5147 556 5206; x_wconf 86' lang='lat' dir='ltr'><strong>pter</strong></span> <span class='ocrx_word' id='word_1_735' title='bbox 589 5135 734 5204; x_wconf 85' lang='lat' dir='ltr'><strong>quod</strong></span> <span class='ocrx_word' id='word_1_736' title='bbox 765 5133 881 5202; x_wconf 89' lang='lat' dir='ltr'><strong>ipse</strong></span> <span class='ocrx_word' id='word_1_737' title='bbox 913 5131 1255 5185; x_wconf 75' lang='lat' dir='ltr'><strong>luereditabit</strong></span> <span class='ocrx_word' id='word_1_738' title='bbox 1285 5130 1507 5192; x_wconf 88' lang='lat' dir='ltr'><strong>multos,</strong></span> <span class='ocrx_word' id='word_1_739' title='bbox 1540 5141 1592 5183; x_wconf 89' lang='lat' dir='ltr'><strong>et</strong></span> <span class='ocrx_word' id='word_1_740' title='bbox 1615 5130 1836 5183; x_wconf 79' lang='lat' dir='ltr'><strong>l&#39;ortium</strong></span> <span class='ocrx_word' id='word_1_741' title='bbox 1870 5132 2014 5185; x_wconf 82' lang='lat' dir='ltr'><strong>divi-</strong></span> 
     </span>
    </p>
   </div>
   <div class='ocr_carea' id='block_1_99' title="bbox 435 5221 2010 5296">
    <p class='ocr_par' dir='ltr' id='par_1_99' title="bbox 435 5221 2010 5296">
     <span class='ocr_line' id='line_1_99' title="bbox 435 5221 2010 5296; baseline -0.003 -13"><span class='ocrx_word' id='word_1_742' title='bbox 435 5231 526 5283; x_wconf 89' lang='lat' dir='ltr'><strong>det</strong></span> <span class='ocrx_word' id='word_1_743' title='bbox 545 5226 718 5296; x_wconf 88' lang='lat' dir='ltr'><strong>spolia</strong></span> <span class='ocrx_word' id='word_1_744' title='bbox 749 5241 763 5278; x_wconf 75' lang='grc' dir='ltr'><strong>ε</strong></span> <span class='ocrx_word' id='word_1_745' title='bbox 795 5238 891 5292; x_wconf 90' lang='lat' dir='ltr'><strong>pro</strong></span> <span class='ocrx_word' id='word_1_746' title='bbox 917 5237 984 5277; x_wconf 92' lang='lat' dir='ltr'><strong>eo</strong></span> <span class='ocrx_word' id='word_1_747' title='bbox 1016 5221 1159 5292; x_wconf 90' lang='lat' dir='ltr'><strong>quod</strong></span> <span class='ocrx_word' id='word_1_748' title='bbox 1192 5222 1410 5275; x_wconf 82' lang='lat' dir='ltr'><strong>tradidit</strong></span> <span class='ocrx_word' id='word_1_749' title='bbox 1430 5221 1482 5274; x_wconf 91' lang='lat' dir='ltr'><strong>in</strong></span> <span class='ocrx_word' id='word_1_750' title='bbox 1515 5231 1742 5275; x_wconf 85' lang='lat' dir='ltr'><strong>mortem</strong></span> <span class='ocrx_word' id='word_1_751' title='bbox 1773 5223 2010 5278; x_wconf 88' lang='lat' dir='ltr'><strong>animam</strong></span> 
     </span>
    </p>
   </div>
   <div class='ocr_carea' id='block_1_100' title="bbox 435 5313 2010 5384">
    <p class='ocr_par' dir='ltr' id='par_1_100' title="bbox 435 5313 2010 5384">
     <span class='ocr_line' id='line_1_100' title="bbox 435 5313 2010 5384; baseline -0.004 -10"><span class='ocrx_word' id='word_1_752' title='bbox 435 5335 616 5384; x_wconf 86' lang='lat' dir='ltr'><strong>suam,</strong></span> <span class='ocrx_word' id='word_1_753' title='bbox 646 5332 770 5370; x_wconf 87' lang='lat' dir='ltr'><strong>cmn</strong></span> <span class='ocrx_word' id='word_1_754' title='bbox 808 5315 1012 5384; x_wconf 82' lang='lat' dir='ltr'><strong>iniquis</strong></span> <span class='ocrx_word' id='word_1_755' title='bbox 1050 5325 1335 5382; x_wconf 88' lang='lat' dir='ltr'><strong>reputatus</strong></span> <span class='ocrx_word' id='word_1_756' title='bbox 1366 5323 1449 5367; x_wconf 89' lang='lat' dir='ltr'><strong>est</strong></span> <span class='ocrx_word' id='word_1_757' title='bbox 1471 5314 1510 5365; x_wconf 76' lang='grc'>⁵.</span> <span class='ocrx_word' id='word_1_758' title='bbox 1549 5332 1567 5364; x_wconf 76' lang='grc' dir='ltr'><strong>ι</strong></span> <span class='ocrx_word' id='word_1_759' title='bbox 1609 5313 1845 5383; x_wconf 86' lang='lat' dir='ltr'><strong>Propter</strong></span> <span class='ocrx_word' id='word_1_760' title='bbox 1889 5315 2010 5384; x_wconf 91' lang='lat' dir='ltr'><strong>pri-</strong></span> 
     </span>
    </p>
   </div>
   <div class='ocr_carea' id='block_1_101' title="bbox 439 5405 2014 5465">
    <p class='ocr_par' dir='ltr' id='par_1_101' title="bbox 439 5405 2014 5465">
     <span class='ocr_line' id='line_1_101' title="bbox 439 5405 2014 5465; baseline -0.003 0"><span class='ocrx_word' id='word_1_761' title='bbox 439 5427 582 5465; x_wconf 90' lang='lat' dir='ltr'><strong>mam</strong></span> <span class='ocrx_word' id='word_1_762' title='bbox 617 5410 763 5464; x_wconf 89' lang='lat' dir='ltr'><strong>enim</strong></span> <span class='ocrx_word' id='word_1_763' title='bbox 815 5406 1232 5462; x_wconf 76' lang='lat' dir='ltr'><strong>fabricationem</strong></span> <span class='ocrx_word' id='word_1_764' title='bbox 1287 5405 1538 5461; x_wconf 69' lang='lat' dir='ltr'><strong>Christus</strong></span> <span class='ocrx_word' id='word_1_765' title='bbox 1566 5418 1773 5460; x_wconf 82' lang='lat' dir='ltr'><strong>naturae</strong></span> <span class='ocrx_word' id='word_1_766' title='bbox 1814 5416 2014 5461; x_wconf 86' lang='lat' dir='ltr'><strong>nostrae</strong></span> 
     </span>
    </p>
   </div>
   <div class='ocr_carea' id='block_1_102' title="bbox 437 5501 2008 5570">
    <p class='ocr_par' dir='ltr' id='par_1_102' title="bbox 437 5501 2008 5570">
     <span class='ocr_line' id='line_1_102' title="bbox 437 5501 2008 5570; baseline -0.003 -16"><span class='ocrx_word' id='word_1_767' title='bbox 437 5502 701 5556; x_wconf 90' lang='lat' dir='ltr'><strong>Dominus</strong></span> <span class='ocrx_word' id='word_1_768' title='bbox 753 5509 860 5556; x_wconf 87' lang='lat' dir='ltr'><strong>est.</strong></span> <span class='ocrx_word' id='word_1_769' title='bbox 912 5501 1144 5570; x_wconf 86' lang='lat' dir='ltr'><strong>Propter</strong></span> <span class='ocrx_word' id='word_1_770' title='bbox 1200 5514 1398 5554; x_wconf 83' lang='lat' dir='ltr'><strong>novam</strong></span> <span class='ocrx_word' id='word_1_771' title='bbox 1464 5509 1645 5552; x_wconf 90' lang='lat' dir='ltr'><strong>autem</strong></span> <span class='ocrx_word' id='word_1_772' title='bbox 1701 5510 2008 5553; x_wconf 85' lang='lat' dir='ltr'><strong>creaturam</strong></span> 
     </span>
    </p>
   </div>
   <div class='ocr_carea' id='block_1_103' title="bbox 436 5591 2012 5662">
    <p class='ocr_par' dir='ltr' id='par_1_103' title="bbox 436 5591 2012 5662">
     <span class='ocr_line' id='line_1_103' title="bbox 436 5591 2012 5662; baseline 0 -16"><span class='ocrx_word' id='word_1_773' title='bbox 436 5594 774 5649; x_wconf 85' lang='lat' dir='ltr'><strong>voluntatem</strong></span> <span class='ocrx_word' id='word_1_774' title='bbox 816 5593 1068 5662; x_wconf 81' lang='lat' dir='ltr'><strong>subegit;</strong></span> <span class='ocrx_word' id='word_1_775' title='bbox 1096 5591 1244 5661; x_wconf 87' lang='lat' dir='ltr'><strong>quod</strong></span> <span class='ocrx_word' id='word_1_776' title='bbox 1298 5606 1425 5646; x_wconf 88' lang='lat' dir='ltr'><strong>vere</strong></span> <span class='ocrx_word' id='word_1_777' title='bbox 1461 5600 1545 5646; x_wconf 88' lang='lat' dir='ltr'><strong>est</strong></span> <span class='ocrx_word' id='word_1_778' title='bbox 1575 5591 1718 5646; x_wconf 80' lang='lat' dir='ltr'><strong>inter</strong></span> <span class='ocrx_word' id='word_1_779' title='bbox 1760 5591 2012 5646; x_wconf 88' lang='lat' dir='ltr'><strong>homines</strong></span> 
     </span>
    </p>
   </div>
   <div class='ocr_carea' id='block_1_104' title="bbox 512 5778 882 5847">
    <p class='ocr_par' dir='ltr' id='par_1_104' title="bbox 512 5778 882 5847">
     <span class='ocr_line' id='line_1_104' title="bbox 512 5778 882 5847; baseline 0.019 -17"><span class='ocrx_word' id='word_1_780' title='bbox 512 5778 530 5810; x_wconf 74' lang='grc'>⁸</span> <span class='ocrx_word' id='word_1_781' title='bbox 557 5778 722 5836; x_wconf 90' lang='lat' dir='ltr'><strong>llebr.</strong></span> <span class='ocrx_word' id='word_1_782' title='bbox 761 5795 801 5847; x_wconf 89' lang='grc' dir='ltr'><strong>ι,</strong></span> <span class='ocrx_word' id='word_1_783' title='bbox 829 5781 882 5837; x_wconf 77' lang='lat'><strong>5.</strong></span> 
     </span>
    </p>
   </div>
   <div class='ocr_carea' id='block_1_105' title="bbox 961 5778 2008 5854">
    <p class='ocr_par' dir='ltr' id='par_1_105' title="bbox 961 5778 2008 5854">
     <span class='ocr_line' id='line_1_105' title="bbox 961 5778 2008 5854; baseline 0.007 -20"><span class='ocrx_word' id='word_1_784' title='bbox 961 5781 1001 5813; x_wconf 72' lang='grc'>⁸⁸</span> <span class='ocrx_word' id='word_1_785' title='bbox 1035 5778 1182 5841; x_wconf 85' lang='lat' dir='ltr'><strong>Luc.</strong></span> <span class='ocrx_word' id='word_1_786' title='bbox 1217 5798 1312 5851; x_wconf 77' lang='lat' dir='ltr'><strong>xtl,</strong></span> <span class='ocrx_word' id='word_1_787' title='bbox 1363 5781 1451 5836; x_wconf 80' lang='grc'><strong>57.</strong></span> <span class='ocrx_word' id='word_1_788' title='bbox 1529 5783 1547 5814; x_wconf 81' lang='grc'><strong><em>⁵</em></strong></span> <span class='ocrx_word' id='word_1_789' title='bbox 1589 5781 1820 5854; x_wconf 80' lang='lat' dir='ltr'><strong>Philipp.</strong></span> <span class='ocrx_word' id='word_1_790' title='bbox 1865 5797 1920 5850; x_wconf 88' lang='grc' dir='ltr'><strong>ιι,</strong></span> <span class='ocrx_word' id='word_1_791' title='bbox 1957 5785 2008 5841; x_wconf 82' lang='lat'><strong>3.</strong></span> 
     </span>
    </p>
   </div>
   <div class='ocr_carea' id='block_1_106' title="bbox 2130 4581 3734 4657">
    <p class='ocr_par' dir='ltr' id='par_1_106' title="bbox 2130 4581 3734 4657">
     <span class='ocr_line' id='line_1_106' title="bbox 2130 4581 3734 4657; baseline -0.002 -18"><span class='ocrx_word' id='word_1_792' title='bbox 2130 4586 2308 4657; x_wconf 76' lang='grc' dir='ltr'>ψυχὰς</span> <span class='ocrx_word' id='word_1_793' title='bbox 2336 4585 2444 4638; x_wconf 82' lang='grc' dir='ltr'>τῶν</span> <span class='ocrx_word' id='word_1_794' title='bbox 2480 4584 2684 4636; x_wconf 80' lang='grc' dir='ltr'>δούλων</span> <span class='ocrx_word' id='word_1_795' title='bbox 2716 4584 2864 4652; x_wconf 78' lang='grc' dir='ltr'>αἱρεῖ</span> <span class='ocrx_word' id='word_1_796' title='bbox 2910 4583 3004 4636; x_wconf 77' lang='grc' dir='ltr'><strong>καὶ</strong></span> <span class='ocrx_word' id='word_1_797' title='bbox 3046 4581 3146 4652; x_wconf 79' lang='grc' dir='ltr'><strong>τὴν</strong></span> <span class='ocrx_word' id='word_1_798' title='bbox 3203 4581 3423 4648; x_wconf 83' lang='grc' dir='ltr'>θέλησιν</span> <span class='ocrx_word' id='word_1_799' title='bbox 3483 4581 3734 4648; x_wconf 72' lang='grc' dir='ltr'>ἀμέσως</span> 
     </span>
    </p>
   </div>
   <div class='ocr_carea' id='block_1_107' title="bbox 2132 4672 3734 4748">
    <p class='ocr_par' dir='ltr' id='par_1_107' title="bbox 2132 4672 3734 4748">
     <span class='ocr_line' id='line_1_107' title="bbox 2132 4672 3734 4748; baseline -0.001 -19"><span class='ocrx_word' id='word_1_800' title='bbox 2132 4677 2440 4748; x_wconf 79' lang='grc' dir='ltr'>χειροῦται.</span> <span class='ocrx_word' id='word_1_801' title='bbox 2495 4676 2702 4730; x_wconf 89' lang='grc' dir='ltr'>Τούτου</span> <span class='ocrx_word' id='word_1_802' title='bbox 2730 4678 2894 4745; x_wconf 86' lang='grc' dir='ltr'>χάριν</span> <span class='ocrx_word' id='word_1_803' title='bbox 2952 4675 3047 4726; x_wconf 68' lang='grc' dir='ltr'><strong>καὶ</strong></span> <span class='ocrx_word' id='word_1_804' title='bbox 3079 4672 3290 4735; x_wconf 80' lang='grc' dir='ltr'>ιιαῢλος</span> <span class='ocrx_word' id='word_1_805' title='bbox 3353 4672 3558 4742; x_wconf 85' lang='grc' dir='ltr'>ταύτην</span> <span class='ocrx_word' id='word_1_806' title='bbox 3619 4675 3734 4745; x_wconf 79' lang='grc' dir='ltr'>τὴν</span> 
     </span>
    </p>
   </div>
   <div class='ocr_carea' id='block_1_108' title="bbox 2131 4762 3731 4838">
    <p class='ocr_par' dir='ltr' id='par_1_108' title="bbox 2131 4762 3731 4838">
     <span class='ocr_line' id='line_1_108' title="bbox 2131 4762 3731 4838; baseline -0.004 -13"><span class='ocrx_word' id='word_1_807' title='bbox 2131 4771 2418 4825; x_wconf 85' lang='grc' dir='ltr'>διακονίαν</span> <span class='ocrx_word' id='word_1_808' title='bbox 2451 4769 2550 4838; x_wconf 85' lang='grc' dir='ltr'>τὴν</span> <span class='ocrx_word' id='word_1_809' title='bbox 2585 4767 2766 4820; x_wconf 85' lang='grc' dir='ltr'>αίτίαν</span> <span class='ocrx_word' id='word_1_810' title='bbox 2792 4765 2948 4826; x_wconf 85' lang='grc' dir='ltr'>εἰδὼς</span> <span class='ocrx_word' id='word_1_811' title='bbox 2979 4762 3120 4818; x_wconf 74' lang='grc' dir='ltr'>εἶναι</span> <span class='ocrx_word' id='word_1_812' title='bbox 3149 4766 3250 4833; x_wconf 81' lang='grc' dir='ltr'>τῆς</span> <span class='ocrx_word' id='word_1_813' title='bbox 3279 4763 3577 4832; x_wconf 82' lang='grc' dir='ltr'>βασιλείας.</span> <span class='ocrx_word' id='word_1_814' title='bbox 3639 4767 3731 4818; x_wconf 80' lang='grc' dir='ltr'>ὃτι</span> 
     </span>
    </p>
   </div>
   <div class='ocr_carea' id='block_1_109' title="bbox 2131 4856 3730 4926">
    <p class='ocr_par' dir='ltr' id='par_1_109' title="bbox 2131 4856 3730 4926">
     <span class='ocr_line' id='line_1_109' title="bbox 2131 4856 3730 4926; baseline -0.003 -14"><span class='ocrx_word' id='word_1_815' title='bbox 2131 4880 2149 4912; x_wconf 77' lang='grc' dir='ltr'><strong>ι</strong></span> <span class='ocrx_word' id='word_1_816' title='bbox 2191 4861 2595 4915; x_wconf 84' lang='grc' dir='ltr'>Ἐταπείνωσεν</span> <span class='ocrx_word' id='word_1_817' title='bbox 2648 4859 2867 4923; x_wconf 78' lang='grc' dir='ltr'>ἑαυτὸν,</span> <span class='ocrx_word' id='word_1_818' title='bbox 2908 4857 3063 4926; x_wconf 74' lang='grc' dir='ltr'>φησί,</span> <span class='ocrx_word' id='word_1_819' title='bbox 3123 4857 3414 4924; x_wconf 87' lang='grc' dir='ltr'>γενόμενος</span> <span class='ocrx_word' id='word_1_820' title='bbox 3467 4856 3730 4924; x_wconf 80' lang='grc' dir='ltr'>ὑπήκοος</span> 
     </span>
    </p>
   </div>
   <div class='ocr_carea' id='block_1_110' title="bbox 2125 4945 3732 5018">
    <p class='ocr_par' dir='ltr' id='par_1_110' title="bbox 2125 4945 3732 5018">
     <span class='ocr_line' id='line_1_110' title="bbox 2125 4945 3732 5018; baseline -0.002 -17"><span class='ocrx_word' id='word_1_821' title='bbox 2125 4950 2293 5018; x_wconf 83' lang='grc' dir='ltr'>μέχρι</span> <span class='ocrx_word' id='word_1_822' title='bbox 2329 4949 2597 5013; x_wconf 79' lang='grc' dir='ltr'>θανάτου,</span> <span class='ocrx_word' id='word_1_823' title='bbox 2641 4950 2737 5000; x_wconf 77' lang='grc' dir='ltr'>καὶ</span> <span class='ocrx_word' id='word_1_824' title='bbox 2766 4945 2998 4999; x_wconf 83' lang='grc' dir='ltr'>θανάτου</span> <span class='ocrx_word' id='word_1_825' title='bbox 3033 4945 3289 5014; x_wconf 81' lang='grc' dir='ltr'>σταυροῦ.</span> <span class='ocrx_word' id='word_1_826' title='bbox 3345 4945 3431 4997; x_wconf 79' lang='grc' dir='ltr'>διὰ</span> <span class='ocrx_word' id='word_1_827' title='bbox 3470 4945 3638 4998; x_wconf 81' lang='grc' dir='ltr'>τοῦτο</span> <span class='ocrx_word' id='word_1_828' title='bbox 3695 4950 3732 5003; x_wconf 79' lang='grc' dir='ltr'><strong>ὁ</strong></span> 
     </span>
    </p>
   </div>
   <div class='ocr_carea' id='block_1_111' title="bbox 2124 5035 3722 5108">
    <p class='ocr_par' dir='ltr' id='par_1_111' title="bbox 2124 5035 3722 5108">
     <span class='ocr_line' id='line_1_111' title="bbox 2124 5035 3722 5108; baseline -0.005 -13"><span class='ocrx_word' id='word_1_829' title='bbox 2124 5042 2254 5104; x_wconf 83' lang='grc' dir='ltr'>Θεὸς</span> <span class='ocrx_word' id='word_1_830' title='bbox 2280 5041 2443 5095; x_wconf 71' lang='grc' dir='ltr'>αὑτὸν</span> <span class='ocrx_word' id='word_1_831' title='bbox 2475 5037 2803 5108; x_wconf 82' lang='grc' dir='ltr'>ὑπερύψωσε</span> <span class='ocrx_word' id='word_1_832' title='bbox 2831 5053 2845 5067; x_wconf 86' lang='grc'><strong>·</strong></span> <span class='ocrx_word' id='word_1_833' title='bbox 2877 5056 2898 5089; x_wconf 73' lang='grc' dir='ltr'><strong>ι</strong></span> <span class='ocrx_word' id='word_1_834' title='bbox 2921 5036 3017 5089; x_wconf 82' lang='grc' dir='ltr'>καὶ</span> <span class='ocrx_word' id='word_1_835' title='bbox 3048 5036 3074 5087; x_wconf 87' lang='grc' dir='ltr'>ὁ</span> <span class='ocrx_word' id='word_1_836' title='bbox 3105 5035 3681 5102; x_wconf 79' lang='grc' dir='ltr'>θαυμαστὸςῚ-Ισαῖας</span> <span class='ocrx_word' id='word_1_837' title='bbox 3704 5053 3722 5069; x_wconf 75' lang='grc' dir='ltr'><strong>ο</strong></span> 
     </span>
    </p>
   </div>
   <div class='ocr_carea' id='block_1_112' title="bbox 2123 5123 3716 5200">
    <p class='ocr_par' dir='ltr' id='par_1_112' title="bbox 2123 5123 3716 5200">
     <span class='ocr_line' id='line_1_112' title="bbox 2123 5123 3716 5200; baseline -0.006 -12"><span class='ocrx_word' id='word_1_838' title='bbox 2123 5153 2141 5188; x_wconf 85' lang='grc' dir='ltr'><strong>ι</strong></span> <span class='ocrx_word' id='word_1_839' title='bbox 2175 5136 2273 5189; x_wconf 86' lang='grc' dir='ltr'>Διά</span> <span class='ocrx_word' id='word_1_840' title='bbox 2299 5132 2460 5186; x_wconf 82' lang='grc' dir='ltr'>τοῦτο</span> <span class='ocrx_word' id='word_1_841' title='bbox 2501 5131 2685 5194; x_wconf 85' lang='grc' dir='ltr'>αὐτὸς,</span> <span class='ocrx_word' id='word_1_842' title='bbox 2713 5129 2873 5200; x_wconf 76' lang='grc' dir='ltr'>φησὶ,</span> <span class='ocrx_word' id='word_1_843' title='bbox 2916 5127 3317 5198; x_wconf 77' lang='grc' dir='ltr'>κληρονομήσει</span> <span class='ocrx_word' id='word_1_844' title='bbox 3350 5123 3579 5188; x_wconf 78' lang='grc' dir='ltr'>πολλοὺς</span> <span class='ocrx_word' id='word_1_845' title='bbox 3601 5128 3716 5181; x_wconf 76' lang='grc' dir='ltr'>καὶ</span> 
     </span>
    </p>
   </div>
   <div class='ocr_carea' id='block_1_113' title="bbox 2121 5213 3722 5295">
    <p class='ocr_par' dir='ltr' id='par_1_113' title="bbox 2121 5213 3722 5295">
     <span class='ocr_line' id='line_1_113' title="bbox 2121 5213 3722 5295; baseline -0.005 -15"><span class='ocrx_word' id='word_1_846' title='bbox 2121 5227 2233 5280; x_wconf 81' lang='grc' dir='ltr'><strong>τῶν</strong></span> <span class='ocrx_word' id='word_1_847' title='bbox 2278 5224 2516 5295; x_wconf 79' lang='grc' dir='ltr'>ἰσχυρῶν</span> <span class='ocrx_word' id='word_1_848' title='bbox 2556 5223 2734 5293; x_wconf 84' lang='grc' dir='ltr'>μεριεῖ</span> <span class='ocrx_word' id='word_1_849' title='bbox 2780 5220 2976 5284; x_wconf 83' lang='grc' dir='ltr'>σκῦλα,</span> <span class='ocrx_word' id='word_1_850' title='bbox 3022 5219 3140 5272; x_wconf 88' lang='grc' dir='ltr'>ἀνθ’</span> <span class='ocrx_word' id='word_1_851' title='bbox 3190 5213 3266 5271; x_wconf 80' lang='grc' dir='ltr'>ὧν</span> <span class='ocrx_word' id='word_1_852' title='bbox 3295 5219 3569 5287; x_wconf 84' lang='grc' dir='ltr'>παρεδόθη</span> <span class='ocrx_word' id='word_1_853' title='bbox 3625 5221 3722 5282; x_wconf 77' lang='grc' dir='ltr'><strong>εἰς</strong></span> 
     </span>
    </p>
   </div>
   <div class='ocr_carea' id='block_1_114' title="bbox 2125 5308 3711 5386">
    <p class='ocr_par' dir='ltr' id='par_1_114' title="bbox 2125 5308 3711 5386">
     <span class='ocr_line' id='line_1_114' title="bbox 2125 5308 3711 5386; baseline -0.006 -15"><span class='ocrx_word' id='word_1_854' title='bbox 2125 5319 2354 5371; x_wconf 86' lang='grc' dir='ltr'>θάνατον</span> <span class='ocrx_word' id='word_1_855' title='bbox 2389 5318 2419 5385; x_wconf 83' lang='grc' dir='ltr'>ἡ</span> <span class='ocrx_word' id='word_1_856' title='bbox 2452 5315 2598 5386; x_wconf 67' lang='grc' dir='ltr'>ψυχὴ</span> <span class='ocrx_word' id='word_1_857' title='bbox 2626 5312 2787 5368; x_wconf 78' lang='grc' dir='ltr'>αὑτοῦ</span> <span class='ocrx_word' id='word_1_858' title='bbox 2820 5314 2916 5366; x_wconf 69' lang='grc' dir='ltr'><strong>καὶ</strong></span> <span class='ocrx_word' id='word_1_859' title='bbox 2946 5311 3084 5380; x_wconf 87' lang='grc' dir='ltr'><strong>μετά</strong></span> <span class='ocrx_word' id='word_1_860' title='bbox 3113 5311 3335 5380; x_wconf 86' lang='grc' dir='ltr'>ἀνόμων</span> <span class='ocrx_word' id='word_1_861' title='bbox 3362 5308 3651 5378; x_wconf 79' lang='grc' dir='ltr'>ἐλογίσθη.</span> <span class='ocrx_word' id='word_1_862' title='bbox 3688 5329 3711 5362; x_wconf 72' lang='grc' dir='ltr'><strong>ι</strong></span> 
     </span>
    </p>
   </div>
   <div class='ocr_carea' id='block_1_115' title="bbox 2123 5400 3713 5478">
    <p class='ocr_par' dir='ltr' id='par_1_115' title="bbox 2123 5400 3713 5478">
     <span class='ocr_line' id='line_1_115' title="bbox 2123 5400 3713 5478; baseline -0.006 -15"><span class='ocrx_word' id='word_1_863' title='bbox 2123 5409 2225 5463; x_wconf 84' lang='grc' dir='ltr'>Διά</span> <span class='ocrx_word' id='word_1_864' title='bbox 2273 5410 2371 5478; x_wconf 82' lang='grc' dir='ltr'><strong>μὲν</strong></span> <span class='ocrx_word' id='word_1_865' title='bbox 2395 5408 2510 5477; x_wconf 83' lang='grc' dir='ltr'>γὰρ</span> <span class='ocrx_word' id='word_1_866' title='bbox 2544 5406 2643 5476; x_wconf 80' lang='grc' dir='ltr'><strong>τὴν</strong></span> <span class='ocrx_word' id='word_1_867' title='bbox 2679 5404 2903 5474; x_wconf 82' lang='grc' dir='ltr'>πρώτην</span> <span class='ocrx_word' id='word_1_868' title='bbox 2929 5404 3296 5473; x_wconf 82' lang='grc' dir='ltr'>δημιουργίαν</span> <span class='ocrx_word' id='word_1_869' title='bbox 3351 5401 3449 5470; x_wconf 83' lang='grc' dir='ltr'><strong>τῆς</strong></span> <span class='ocrx_word' id='word_1_870' title='bbox 3476 5400 3713 5469; x_wconf 75' lang='grc' dir='ltr'>φύσεως</span> 
     </span>
    </p>
   </div>
   <div class='ocr_carea' id='block_1_116' title="bbox 2123 5492 3714 5569">
    <p class='ocr_par' dir='ltr' id='par_1_116' title="bbox 2123 5492 3714 5569">
     <span class='ocr_line' id='line_1_116' title="bbox 2123 5492 3714 5569; baseline -0.005 -17"><span class='ocrx_word' id='word_1_871' title='bbox 2123 5499 2278 5569; x_wconf 82' lang='grc' dir='ltr'>ήμῶν</span> <span class='ocrx_word' id='word_1_872' title='bbox 2311 5501 2337 5551; x_wconf 89' lang='grc' dir='ltr'>ὁ</span> <span class='ocrx_word' id='word_1_873' title='bbox 2369 5499 2604 5569; x_wconf 77' lang='grc' dir='ltr'>Χριστὸς</span> <span class='ocrx_word' id='word_1_874' title='bbox 2629 5497 2930 5566; x_wconf 83' lang='grc' dir='ltr'>Δεσπότης,</span> <span class='ocrx_word' id='word_1_875' title='bbox 2957 5495 3045 5548; x_wconf 77' lang='grc' dir='ltr'>διὰ</span> <span class='ocrx_word' id='word_1_876' title='bbox 3071 5495 3126 5547; x_wconf 90' lang='grc' dir='ltr'><strong>δέ</strong></span> <span class='ocrx_word' id='word_1_877' title='bbox 3157 5495 3256 5563; x_wconf 86' lang='grc' dir='ltr'><strong>τὴν</strong></span> <span class='ocrx_word' id='word_1_878' title='bbox 3296 5492 3488 5562; x_wconf 81' lang='grc' dir='ltr'>καινὴν</span> <span class='ocrx_word' id='word_1_879' title='bbox 3518 5492 3714 5547; x_wconf 76' lang='grc' dir='ltr'>κτίσιν</span> 
     </span>
    </p>
   </div>
   <div class='ocr_carea' id='block_1_117' title="bbox 2120 5584 3712 5666">
    <p class='ocr_par' dir='ltr' id='par_1_117' title="bbox 2120 5584 3712 5666">
     <span class='ocr_line' id='line_1_117' title="bbox 2120 5584 3712 5666; baseline -0.002 -22"><span class='ocrx_word' id='word_1_880' title='bbox 2120 5592 2221 5662; x_wconf 79' lang='grc' dir='ltr'>τῆς</span> <span class='ocrx_word' id='word_1_881' title='bbox 2250 5591 2477 5661; x_wconf 83' lang='grc' dir='ltr'>γνώμης</span> <span class='ocrx_word' id='word_1_882' title='bbox 2513 5590 2845 5666; x_wconf 81' lang='grc' dir='ltr'>ἐκράτησεν,</span> <span class='ocrx_word' id='word_1_883' title='bbox 2900 5588 3038 5659; x_wconf 81' lang='grc' dir='ltr'>ὅπερ</span> <span class='ocrx_word' id='word_1_884' title='bbox 3085 5588 3232 5642; x_wconf 72' lang='grc' dir='ltr'>ἐστὶν</span> <span class='ocrx_word' id='word_1_885' title='bbox 3272 5584 3577 5654; x_wconf 74' lang='grc' dir='ltr'>ἀνθρώπιον</span> <span class='ocrx_word' id='word_1_886' title='bbox 3623 5587 3712 5651; x_wconf 79' lang='grc' dir='ltr'>ὡς</span> 
     </span>
    </p>
   </div>
   <div class='ocr_carea' id='block_1_118' title="bbox 2086 5783 2526 5850">
    <p class='ocr_par' dir='ltr' id='par_1_118' title="bbox 2086 5783 2526 5850">
     <span class='ocr_line' id='line_1_118' title="bbox 2086 5783 2526 5850; baseline -0.005 -13"><span class='ocrx_word' id='word_1_887' title='bbox 2086 5785 2104 5814; x_wconf 71' lang='grc' dir='ltr'><strong>θ</strong></span> <span class='ocrx_word' id='word_1_888' title='bbox 2137 5783 2243 5839; x_wconf 85' lang='lat' dir='ltr'><strong>lsa.</strong></span> <span class='ocrx_word' id='word_1_889' title='bbox 2284 5799 2395 5850; x_wconf 85' lang='lat' dir='ltr'><strong>Lili,</strong></span> <span class='ocrx_word' id='word_1_890' title='bbox 2443 5783 2526 5836; x_wconf 76' lang='grc'><strong>12.</strong></span> 
     </span>
    </p>
   </div>
  </div>
