3982 6208
280 229 383 295 621

1339 231 1437 290 DE
1467 231 1642 292 VITA
1673 229 1751 287 IN
1794 231 2128 296 CHRISTO
2173 238 2320 299 LIB.
2355 238 2448 296 ιν.

3437 251 3546 311 62;!

280 347 500 419 ἀληθῶς
550 346 883 417 βασιλεύειν,
949 347 1039 400 ὅτε
1103 347 1204 416 τὴν
1260 346 1402 402 κατὰ
1462 347 1555 399 τὸν
1605 346 1868 417 λογισμὸν

1978 363 2227 418 regnare,
2289 349 2505 417 quando
2545 348 2824 404 arbitrium
2866 352 3113 418 rationis,
3163 364 3217 407 et
3248 357 3544 412 voluntatis

279 439 534 505 ἐξουσίαν
570 440 666 492 καὶ
692 437 792 508 τὴν
817 437 921 506 τῆς
972 436 1201 506 γνώμης
1258 435 1613 506 αὐτονομίαν,
1649 435 1686 488 ἃ.
1720 439 1864 488 ποιεῖ

277 531 370 585 τὸν
402 530 722 599 ἄνθρωπον,
751 529 992 584 ἐνταῦθα
1023 529 1340 599 καταδήσας
1366 531 1462 583 καὶ
1501 529 1862 598 δουλωσάμε⁸

278 641 368 686 νος
385 625 617 694 ἢγαγεν,
650 623 791 692 ὑπὲρ
821 615 882 674 οὗ
911 623 1034 690 καὶ,
1074 642 1090 674 ι
1117 623 1305 693 Ἐδόθη
1333 642 1421 695 μοι
1441 626 1592 677 πᾶσα
1622 625 1860 690 ἐξουσία,

279 719 468 786 φησὶν,
504 717 562 767 ἐν
602 715 822 784 ούρανῷ
866 717 962 770 καὶ
1009 719 1102 771 ἐπὶ
1169 717 1266 787 τῆς
1314 717 1440 786 γῆς,
1482 735 1500 768 ι
1545 718 1622 780 ὡς
1683 716 1744 785 δή
1809 733 1863 766 τι

276 809 470 864 κιινδν
497 807 691 860 παθὼν
719 809 747 860 6
776 808 883 878 πρὸ
905 808 1012 861 τῶν
1061 808 1273 862 αἰώνων
1298 811 1392 861 τοῦ
1428 811 1635 880 κόσμου
1665 810 1867 862 Δεσπό-

275 918 405 970 της,
438 901 524 954 ὅτι
559 900 699 970 μετὰ
727 899 835 952 τῶν
869 901 926 953 ἐν
947 900 1162 971 οὐρανῷ
1211 903 1360 972 καὶὴ
1401 903 1510 954 τῶν
1558 903 1864 972 ἀνθρώπων

275 994 447 1064 φύσις
476 995 569 1046 τὸν
598 993 776 1046 κοινὸν
809 994 1024 1060 ἐπέγνω
1073 995 1367 1062 Δεσπότην.
1444 995 1553 1048 Καὶ
1611 995 1719 1063 μὴν
1773 994 1867 1046 καὶ

274 1085 336 1138 τὸ
375 1085 474 1137 τοῦ
504 1084 672 1137 Δαϐὶδ
701 1086 899 1145 ἐκεῖνο,
935 1104 953 1136 t
1016 1085 1398 1138 Ἐϐασίλευσεν
1449 1088 1474 1138 6
1516 1086 1647 1146 Θεὸς
1683 1087 1774 1137 ἐπὶ
1800 1085 1868 1137 τὰ

277 1179 439 1246 ἔθνη,
486 1195 506 1228 ι
562 1176 766 1246 ταύτην
807 1179 956 1230 ἐστὶν
992 1178 1372 1246 αἰνιττομένου
1429 1177 1527 1242 τὴν
1564 1177 1864 1246 βασιλείαν,

278 1271 410 1324 καθ’
436 1271 506 1342 ἣν
535 1270 604 1323 τὰ
629 1269 807 1340 ἔθνησι
839 1269 1106 1339 σύσσωμα
1127 1270 1206 1338 τῷ
1240 1269 1453 1338 Σωτῆρι
1492 1269 1586 1320 καὶ
1621 1269 1866 1336 συμμέτ-

276 1381 384 1433 οχα
419 1383 439 1414 ι
481 1361 692 1425 Παῦλός
732 1379 891 1430 φησι.
920 1363 1009 1431 Τῷ
1039 1363 1148 1431 γὰρ
1188 1362 1332 1414 οὕτω
1362 1365 1476 1423 τοῖς
1519 1360 1741 1430 σώμασι
1777 1361 1868 1412 καὶ

275 1459 402 1518 ταῖς
434 1455 636 1524 ψυχαῖς
665 1453 925 1518 καθάπαξ
976 1455 1219 1524 ἡνῶσθαι
1263 1455 1332 1529 οὐ.
1356 1454 1625 1523 σωμάτων
1686 1453 1868 1522 μόνον,

277 1549 426 1601 ἀλλὰ
461 1547 562 1600 καὶ
597 1546 808 1616 ψυχῶν,
840 1549 936 1599 καὶ
974 1547 1350 1616 προαιρέσεων
1389 1546 1630 1615 κατέστη
1658 1545 1868 1598 Δεσπό-

278 1657 410 1709 της,
448 1642 544 1692 καὶ⁵
567 1643 759 1710 κρατεί
787 1642 886 1709 τὴν
912 1641 986 1702 ὼς
1017 1638 1235 1707 ἀληθῶς
1269 1637 1520 1708 αύτάρκη
1575 1638 1670 1691 καὶ
1703 1637 1872 1690 καθα-

1973 440 2303 504 libertatem,
2349 457 2467 509 qua:
2521 442 2793 495 hominem
2858 443 3086 508 faciunt,
3127 447 3214 498 hic
3273 448 3446 501 vinxit
3493 461 3547 504 et

1955 533 2198 605 subacta
2236 534 2409 586 duxit.
2461 533 2616 598 llinr,
2656 554 2673 584 ι
2720 533 2850 586 Data
2901 548 2978 590 est
3013 537 3142 590 mihi
3179 540 3359 592 omttis
3395 551 3548 608 poto.-

1973 631 2108 682 stas,
2143 623 2336 691 inquit,
2376 622 2429 674 iit
2481 625 2620 677 uelo
2653 633 2705 676 et
2752 626 2802 678 in
2846 627 3071 693 terra";
3110 647 3128 678 ›
3166 628 3307 680 velut
3349 645 3545 682 novum

1972 714 2226 781 quiddam
2257 715 2358 767 sibi
2388 717 2676 769 accidisset
2700 727 2822 771 ante
2853 719 3049 771 smcula
3081 720 3263 772 mundi
3291 720 3544 783 Domino,

1971 807 2230 873 quoniam
2279 822 2402 860 cuni
2460 808 2772 862 ('(elestibus
2837 812 2999 863 etiam
3055 809 3292 864 humana
3351 823 3545 863 natura

1970 913 2318 951 communem
2365 899 2650 952 Dominum
2685 903 2929 967 agnovit.
2961 902 3100 967 Quin
3133 912 3186 955 et
3219 904 3347 955 illud
3393 905 3548 955 Davi-

1969 993 2054 1045 dis
2091 1007 2104 1042 :
2140 1009 2158 1041 t
2190 991 2455 1058 Regnahit
2499 991 2634 1044 Deus
2660 1008 2821 1058 super
2843 1004 3028 1062 gentes
3055 995 3098 1056 “,
3135 1012 3152 1045 ι
3191 995 3293 1047 hoc
3319 1011 3542 1064 regnum

1969 1082 2167 1145 innuit,
2205 1083 2503 1135 secundum
2532 1082 2672 1147 quod
2705 1092 2895 1150 gentes
2929 1087 3350 1152 coneorporales
3395 1099 3542 1151 sunt,

1966 1180 2022 1224 et
2056 1171 2488 1240 comparticipes,
2541 1181 2598 1222 ut
2638 1170 2840 1223 Paulus
2872 1173 3013 1224 ait”.
3055 1174 3186 1225 Nam
3229 1175 3373 1244 quod
3421 1192 3544 1229 cor-

1968 1265 2191 1332 poribus
2222 1273 2274 1317 ct
2306 1264 2593 1318 animabus
2635 1266 2794 1319 simul
2829 1275 2881 1319 et
2914 1270 3079 1320 semel
3107 1269 3176 1320 ita
3212 1269 3400 1320 unitus
3436 1277 3540 1330 est,
3597 1249 3602 1254 ’

1968 1351 2074 1405 hoc
2106 1367 2210 1404 non
2239 1367 2526 1418 corporum
2577 1353 2761 1411 modo.
2815 1352 2910 1406 sed
2968 1357 3271 1407 animarum
3326 1369 3544 1423 quoque

1970 1450 2025 1495 et
2052 1442 2389 1496 voluntatum
2427 1441 2716 1496 Dominum
2743 1446 2888 1508 fecit,
2925 1446 3243 1514 obtinetque
3266 1457 3400 1499 Vere
3429 1448 3546 1500 sul"-

1971 1532 2162 1588 liciens
2197 1546 2251 1588 et
2283 1534 2555 1601 integrum
2589 1550 2838 1604 regnum,
2876 1538 2989 1606 ipse
3027 1538 3154 1591 illud
3183 1555 3278 1607 per
3307 1554 3366 1592 se
3403 1539 3542 1592 sicut

1969 1623 2150 1676 anima
2209 1640 2426 1691 corpus,
2481 1634 2536 1677 et
2581 1629 2824 1682 membra
2878 1631 3208 1699 gubernans.
3260 1631 3550 1700 Reguntur

280 1697 720 1800 pév'ﬁaatkiav,
754 1697 914 1791 αὐτὸς
947 1697 1185 1796 axoni-6U
1215 1697 1698 1797 ἐαυτοῦκαθάπερ
1725 1726 1869 1797 ψυχὴ

1978 1717 2136 1781 enim,
2161 1718 2254 1786 qui
2285 1719 2386 1771 hoc
2405 1718 2594 1786 jugnin
2630 1722 3104 1788 complectendum
3131 1723 3543 1788 existimarunt,

279 1823 449 1892 σῶμα
472 1823 569 1875 καὶ
619 1822 760 1891 μέλη
789 1822 1022 1890 κεφαλή.
1069 1822 1329 1889 Ἀγονται
1371 1822 1479 1893 γὰρ
1531 1822 1580 1874 οἳ
1620 1823 1870 1891 στέργειν

277 1915 376 1968 τὸν
406 1915 576 1982 ζυγὸν
603 1915 864 1987 ᾠήθησαν
883 1915 1093 1979 τοῦτον,
1160 1915 1351 1984 ῶσπερ
1383 1915 1482 1967 οὐκ
1544 1916 1698 1968 αὐτοὶ
1727 1915 1870 1984 λόγῳ

284 2005 744 2070 συζῶντες,οὐδέ
808 2003 1185 2076 προαιρέσεως
1245 2005 1500 2064 συνόντες
1548 2002 1868 2070 αὐτονομίᾳ.

289 2115 308 2150 ι
345 2097 656 2167 Κτηνώδης
683 2097 814 2166 γὰρ,
849 2097 1039 2165 φησὶν,
1069 2095 1341 2166 ἐγενόμην
1383 2097 1532 2165 παρὰ
1589 2097 1692 2156 σοι,
1723 2114 1741 2146 ι
1775 2095 1870 2145 καὶ

283 2190 446 2242 τοῦτό
479 2192 604 2244 ἐστι
656 2188 755 2256 τὴν
781 2188 965 2259 ψυχήν
1009 2206 1130 2242 τινα
1162 2188 1260 2258 τὴν
1291 2189 1486 2241 ἐαυτοῦ
1525 2190 1754 2259 μισῆσαι
1777 2189 1871 2240 καὶ

283 2281 555 2334 ἀπολέσαι
583 2281 676 2333 καὶ
704 2280 774 2334 δι’
800 2276 874 2333 ὧν
903 2280 1169 2334 ἀπόλλυσι
1234 2281 1426 2344 σῶσαι,
1481 2281 1609 2333 ὅταν
1641 2280 1812 2343 οὕτως
1834 2283 1867 2350 ἠ

283 2373 446 2442 καινὴ
476 2374 734 2444 κρατήσῃ
767 2371 966 2435 κτίσις,
992 2373 1086 2426 καὶ
1118 2375 1146 2424 6
1181 2374 1365 2436 καινὸς
1383 2374 1552 2443 Ἀδὰμ
1584 2374 1872 2426 παντάπα-

288 2482 368 2517 σιν
391 2464 696 2534 ἀποκρύψῃ
719 2466 810 2515 τὸν
838 2464 1093 2531 παλαιὸν,
1127 2465 1222 2519 καὶ
1253 2465 1377 2517 οὔτε
1411 2467 1718 2534 γεννήσεως
1746 2464 1870 2517 οὔτε

287 2555 429 2624 ζωῆς
461 2555 590 2608 οὔτε
618 2554 878 2625 τελευτῆς
908 2557 1064 2611 οὐδὲν
1101 2560 1200 2628 τῆς
1252 2559 1491 2622 παλαιᾶς
1521 2561 1869 2631 ’,περιλειφθῇ

287 2650 540 2720 ζύμης.-

351 2743 466 2795 Καὶ
496 2742 607 2810 γὰρ
632 2741 707 2812 τῷ
734 2741 946 2812 παλαιῷ
986 2743 1087 2811 μὲν
1110 2744 1218 2797 ἀπὸ
1253 2747 1353 2814 τῆς
1384 2745 1485 2814 γῆς
1528 2745 1758 2814 συνέστη
1811 2745 1872 2796 τὸ

287 2834 468 2903 σῶμα,
497 2836 528 2886 6
565 2835 622 2886 δὲ
655 2835 774 2898 νέος
809 2838 875 2888 ἐκ
907 2836 1065 2901 Θεοῦ,
1097 2837 1288 2906 φησιν,
1319 2839 1611 2906 ἐγεννήθη,
1641 2839 1736 2890 καὶ
1769 2837 1872 2902 τῆς

287 2927 428 2996 ζωῆς
454 2926 516 2978 δέ
565 2927 838 2997 ἑκατέρας
888 2928 1205 2998 ήτράπεζα
1257 2929 1550 3000 μαρτύρων
1608 2929 1869 2999 ἑκατέρα*

1967 1812 2126 1880 quasi
2161 1826 2264 1864 non
2297 1826 2417 1865 cum
2471 1829 2566 1866 sua
2619 1818 2830 1868 ratione
2898 1818 3164 1872 viverent.
3205 1833 3302 1869 nec
3360 1817 3548 1868 volnu-

1974 1909 2084 1952 tate
2133 1901 2302 1954 libera
2354 1913 2656 1958 uterentur.
2696 1906 2784 1960 Ait
2815 1909 2959 1962 enim
3010 1928 3025 1964 :
3079 1929 3098 1962 ι
3153 1911 3551 1983 ULiumetttum

1972 1990 2149 2046 factus
2178 2008 2298 2046 sum
2330 1997 2468 2061 apud
2493 2005 2543 2050 te
2565 1997 2631 2051 '°.
2676 2017 2694 2050 ι
2726 2000 2790 2054 Ει
2825 2000 2929 2055 hoc
2960 2013 3041 2056 est
3078 2004 3314 2073 aliquem
3346 2009 3550 2074 odisse,

1972 2094 2026 2139 et
2059 2085 2283 2153 perdere
2321 2088 2560 2141 animam
2612 2105 2790 2154 suam,
2824 2101 2877 2145 et
2910 2095 3037 2162 quia
3064 2097 3266 2164 perdit,
3305 2114 3549 2161 servare,

1973 2176 2194 2245 quando
2253 2177 2329 2230 ita
2389 2179 2668 2232 dominata
2725 2181 2891 2236 fuerit
2974 2201 3112 2238 nova
3174 2198 3448 2254 creatura,
3500 2199 3555 2243 ct

1975 2283 2148 2322 novus
2171 2269 2342 2324 Adam
2364 2272 2700 2327 omnimodis
2731 2284 2967 2329 veterem
3002 2280 3356 2348 oppresserit,
3387 2283 3554 2336 nihil-

1973 2375 2079 2427 que
2127 2361 2518 2430 generationis,
2577 2364 2712 2417 nihil
2753 2365 2898 2431 vitae,
2955 2368 3090 2423 nihil
3139 2373 3356 2439 mortis,
3411 2374 3551 2429 nihil

1974 2451 2175 2506 veteris
2205 2452 2459 2505 fermenti
2487 2453 2738 2508 relictum
2777 2453 2966 2510 fuerit.

2046 2723 2260 2778 Etenim
2315 2736 2486 2780 veteri
2547 2725 2771 2794 quidem
2825 2727 3038 2784 Adamo
3084 2739 3298 2786 eterra
3352 2748 3554 2802 corpus

1975 2831 2417 2890 coagmentatum
2468 2832 2592 2888 est;
2641 2838 2814 2877 novus
2859 2837 3040 2878 autem
3095 2839 3160 2879 ex
3193 2827 3321 2891 Deo,
3358 2826 3554 2896 inquit,

1974 2925 2134 2968 natus
2179 2924 2279 2980 est,
2327 2916 2616 2985 utriusque
2659 2917 2784 2971 vitae
2827 2927 3056 2987 utraque
3086 2934 3273 2973 mensa
3307 2921 3558 2973 testiino-

285 3019 382 3087 τὴν
415 3019 519 3087 μὲν
549 3020 658 3087 γὰρ
684 3018 888 3089 ἀνῆκεν
927 3020 960 3088 ή
991 3019 1090 3087 γῆ,
1130 3019 1224 3072 τὸν
1265 3019 1323 3071 δὲ
1363 3022 1550 3074 καινὸν
1585 3019 1869 3091 ἄνθρωπον

285 3113 310 3153 Α
336 3112 666 3153 eia-muniunt:
702 3111 810 3153 ἀπὸ
842 3112 952 3153 τῶν
999 3114 1219 3153 ηἰνρῖιηυ
1250 3113 1437 3153 enim“
1496 3115 1714 3153 ηηηνιῖιυ
1776 3115 1867 3153 Anii

1983 3007 2132 3060 nium
2183 3015 2289 3060 est.
2333 3003 2486 3059 Illam
2522 3006 2706 3075 quidet
2794 3007 2953 3062 tellus
3004 3009 3310 3073 submittit;
3355 3025 3556 3063 novum

1980 3109 2158 3152 autem
2207 3099 2486 3153 hominem
2521 3023 2760 3153 caelesti
2794 3100 2860 3153 de
2895 3116 2992 3153 sua
3021 3117 3185 3153 carne
3220 3105 3337 3153 alit.
3374 3104 3556 3153 Quare

283 3113 310 3165 6
336 3112 666 3183 ἐπουράνιος
702 3111 810 3165 ἀπὸ
842 3112 952 3166 τῶν
999 3114 1219 3166 οἰκείων
1250 3113 1440 3182 τρέφει
1496 3115 1735 3184 σαρκῶν.
1769 3115 1870 3168 Διὰ

285 3203 457 3257 ταῦτα
497 3202 592 3255 καὶ
613 3202 941 3264 ἀναλύοντες
971 3203 999 3254 6
1033 3201 1132 3271 μὲν
1155 3204 1234 3264 εἰς
1260 3203 1357 3271 τὴν
1398 3203 1502 3272 γῆν
1538 3202 1868 3271 ἐπανῆλθεν,

284 3295 339 3361 ἐξ
383 3288 454 3365 ἦς
489 3293 788 3364 προῆλθεν,
832 3296 860 3346 ὁ
908 3294 966 3346 δέ
997 3294 1079 3357 εἰς
1126 3295 1218 3346 τὸν
1266 3292 1504 3363 Χριστὸν
1561 3294 1866 3363 ἐχώρησεν,

285 3389 403 3443 ὅθεν
433 3389 672 3457 ἐλήφθη,
703 3387 800 3441 καὶ
821 3389 888 3456 τῇ
912 3386 1007 3439 τοῦ
1041 3385 1465 3456 προενεγκόντος
1491 3387 1632 3457 ἀρχῇ
1667 3388 1870 3441 κατάλο

285 3479 444 3548 ληλον
487 3479 756 3547 ἑκάτερος
781 3480 1021 3531 ποιεῖται
1059 3477 1158 3548 τὴν
1189 3477 1469 3548 τελευτήν·
1525 3497 1544 3530 t
1583 3473 1710 3542 Οἷος
1734 3480 1865 3552 γὰρ,

287 3572 476 3641 φησιν,
533 3571 562 3621 6
589 3571 796 3640 χοῖκὸς,
850 3567 1084 3622 τοιοῦτοι
1117 3571 1210 3621 καὶ
1244 3570 1293 3620 οἱ
1330 3571 1527 3638 χοῖκοὶ,
1581 3573 1677 3624 καὶ
1706 3567 1816 3634 οἷος
1841 3573 1868 3624 ὁ

285 3661 638 3730 ἐπουράνιος,
662 3660 895 3712 τοιοῦτοι
927 3661 1021 3712 καὶ
1052 3661 1101 3712 οἱ
1135 3660 1470 3731 ἐπουράνιοι,
1504 3680 1522 3710 ι
1559 3663 1654 3715 καὶ
1681 3663 1739 3715 ού
1769 3663 1870 3732 τῆς

285 3758 465 3824 ψυχῆς
503 3753 671 3806 ἕνεκα
706 3754 892 3823 μόνον,
915 3751 1052 3806 ἀλλὰ
1083 3755 1180 3807 καὶ
1221 3753 1318 3806 τοῦ
1367 3753 1622 3824 σώματος
1677 3755 1864 3808 αὑτοῦ.

287 3850 396 3901 Καὶ⁸
421 3847 560 3901 αὐτὸ
611 3847 723 3916 γὰρ
759 3847 1110 3916 ἐπουράνιον,
1166 3847 1419 3916 καθάπερ
1465 3849 1526 3900 τὸ
1587 3847 1868 3914 συναμφόο

286 3957 445 4010 τερον
478 3940 598 3992 ἐκεῖ
628 3939 836 4007 χοῖκόψ
873 3939 908 4007 ἦ
939 3955 996 3991 τε
1025 3940 1132 4010 γὰρ
1160 3938 1307 4009 ψυχὴ
1361 3941 1462 4001 τὰς
1511 3941 1698 4008 χεῖρας
1730 3941 1870 3991 οἰκεῖ

287 4034 379 4086 τοῦ
412 4033 750 4102 ἐπουρανίου
786 4033 848 4084 τό
880 4048 940 4084 τε
973 4031 1134 4101 σῶμα
1162 4033 1327 4101 μέλος
1373 4031 1604 4094 ἐκείνου,
1643 4034 1738 4085 καὶ
1762 4032 1866 4100 ψυ-

289 4127 392 4196 χῆς
424 4128 526 4195 μὲν
558 4126 620 4178 οὐ
652 4125 898 4194 μετέχει,
928 4123 1022 4177 τοῦ
1048 4125 1104 4177 δέ
1127 4123 1332 4188 ζῶντος
1367 4125 1678 4196 πνεύματος
1708 4126 1868 4196 γέμει

293 4221 384 4271 καὶ
409 4221 477 4288 ζῇ
513 4217 652 4288 μετὰ
685 4220 786 4285 τὴν
806 4217 1065 4286 τελευτὴν
1088 4217 1186 4285 τῆς
1206 4217 1482 4288 προτέρας
1523 4219 1664 4290 ζωῆς
1686 4219 1796 4272 οὐδ’
1817 4220 1871 4271 ὀ-

292 4329 380 4365 σον
418 4313 601 4363 εἰπεῖν
634 4309 862 4375 καλλίω,
893 4309 1017 4361 ἐπεὶ⁴
1068 4307 1192 4378 μηδ’
1219 4309 1496 4362 ἀπέθανεν
1524 4309 1740 4378 ἀληθῶς
1770 4309 1869 4377 τὴν

1980 3109 2158 3152 autem
2207 3099 2486 3153 hominem
2521 3099 2760 3154 caelestis
2794 3100 2860 3155 de
2895 3116 2992 3155 sua
3021 3117 3185 3157 carne
3220 3105 3337 3156 alit.
3374 3104 3558 3170 Quare

1977 3199 2032 3244 et
2084 3206 2207 3245 cum
2259 3190 2658 3256 dissolvuntur,
2711 3192 2802 3246 ille
2837 3193 2890 3246 in
2929 3202 3130 3248 terrain
3160 3195 3319 3259 redit,
3348 3213 3414 3251 ex
3450 3215 3558 3268 qua

1979 3286 2178 3356 prodiit
2213 3304 2226 3341 :
2256 3285 2347 3340 hic
2395 3287 2460 3340 ad
2511 3285 2790 3341 Christum
2829 3289 3008 3360 _vadit,
3061 3292 3203 3345 unde
3241 3305 3558 3364 assumptus

1979 3386 2082 3441 est,
2129 3387 2183 3430 et
2226 3387 2456 3446 uterque
2497 3376 2750 3446 dignitati
2803 3377 3079 3434 eliectoris
3114 3382 3198 3436 sui
3229 3383 3389 3438 finem
3424 3402 3559 3440 con-

1979 3481 2173 3535 gruum
2273 3466 2424 3520 facit.
2466 3483 2484 3516 t
2541 3467 2730 3533 Qualis
2801 3472 2947 3522 enim
3032 3471 3229 3549 inquit,
3289 3483 3559 3542 terrenus,

1978 3559 2114 3613 tales
2154 3567 2208 3612 et
2257 3559 2484 3620 terreni,
2539 3568 2594 3612 et
2623 3559 2801 3628 qualis
2826 3561 3086 3625 ctelestis,
3128 3566 3264 3618 tales
3306 3575 3358 3619 et
3397 3567 3562 3622 Ctele-

1980 3649 2156 3704 stes”
2187 3665 2202 3715 ;
2239 3667 2258 3700 ι
2297 3663 2398 3703 nec
2441 3659 2666 3718 propter
2698 3649 2938 3705 animam
2984 3661 3220 3718 tantum,
3255 3658 3347 3711 sed
3394 3660 3559 3714 etiam

1979 3752 2199 3811 propter
2227 3755 2425 3809 corpus
2450 3740 2664 3808 ipsum;
2700 3758 2825 3794 natn
2859 3754 2914 3798 et
2944 3745 3122 3814 ipsum
3157 3747 3399 3814 coaleste,
3432 3767 3562 3820 quo-

1978 3837 2139 3887 modo
2187 3843 2479 3902 utrumque
2540 3833 2615 3888 ibi
2674 3835 2839 3888 simul
2895 3847 3191 3893 terrenum.
3253 3841 3317 3895 Et
3373 3845 3559 3899 anima

1978 3925 2181 3994 quippe
2229 3925 2283 3978 in
2317 3927 2567 3979 manibus
2599 3922 2813 3980 habitat
2857 3929 3120 3995 cmlestis,
3152 3940 3209 3985 et
3239 3947 3440 4003 corpus
3478 3949 3561 3993 est

1979 4023 2283 4075 membrum
2319 4021 2483 4076 illius.
2523 4022 2587 4076 Et
2612 4025 2850 4078 animam
2885 4026 3103 4095 quidem
3141 4045 3246 4082 non
3281 4032 3465 4096 habet,
3503 4043 3560 4086 at

1978 4117 2173 4184 spiritu
2212 4116 2442 4170 viventis
2487 4118 2705 4185 plenutn
2747 4129 2863 4186 est;
2908 4129 2961 4174 et
3011 4133 3136 4192 post
3170 4125 3328 4178 linem
3361 4128 3558 4196 prioris

1979 4208 2100 4261 vitae
2159 4208 2370 4263 felicius
2415 4210 2548 4263 vivit
2586 4227 2750 4280 quam
2791 4213 2898 4266 dici
2929 4218 3127 4284 possit;
3162 4218 3430 4283 siquidem
3459 4235 3562 4276 nec

1981 4318 2105 4357 vere
2159 4313 2432 4357 mortuum
2490 4313 2574 4359 est
2623 4307 2869 4360 omnino.
2928 4311 3019 4362 Ait
3072 4312 3218 4365 enim
3271 4314 3556 4381 Salomon,

292 4405 488 4472 ἀρχήν·
523 4420 544 4452 ι
567 4398 795 4465 Ἐδοξαν
819 4400 949 4470 γὰρ,
974 4401 1106 4469 φησὶ
1126 4398 1402 4470 Σολομὼν,
1429 4400 1703 4466 τεθνάναι,
1732 4420 1750 4450 ι
1776 4401 1869 4455 καὶ

1982 4415 2001 4449 ι
2042 4396 2154 4452 Visi
2208 4409 2336 4452 sunt
2372 4399 2534 4462 mori,
2571 4416 2590 4449 ι
2629 4415 2731 4453 nec
2779 4401 2832 4455 id
2873 4403 3233 4478 sapientibus,
3288 4408 3380 4462 sed
3419 4425 3439 4459 ι
3476 4408 3561 4463 in-

292 4496 346 4547 ού
381 4497 496 4556 τοῖς
527 4491 590 4545 εὖ
618 4493 928 4562 φρονοῦσιν,
954 4511 973 4544 ι
996 4493 1110 4545 ἀλλ’
1139 4493 1196 4544 ἐν
1219 4492 1470 4562 ἀφρόνων
1497 4492 1819 4562 ὀφθαλμοῖς.
1848 4512 1866 4544 ι

295 4589 566 4658 Καθάπερ
601 4586 700 4655 γὰρ
735 4608 754 4637 ι
777 4587 806 4638 6
826 4584 1061 4655 Χριστὸς
1088 4585 1336 4654 ἐγερθεὶς
1360 4587 1423 4637 ἐκ
1453 4583 1662 4655 νεκρῶν
1689 4584 1873 4637 οὐκέτι

294 4678 898 4747 ἁποθνήσκει,θάνατος
930 4675 1096 4729 αὐτοῦ
1135 4677 1321 4728 οὐκέτι
1358 4675 1626 4744 κυριεύει,
1670 4694 1689 4726 ι
1731 4674 1876 4728 οὕτω

293 4772 359 4822 τὰ
385 4771 626 4838 Χριστοῦ
669 4770 805 4840 μέλη
842 4769 1072 4822 θάνατον
1120 4768 1180 4819 οὑ
1224 4769 1299 4836 μὴ
1345 4766 1604 4837 θεωρήσῃ
1644 4768 1724 4830 είς
1783 4766 1877 4818 τὸν

296 4863 490 4915 αἰῶνα·
534 4861 649 4922 πῶς
674 4863 782 4929 γὰρ
812 4860 876 4913 ἂν
901 4860 1158 4927 γεύσαιτο
1189 4859 1422 4912 θανάτου
1448 4859 1548 4928 τῆς
1584 4858 1763 4929 ζώσης
1790 4858 1879 4911 ἀεὶ

297 4955 520 5023 καρδίας
558 4953 760 5022 ὲξηρτη
772 4954 906 5021 μένα
935 4969 952 5017 ;

368 5048 434 5099 Et
465 5047 522 5098 δέ
547 5047 694 5107 κόνις
726 5047 788 5096 τὸ
815 5043 1096 5114 ὁρώμενον
1123 5043 1220 5096 καὶ
1255 5043 1419 5097 πλέον
1462 5043 1634 5107 οὐδὲν,
1665 5043 1726 5095 ού
1769 5042 1875 5114 χρὴ

299 5137 624 5208 θαυμάζειν.
681 5137 742 5189 '0
779 5137 878 5205 μὲν
927 5136 1036 5205 γὰρ
1088 5121 1318 5199 πλὸῦτος
1376 5137 1542 5190 ἔνδον·
1584 5153 1604 5187 t
1663 5137 1727 5188 Ἦ
1763 5136 1876 5207 ζωὴ

301 5233 430 5300 γὰρ,
475 5232 666 5300 φησιν,
730 5228 886 5298 ὑμῶν
939 5231 1282 5298 κέκρυπται,
1313 5246 1332 5280 ι
1400 5228 1430 5279 6
1475 5227 1536 5280 δὲ
1603 5227 1876 5297 θησαυρὸς

304 5323 626 5394 ὼτρὰκινον
649 5321 865 5380 σκεῦος.
903 5337 924 5372 ι
972 5321 1210 5390 Ἐχομεν
1266 5320 1373 5387 γὰρ
1402 5319 1492 5373 τὸν
1526 5322 1758 5372 πλοῦτον
1816 5321 1876 5372 ἐν

304 5412 652 5482 ὀστρακίνοις
679 5412 922 5476 σκεύεσι,
956 5427 975 5461 ι
1016 5411 1228 5473 Παῦλος
1285 5406 1459 5464 εἶπεν·
1505 5410 1627 5465 ὅθεν
1676 5409 1756 5476 οἷς
1810 5412 1878 5465 τὰ

383 5613 616 5670 ’Με“ιὶι.
665 5630 859 5678 xxvttt,
903 5614 991 5670 18.
1103 5615 1298 5672 ‘Psal.
1346 5632 1514 5676 van.
1573 5621 1628 5672 9.
1680 5661 1690 5672 .

317 5683 364 5768 ξ’
397 5684 528 5758 Sap.
572 5701 654 5756 tu,
684 5685 742 5758 2.
822 5687 865 5719 “
894 5684 1055 5742 Rom.
1100 5702 1172 5754 vt,
1214 5689 1267 5743 9.
1349 5691 1391 5721 ιδ
1423 5689 1636 5746 Coloss.
1694 5704 1774 5759 tu,
1815 5683 1869 5746 3.

1740 5621 1760 5650 ν
1793 5617 1992 5688 Ephes.
2039 5635 2119 5682 ιιι,
2165 5619 2219 5674 6.

1975 4488 2292 4557 sipientium
2322 4485 2498 4569 oculis
2519 4491 2591 4546 “.
2631 4511 2649 4544 ι
2673 4493 2830 4547 Sicut
2859 4499 3004 4548 enim
3047 4514 3064 4546 ι
3090 4498 3342 4552 Christus
3376 4515 3556 4555 resur-

1977 4595 2108 4650 gens
2129 4596 2196 4635 ex
2229 4582 2485 4646 mortuis,
2523 4583 2634 4651 jam
2673 4601 2782 4637 non
2812 4586 3068 4651 moritur,
3116 4604 3266 4641 mors
3306 4590 3385 4643 illi
3416 4593 3555 4645 ultra

1979 4686 2087 4724 non
2117 4672 2491 4726 dominabitttr
2515 4673 2594 4728 "z
2634 4692 2652 4725 ι
2688 4675 2767 4728 sic
2796 4676 2996 4730 Christi
3041 4680 3281 4733 membra
3325 4692 3557 4737 mortem

1980 4779 2086 4818 non
2118 4763 2380 4818 videbunt
2435 4766 2486 4818 in
2519 4775 2808 4820 aeternum.
2852 4767 3132 4832 Quomodo
3176 4774 3320 4825 enim
3370 4785 3560 4844 gusta--

1981 4865 2104 4910 rent
2137 4866 2392 4921 mortem,
2445 4874 2566 4928 qua:
2616 4873 2643 4911 a
2691 4861 2856 4913 corde
2905 4877 3121 4932 semper
3168 4862 3381 4920 vivente
3425 4883 3559 4938 pen-

1980 4948 2144 5002 dent?

2053 5040 2206 5106 Quod
2230 5041 2274 5096 si
2300 5042 2438 5096 nihil
2470 5053 2552 5098 est
2591 5056 2783 5113 praster
2830 5047 3104 5116 pulverem
3141 5050 3286 5118 quod
3321 5052 3560 5116 videtur,

1980 5133 2117 5187 nihil
2143 5135 2381 5202 mirum;
2413 5137 2615 5190 divitiae
2639 5139 2781 5192 enirn
2826 5150 2954 5194 sunt
2989 5143 3158 5196 intus.
3193 5161 3211 5194 ι
3257 5142 3376 5198 Vita
3411 5149 3556 5200 enim

1981 5236 2160 5281 vestra
2181 5228 2501 5282 abscondita
2537 5239 2620 5284 est
2648 5229 2718 5296 ¹⁸,
2758 5251 2775 5282 ι
2813 5232 3013 5302 inquit.
3046 5233 3112 5288 Et
3153 5237 3444 5293 thesaurus
3475 5249 3560 5292 est

1983 5321 2037 5374 in
2063 5336 2190 5376 vase
2219 5321 2390 5375 fictili.
2436 5339 2454 5371 ι
2490 5321 2764 5379 Habemus
2794 5329 2965 5392 cutim,
3001 5329 3194 5398 inquit.
3239 5332 3554 5384 thesaurum

1986 5414 2134 5468 hunc
2164 5413 2219 5467 in
2244 5416 2389 5469 vasis
2418 5413 2678 5471 ﬁctilibus
2717 5417 2783 5471 ¹⁸.
2819 5437 2836 5469 ι
2877 5419 3029 5475 Unde
3051 5420 3251 5488 quibus
3281 5436 3399 5488 qua:
3421 5419 3556 5476 foris

2327 5621 2370 5652 ¹⁰
2409 5622 2551 5678 Psal.
2605 5639 2792 5689 Lxxm,
2823 5623 2912 5679 22.

3027 5623 3115 5678 ¹¹1
3169 5623 3294 5680 Cor.
3347 5638 3434 5691 xv,
3465 5624 3560 5683 48.

1950 5692 1991 5724 ³⁸
2033 5691 2232 5763 ιι-(λυτ.
2269 5707 2345 5758 tv,
2380 5692 2429 5746 7.
