3920 6206
469 219 576 279 633

1728 213 1774 271 N
1790 211 2034 270 [COLAI
2078 210 2164 267 CA
2179 212 2342 272 BASI
2359 213 2468 274 [ΑΞ

3549 226 3638 291 ιιι

468 341 596 389 sunt
625 340 888 404 apparent
934 339 1164 396 tantum,
1205 332 1280 384 illi
1305 331 1479 385 lutum
1513 329 1894 384 tantummodo
1927 342 2048 383 cera

2155 326 2360 399 θύραζε
2390 332 2641 398 φαίνεται
2675 331 2859 400 μόνον.
2916 333 2945 385 6
2974 331 3141 401 πηλὸς
3188 335 3251 388 ἀν
3309 336 3461 406 όρῷτο
3510 343 3640 409 μόνος

471 435 645 490 nunt;
680 424 936 480 Christus
969 434 1148 477 autem
1183 437 1308 477 cum
1337 425 1674 491 apparuerit,
1715 421 1881 476 etiam
1933 422 2049 489 ipse

468 515 648 582 pulvis
689 530 786 569 sua
817 512 1221 584 pulchritudine
1264 511 1600 580 conspicuus
1647 515 1773 576 erit,
1823 513 2048 581 quando

471 613 532 657 ut
566 605 870 658 membrum
904 604 1050 656 illius
1101 602 1773 672 fulguris-conspicietur,
1820 614 1872 655 et
1899 602 2051 657 simi-

471 696 538 748 lis
567 695 672 749 erit
735 695 859 759 soli,
883 696 1110 763 parique
1137 694 1386 748 claritate
1425 695 1760 749 coruscahit.
1798 714 1816 744 ι
1858 694 2050 764 Fulge-

469 788 603 842 ltuttt
649 788 806 856 justi,
855 787 1052 858 inquit,
1101 791 1242 842 sicut
1284 789 1364 844 sol
1419 789 1473 842 in
1526 803 1693 856 regno
1746 788 1922 842 Patris
1949 803 2047 844 eo-

470 896 589 935 rum
629 881 708 946 ¹⁶;
740 898 757 930 t
798 895 1029 949 regnum
1064 880 1238 934 Patris
1266 895 1467 934 vocans
1492 881 1673 934 radios
1709 881 1826 935 illos
1848 882 2050 951 quibus

470 973 589 1040 ipse
624 971 918 1040 splendens
946 973 1099 1026 visus
1137 982 1222 1027 est
1253 973 1540 1040 apostolis,
1601 975 1778 1042 ipsum
1820 989 2048 1045 regnum

469 1071 523 1114 ct
557 1061 698 1130 quod
752 1061 900 1115 venit
953 1063 1006 1114 in
1073 1063 1290 1137 virtute,
1334 1063 1479 1116 sicut
1538 1063 1654 1132 ipse
1679 1064 1778 1126 ait,
1813 1065 1898 1119 his
1953 1064 2046 1133 qui

469 1169 594 1207 eum
641 1152 918 1208 viderunt.
955 1153 1262 1224 Fulgchuttt
1293 1163 1474 1209 autem
1514 1164 1566 1210 et
1590 1156 1724 1224 justi
1755 1159 1808 1210 in
1844 1157 2050 1212 dieillo

471 1259 578 1298 una
617 1244 866 1300 claritate
917 1254 972 1299 et
1023 1246 1220 1314 gloria,
1276 1247 1360 1301 his
1399 1247 1618 1314 quidem
1677 1251 2046 1318 susceptione,

473 1337 592 1405 ipso
643 1348 824 1390 autem
906 1338 1407 1393 communicatione
1475 1341 1830 1397 micantibus.
1885 1341 2048 1399 Panis

473 1429 618 1483 enim
655 1429 763 1492 hic,
789 1443 988 1498 corpus
1020 1429 1143 1492 hoc,
1173 1429 1318 1498 quod
1353 1429 1481 1484 hinc
1504 1430 1572 1484 ab
1601 1431 1700 1486 hac
1743 1447 1931 1487 mensa
1979 1447 2046 1486 eo

473 1529 752 1591 portantes
789 1519 1029 1579 venient,
1067 1519 1168 1572 hoc
1197 1527 1300 1582 est,
1340 1518 1484 1588 quod
1518 1535 1686 1587 super
1714 1520 1886 1574 nubes
1919 1529 2048 1576 tunc

472 1613 722 1666 omnium
763 1611 938 1665 oculis
984 1610 1375 1678 conspicietur,
1431 1611 1744 1679 orientique
1796 1619 1853 1665 et
1897 1610 2046 1666 occi—

471 1705 621 1761 denti
657 1705 830 1759 instar
861 1703 1112 1772 fulguris,
1145 1712 1348 1771 puncto
1373 1703 1654 1772 temporis,
1684 1703 2045 1771 pulchritudi-

473 1811 596 1850 ttem
652 1811 808 1850 suam
864 1793 1284 1847 demonstrabit.
1331 1791 1466 1847 Cum
1507 1795 1607 1848 hoc
1652 1795 1806 1848 radio
1855 1796 2044 1850 vivunt

474 1887 673 1949 sancti,
718 1896 767 1939 et
796 1900 826 1938 a
868 1883 1104 1937 mortuis
1131 1883 1220 1937 lux
1263 1899 1369 1937 non
1401 1884 1642 1949 recedit;
1685 1885 1864 1939 lumen
1895 1885 2044 1940 enim

469 1980 637 2049 justis
673 1993 886 2047 semper
912 1976 1084 2042 adest,
1115 1986 1168 2032 et
1186 1975 1256 2030 ad
1287 1976 1456 2029 vitam
1493 1976 1640 2030 illam
1671 1978 1774 2032 hoc
1804 1977 2046 2033 illustra-

472 2070 512 2124 ti
546 2069 888 2138 perveniunt,
946 2081 1182 2136 quocum
1229 2081 1444 2136 semper
1498 2067 1735 2133 luerunt,
1796 2070 1862 2123 ad
1912 2069 2043 2124 illttd

475 2172 605 2216 tunc
636 2169 958 2216 currentes.
979 2159 1135 2225 Quod
1167 2162 1313 2213 enim
1362 2159 1560 2230 cuique
1587 2169 1717 2216 tunc
1761 2177 2047 2232 resurgen-

475 2252 608 2306 tium
654 2250 889 2313 eveniet,
938 2257 995 2303 ut
1026 2264 1173 2316 ossa,
1207 2259 1259 2304 et
1281 2259 1495 2318 .partes,
1552 2260 1606 2304 et
1633 2253 1877 2306 membra
1916 2267 2044 2307 cum

475 2342 654 2412 capite
689 2341 756 2394 ad
790 2340 1153 2409 integritatem
1181 2341 1398 2410 corpori
1436 2341 1813 2398 illustrandatn
1843 2359 2046 2400 conve-

461 2427 648 2497 niant,
707 2433 811 2484 hoc
856 2431 981 2485 item
1026 2429 1245 2486 Christo
1279 2431 1568 2496 Salt'atori,
1621 2437 1898 2490 communi
1929 2452 2048 2496 om-

476 2527 630 2579 nium
662 2523 824 2592 capiti
857 2524 1158 2593 continget.
1193 2523 1410 2580 Etenim
1433 2541 1597 2595 super
1627 2527 1802 2584 nubes
1830 2539 2043 2584 tantum

473 2632 792 2680 coruscans,
824 2617 1044 2686 propria
1080 2617 1441 2686 undecunque
1501 2619 1742 2674 membra
1795 2623 2040 2691 recipiet,

460 2707 621 2770 :Deus
677 2709 731 2762 in
791 2707 973 2762 medio
1020 2708 1273 2773 deorum,
1337 2709 1621 2778 speciosus
1668 2713 2045 2781 speciosorum

471 2803 708 2873 agminis
735 2803 1076 2873 coryphaeus.
1111 2800 1178 2854 Et
1209 2802 1669 2871 quemadmodum
1693 2819 1860 2859 onera
1881 2807 2044 2873 elata,

2072 1661 2116 1716 Β

473 2896 706 2951 vinculis
739 2893 1122 2948 cohibentibus
1152 2894 1427 2963 diruptis,
1459 2895 1512 2948 in
1559 2904 1758 2950 terram
1793 2898 2044 2965 tendunt,
2116 2938 2133 2957 ς

2152 420 2244 472 τοῦ
2269 421 2510 488 Χριστοῦ
2541 422 2962 491 διαδειχθέντος,
2999 425 3090 476 καὶ
3115 425 3145 491 ἡ
3181 427 3321 489 κόνις
3343 429 3465 500 αὓτη
3507 434 3560 486 τὸ
3575 439 3644 488 οἰ.

2151 509 2297 560 κεῖον
2329 509 2658 575 ἐπιδείξεται
2701 511 2917 575 κάλλος,
2947 513 3036 566 ὅτε
3061 513 3156 582 τῆς
3184 516 3445 585 ἀστραπῆς
3467 522 3644 592 ἐκείνης

2152 600 2314 668 μέλος
2339 601 2474 656 οὖσα
2504 606 2756 672 φανεῖται
2786 606 2881 658 καὶ
2910 610 3280 676 προσαρμόσει
3328 610 3403 680 τῷ
3433 612 3549 683 ἡλίῳ
3570 619 3648 670 καὶ

2149 689 2249 758 τὴν
2275 693 2472 744 ἀκτῖνα
2501 693 2684 762 κοινὴν
2705 695 2926 764 ἀφήσει.
2965 714 2984 746 ι
3018 695 3296 766 Λάμψουσι
3341 702 3458 768 γὰρ.
3497 707 3646 772 φησὶν,

2149 783 2200 833 οί
2224 781 2422 835 δίκαιοι
2443 785 2518 846 ὡς
2549 785 2578 836 6
2616 785 2767 854 ἥλιος
2829 788 2887 838 ἐν
2939 791 3007 859 τῇ
3043 787 3284 860 βασιλείᾳ
3341 792 3426 843 τοῦ
3475 794 3652 864 Πατρὶις

2151 871 2354 933 αὐτῶν,
2397 891 2415 924 ι
2456 873 2736 942 βασιλείαν
2778 875 2871 927 τοῦ
2903 876 3113 945 Πατρός
3145 878 3240 948 τὴν
3275 879 3451 936 ἀκτῖνα
3504 886 3652 939 καλῶν

2149 962 2388 1034 ἐκείνην,
2427 965 2633 1036 καθ’ἥν
2660 967 2817 1036 ὤφθη
2852 969 2952 1036 μὲν
2983 969 3146 1032 αὐτὸς
3172 969 3393 1039 λάμπων
3425 978 3524 1039 τοῖς
3547 979 3655 1030 ἀπο·

2151 1053 2382 1117 στόλοις,
2407 1056 2581 1126 αὐτὴν
2619 1056 2719 1130 τὴν
2780 1056 3062 1126 βασιλείαν
3119 1058 3213 1112 τοῦ
3242 1059 3392 1123 Θεοῦ.
3443 1066 3655 1135 καθάπερ

2149 1146 2311 1209 αὑτός
2341 1165 2527 1216 φησιν,
2560 1148 2884 1218 ἐληλυθυῖαν
2925 1153 2984 1202 ἐν
3043 1150 3290 1232 δυνάμει.
3314 1153 3652 1225 τεθεαμένοις·

2147 1236 2422 1308 λάμψουσι
2447 1239 2615 1293 δὲκαὶ
2650 1241 2701 1292 οί
2729 1240 2929 1294 δίκαιοι
2965 1242 3060 1295 ἐπὶ
3085 1242 3184 1312 τῆς
3229 1245 3440 1316 ἡμέρας
3477 1249 3657 1319 ἐκείνης

2151 1330 2284 1399 μίαν
2314 1329 2677 1400 λαμπρότητα
2711 1331 2806 1384 καὶ
2832 1332 3014 1398 δόξαν,
3043 1333 3152 1385 τῶν
3187 1333 3290 1404 ’μὲν
3318 1336 3398 1405 τῷ
3422 1337 3657 1407 δέχεσθαι,

2148 1420 2241 1474 τοῦ
2269 1421 2328 1475 δὲ
2368 1422 2446 1488 τῷ
2481 1423 2720 1476 διαδόναι
2783 1424 3245 1494 φαιδρυνομένων.
3309 1427 3365 1479 '0
3390 1430 3488 1498 γὰρ
3525 1430 3663 1497 ἄρτος

2147 1504 2325 1574 οὗτος,
2349 1511 2410 1564 τὸ
2445 1512 2606 1580 σῶμα
2633 1512 2812 1578 τοῦτο,
2849 1514 2990 1584 ὅπερ
3042 1514 3284 1568 ἐνθένδεν
3319 1517 3420 1571 ἀπὸ
3452 1519 3538 1588 τῆς
3557 1537 3663 1589 τρα-

2149 1601 2321 1670 πέζης
2360 1603 2560 1672 ταύτης
2593 1604 2709 1656 ἐκεῖ
2745 1603 3068 1670 κομίζοντες
3114 1606 3321 1676 ἥξουσι,
3378 1609 3522 1664 τοῦτό
3543 1615 3662 1666 ἐστιν

2144 1692 2279 1760 ὅπερ
2305 1693 2522 1746 ἐπὶτῶν
2546 1693 2783 1761 νεφελῶν
2804 1694 2922 1747 τότε
2939 1697 3186 1763 φανεῖται
3219 1699 3375 1750 πᾶσιν
3389 1699 3661 1771 ὀφθαλμοῖς,

2145 1784 2240 1838 καὶ
2262 1785 2424 1848 δείξει
2450 1784 2550 1854 τὴν
2580 1785 2734 1854 ὥραν
2759 1787 2990 1858 ἀνατολῇ
3016 1788 3113 1842 καὶ
3140 1787 3289 1842 δύσει
3319 1791 3467 1861 δίκην
3492 1794 3664 1863 ἀστρα·

2146 1875 2256 1944 πῆς
2295 1877 2353 1929 ἐν
2378 1879 2475 1947 μιᾷ
2502 1880 2694 1948 χρόνου
2733 1881 2894 1949 ῥοπῇ·
2931 1882 3076 1949 μετά
3104 1881 3304 1952 ταύτης
3327 1883 3480 1947 ζῶσιν
3504 1887 3547 1937 oi
3579 1903 3664 1954 μα-

2145 1965 2331 2036 κάριοι
2359 1968 2460 2037 τῆς
2505 1972 2729 2033 ἀκτῖνος
2785 1972 2883 2024 καὶ
2919 1973 3297 2028 τελευτώντων
3353 1975 3411 2030 τὸ
3443 1978 3545 2047 φῶς
3584 1982 3666 2034 οὐκ

2145 2059 2449 2130 ἀποχωρετ.
2482 2061 2600 2124 Φῶς
2628 2063 2740 2131 ,γὰρ
2791 2064 3021 2129 δικαίοις
3074 2069 3387 2135 διαπαντὸς,
3442 2072 3665 2144 καὶπρὸς

2146 2152 2246 2223 τὴν
2281 2153 2428 2224 ζωὴν
2454 2155 2672 2226 ἐκείνην
2704 2156 2881 2228 τούτῳ
2911 2157 3227 2226 λάμποντες
3269 2161 3611 2230 ἀφικνοῦνται,
3632 2159 3668 2233 ᾧ

2145 2241 2238 2294 τὸν
2269 2243 2358 2297 ἀεὶ
2387 2245 2628 2314 συνῆσαν
2655 2245 2875 2315 χρόνον,
2906 2247 2997 2300 ἐπ’
3035 2251 3218 2303 ἐκεῖνο
3262 2253 3546 2322 τηνικαῦτα
3566 2255 3669 2325 τρέ-

2145 2350 2360 2402 χοντες.
2397 2336 2464 2388 Ὃ
2500 2335 2610 2406 γὰρ
2655 2337 2870 2408 ἑκάστῳ
2894 2340 3251 2410 συμβήσεται
3293 2345 3410 2398 τότε
3441 2348 3539 2401 τῶν
3564 2351 3668 2402 ἀνα-

2147 2425 2562 2495 6ιωσκομένων,
2595 2428 2731 2481 ὀστᾶ
2759 2430 2854 2482 καὶ
2884 2431 3026 2501 μέρη
3080 2434 3178 2486 καὶ
3212 2435 3349 2506 μέλη
3403 2441 3465 2508 τῇ
3495 2441 3665 2510 κεφαλῇ

2149 2518 2405 2572 συνιόντα
2445 2519 2544 2588 τὴν
2574 2520 2805 2591 όλότητα
2837 2523 2916 2593 τῷ
2951 2524 3170 2595 σώματι
3197 2529 3495 2596 διασώζειν,
3545 2531 3667 2584 τοῦτο

2149 2610 2247 2664 καὶ
2269 2609 2346 2680 τῷ
2369 2612 2583 2682 Σωτῆρι
2631 2613 2876 2684 Χριστῷ,
2927 2619 2993 2686 τῇ
3027 2620 3250 2673 πάντων
3279 2625 3426 2692 κοινῇ
3472 2624 3664 2693 κεφαλῇ.

2149 2703 2258 2756 Καὶ
2281 2703 2390 2774 γὰρ
2422 2705 2516 2756 ἐπὶ
2544 2704 2654 2758 τῶν
2693 2707 2935 2774 νεφελῶν
2973 2709 3304 2780 ἀστράψασα
3337 2713 3496 2782 μόνον
3529 2715 3586 2766 τὰ
3609 2716 3668 2766 ol-

2148 2796 2273 2848 κεία
2311 2796 2648 2868 πανταχόθεν
2706 2797 3050 2868 ἀπολήψεται
3087 2801 3251 2874 μέλη,
3302 2803 3431 2866 Θεὸς
3462 2806 3514 2857 ἐν
3551 2806 3670 2875 μέσῳ

2154 2889 2317 2953 θεῶν,
2357 2890 2559 2959 ὡραῖος
2597 2891 2804 2962 ὡραίου
2850 2896 3156 2963 κορυφαῖος
3187 2897 3370 2968 χοροῦ,
3417 2901 3504 2952 καὶ
3539 2899 3674 2952 καθά-

476 2987 828 3054 ιιῖοιιίιιιητιυο
856 2985 1034 3039 locum
1073 2999 1170 3039 seu
1199 2995 1450 3038 centrum
1487 2987 1670 3042 statim
1709 2997 1932 3056 petunt;
1964 2991 2046 3044 sic

2153 3000 2258 3054 περ
2297 2983 2365 3036 τά
2399 2985 2652 3053 μετέωρα
2690 2985 2834 3054 βάρη
2868 2986 2976 3041 τῶν
3000 2986 3224 3058 δεσμῶν
3275 2991 3382 3044 τῶν
3413 2992 3672 3060 ἐπεχόντων

472 3088 528 3132 et
563 3092 786 3146 corpora
813 3085 1124 3130 sanctorum
1157 3075 1323 3131 terni.r
1343 3075 1496 3131 allisa
1530 3087 1660 3132 sunt
1686 3079 1776 3134 illa
1802 3081 2046 3149 quidem,

474 3179 530 3226 ct
559 3169 900 3238 corruptioni
927 3169 1146 3240 alligata
1189 3170 1467 3240 tyrannidi
1513 3173 1760 3239 subjecta
1792 3183 2045 3238 manent;

462 3271 527 3334 et
558 3262 763 3316 idcirco
791 3262 1224 3331 ingemiscimus,
1276 3261 1473 3332 inquit,
1505 3266 1558 3317 itt
1587 3264 1693 3320 hoc
1715 3266 2046 3321 habitacula.

478 3355 614 3409 Cum
650 3354 1092 3410 autem-libertas
1134 3355 1370 3421 affuerit,
1410 3357 1614 3426 impetu
1648 3359 1950 3412 incredibili
1982 3359 2048 3414 ad

473 3444 751 3500 Christum
803 3445 1072 3512 ferentur,
1104 3454 1164 3500 ut
1199 3449 1489 3517 proprium
1538 3449 1718 3503 locum
1759 3451 2046 3518 recipiant.

473 3535 658 3602 Quare
715 3536 919 3591 Paulus
970 3538 1264 3594 ostendens
1322 3555 1545 3594 cursum
1595 3540 1745 3594 illum
1799 3541 2047 3596 cohiberi

475 3644 585 3684 non
615 3644 796 3696 posse,
831 3639 992 3684 vocat
1048 3640 1288 3701 raptum.
1317 3649 1338 3684 ι
1377 3629 1674 3701 Rapiemur
1723 3632 1924 3700 inquit,
1991 3634 2044 3686 in

477 3721 716 3776 nubihus
738 3722 952 3776 obviam
990 3721 1210 3778 Christo
1246 3723 1300 3776 in
1331 3739 1459 3778 aera
1480 3725 1544 3777 ".
1568 3741 1588 3776 ι
1607 3722 1674 3778 Et
1695 3723 1944 3780 Salvator
1973 3725 2050 3779 ait

475 3828 536 3869 se
566 3814 690 3869 illos
715 3825 1119 3885 suscepturum.
1182 3834 1201 3868 ι
1233 3814 1420 3882 Tunc,
1448 3816 1726 3886 inquiens,
1760 3817 1870 3872 duo
1889 3827 2050 3874 erunt

478 3907 531 3960 in
559 3921 716 3975 agro,
773 3922 915 3962 unus
943 3918 1280 3974 assumetur,
1307 3917 1362 3963 et
1394 3909 1532 3963 alter
1559 3909 1898 3979 relinquetur
1921 3910 1987 3977 '3;
2023 3929 2042 3962 ο

479 3995 611 4050 illud
640 3998 980 4066 signiﬁcans,
1028 3999 1165 4054 nihil
1194 4013 1318 4056 esse
1348 3999 1648 4054 humanum
1681 4016 1780 4057 nec
1809 4003 1863 4056 in
1915 4002 2047 4070 ipsis

477 4087 670 4151 situm,
697 4096 943 4142 utmorat
982 4090 1136 4144 locus
1179 4089 1507 4160 sitaliquis;
1541 4091 1636 4146 sed
1682 4091 1796 4161 ipse
1835 4093 2044 4161 trahet,

478 4179 593 4248 ipse
628 4181 926 4250 rapiet,qui
967 4197 1073 4236 non
1099 4190 1276 4252 potest
1304 4183 1512 4238 servire
1539 4185 1798 4254 tempori.

2154 3074 2435 3144 ῥαγέντων
2461 3075 2553 3127 ἐπὶ
2575 3075 2673 3144 τὴν
2722 3076 2830 3144 γῆν
2871 3080 3043 3147 χωρεῖ
3093 3083 3191 3132 καὶ
3221 3081 3313 3134 τὸν
3365 3083 3518 3152 μέσον
3546 3083 3675 3142 εὐθὺς

2153 3165 2386 3236 ἐζήτησε
2418 3167 2604 3232 τόπον,
2631 3167 2722 3231 ὡς
2748 3168 2807 3221 δὲ
2850 3169 2946 3223 καί⁵
2991 3170 3062 3223 τά
3112 3172 3352 3242 σώματαΔ
3387 3177 3492 3236 τοίς
3535 3175 3678 3240 ἁγίοις

2153 3259 2509 3328 προσήλωται
2539 3260 2639 3329 μὲν
2660 3263 2726 3331 τῇ
2755 3262 2854 3328 τῇ,
2894 3265 2967 3332 -τῇ
2998 3264 3186 3335 φθορᾶ
3214 3266 3437 3320 δεθέντα
3487 3267 3573 3320 καὶ
3608 3283 3681 3318 τυ-

2153 3351 2494 3422 ραννούμενα
2521 3355 2702 3422 μένει,
2752 3355 2846 3408 καὶ
2887 3356 2976 3409 διά
3004 3357 3172 3411 τοῦτο
3215 3358 3549 3428 στενάζομεν,
3598 3376 3683 3426 φη-

2155 3445 2263 3510 σὶν,
2300 3447 2358 3498 ἐν
2381 3445 2462 3516 τῷ
2492 3447 2704 3516 σκήνει,
2731 3448 2990 3517 φανείσης
3012 3449 3196 3520 δὲ-τῆς
3223 3451 3525 3522 ἐλευθερίας
3541 3452 3684 3520 ἀκραο

2149 3539 2303 3608 τήτῳ
2332 3537 2484 3608 φορῷ
2512 3538 2646 3606 πρὸς
2675 3539 2767 3590 τὸν
2797 3540 3033 3610 Χριστὸν
3084 3542 3228 3596 ἵεται
3267 3543 3358 3596 τὸν
3398 3545 3581 3596 οἰκεῖον
3599 3558 3684 3595 κο·

2155 3625 2428 3697 μιζόμενα
2478 3629 2666 3683 τόπον.
2701 3629 2868 3682 Ὅθεν
2920 3633 2950 3683 6
2990 3631 3208 3696 Παῦλος
3248 3633 3472 3702 ἄσχετον
3499 3632 3683 3694 δεικνὺς

2150 3714 2293 3770 είναι
2336 3719 2427 3772 τὸν
2489 3719 2690 3789 δρόμον
2747 3721 2979 3786 ἐκεῖνον,
3039 3721 3308 3792 ἁρπαγὴν
3387 3721 3446 3774 τὸ
3486 3721 3684 3790 πρᾶγμα

2151 3811 2337 3864 καλεῖ·
2364 3829 2386 3862 ‹
2443 3809 2906 3882 Ἀρπαγησόμεθα
2939 3813 3068 3884 γάρ,
3122 3816 3293 3884 φησὶν
3323 3853 3339 3880 ,
3377 3817 3432 3867 ἐν
3471 3811 3686 3880 νεφέλαις

2150 3905 2232 3968 είς
2260 3904 2564 3975 ἀπάντησιν
2591 3903 2684 3957 τοῦ
2743 3904 2948 3974 Κυρίου
3013 3908 3097 3970 εἰς
3151 3907 3310 3978 ἀέρα,
3353 3925 3371 3958 t
3424 3906 3510 3958 καὶ
3537 3905 3561 3957 6
3588 3903 3684 3956 Σω-

2149 3997 2255 4068 τὴρ
2301 3997 2821 4067 παραλαμϐάνεσθαι
2875 4016 3053 4068 φησιν
3100 3999 3302 4064 αὐτοὺς
3324 4039 3341 4066 ,
3376 4021 3396 4054 ι
3431 4000 3555 4055 Τότε
3587 3997 3685 4063 δύο,

2149 4090 2344 4159 λέγων,
2371 4091 2588 4146 ἔσονται
2615 4093 2673 4145 ἐν
2701 4091 2780 4155 τῷ
2826 4091 3005 4164 ἀγρῷ,
3038 4093 3070 4145 6
3098 4088 3181 4158 εἷς
3233 4093 3686 4166 παραλαμωνεται

2152 4184 2250 4238 καὶ
2298 4185 2326 4238 6
2377 4181 2458 4248 εἷς
2514 4185 2759 4252 ἀφίεται,
2801 4203 2819 4235 ο
2861 4186 3038 4238 ἐκεῖνο
3089 4187 3396 4255 σημαίνων,
3448 4187 3518 4248 ὡς
3561 4183 3688 4236 οὐδὲν

2153 4276 2497 4348 ἀνθρώπινον
2524 4277 2647 4330 οὐδὲ
2678 4277 2810 4347 παρ’
2843 4277 3045 4340 αὐτῶν,
3075 4277 3226 4332 ὥστε
3281 4282 3375 4332 καὶ
3409 4277 3563 4349 σχολῇ
3584 4291 3686 4329 τινα

2070 4354 2129 4388 Ἰν
2157 4372 2342 4444 χώραν
2395 4369 2557 4438 εἶναι,
2600 4372 2716 4426 ἀλλ’
2751 4373 2912 4437 αὐτὸς
2967 4373 3210 4440 ἐλκύσει,
3261 4375 3421 4438 αὐτὸς
3463 4371 3691 4444 ἁρπάσει,

557 4545 711 4599 Sicut
726 4545 868 4600 enim
890 4546 958 4598 ah
975 4546 1129 4601 inilto
1148 4561 1254 4602 non
1273 4549 2052 4622 exspectavitutquatreretur,

479 4637 574 4693 sed
591 4639 704 4706 ipse
717 4638 1034 4696 aberrantes
1053 4641 1324 4710 quasivit,
1341 4645 1822 4713 demonstratoque
1839 4648 2053 4713 itinere,

371 4759 374 4762 ~
479 4728 674 4784 deinde
687 4730 967 4786 ambulare
986 4747 1091 4786 non
1110 4733 1373 4800 valentes,
1399 4735 1513 4804 ipse
1535 4735 1778 4792 sublatos
1798 4739 1850 4791 in
1873 4739 2060 4795 hume-

481 4835 574 4874 ros
596 4821 852 4890 portavit,
879 4831 932 4876 ct
966 4823 1217 4880 labentes
1247 4833 1483 4894 reparat,
1509 4833 1562 4880 et
1583 4825 1786 4884 inertes
1807 4831 2056 4899 corrigit,

479 4925 532 4968 ct
558 4914 910 4969 abscedentes
960 4914 1209 4980 advocat,
1244 4926 1298 4972 et
1357 4917 1584 4972 omnino
1625 4919 1693 4974 de
1744 4920 1918 4976 salute
1950 4922 2058 4978 illis

483 5007 688 5062 instare
721 5022 827 5061 non
853 5007 1051 5062 desinit
1077 5025 1091 5062 :
1119 5009 1195 5064 sic
1227 5009 1390 5065 etiam
1425 5020 1553 5064 tunc
1586 5021 1890 5066 extremum
1929 5028 2057 5067 cur-

485 5115 604 5152 sum
636 5100 702 5152 ad
735 5099 915 5169 ipsum
972 5111 1256 5157 currentes
1287 5103 1404 5172 ipse
1429 5104 1710 5171 excitabit,
1751 5114 1804 5159 et
1828 5106 2058 5162 volanti-

484 5191 587 5244 bus
639 5189 758 5258 ipse
797 5189 913 5245 alas
950 5190 1135 5247 faciet.
1176 5192 1306 5248 ideo
1327 5203 1379 5247 et
1413 5195 1629 5264 aquilas
1681 5211 1780 5251 nos
1815 5199 2060 5254 nominat

483 5281 551 5335 ad
607 5296 815 5351 corpus
868 5296 1256 5355 congregatas.
1328 5303 1346 5336 ι
1392 5285 1717 5356 Ubicunque
1754 5288 1898 5342 enim
1955 5292 2060 5346 etit

484 5387 704 5443 corpus,
736 5374 935 5444 inquit,
978 5375 1088 5430 illic
1119 5377 1600 5446 congregabuntur
1623 5388 1675 5433 ct
1706 5381 1903 5448 aquilae
1935 5384 1999 5436 '9.
2031 5403 2049 5436 ι

486 5467 697 5520 Etenim
732 5482 761 5520 a
797 5483 983 5522 mensa
1013 5468 1079 5522 ad
1110 5483 1353 5524 mensam
1379 5471 1616 5537 venient,
1651 5471 1719 5526 ab
1744 5475 2061 5532 abscondita

2154 4464 2217 4518 ὃν
2249 4464 2348 4518 οὐκ
2379 4463 2459 4517 Evt
2487 4463 2664 4534 χρόνῳ
2687 4463 2981 4519 δουλεύειν.

2231 4557 2499 4628 Καθάπερ
2530 4557 2638 4626 γὰρ
2671 4557 2728 4622 ἐξ
2766 4556 2941 4626 ἀρχῆς
2995 4557 3094 4610 οὐκ
3142 4559 3401 4627 ἀνέμεινε
3433 4555 3697 4625 ζητηθῆναι

2159 4650 2292 4721 παρ’
2316 4650 2518 4716 αὐτῶν,
2568 4647 2686 4701 ἀλλ’
2715 4649 2878 4712 αὐτὸς
2913 4648 3150 4718 ἐζήτησε
3185 4651 3578 4719 πλανωμένους,
3620 4647 3699 4698 καὶ

2157 4744 2257 4814 τὴν
2287 4743 2407 4796 όδὸν
2433 4742 2723 4804 ὑποδείξας
2755 4741 2944 4794 ἔπειτα
2985 4741 3227 4810 βαδίζειν
3274 4744 3351 4813 μὴ
3401 4741 3699 4811 δυναμένους

2157 4835 2482 4904 ἀνελόμενος
2510 4833 2604 4886 ἐπὶ
2640 4834 2748 4887 τῶν
2784 4833 2950 4901 ὤμων
3003 4834 3233 4903 ἐκόμισε
3293 4835 3386 4886 καὶ
3435 4832 3697 4889 πίπτοντας

2161 4925 2474 4978 ἀνεκαλεῖτο
2515 4927 2609 4979 καὶ
2655 4924 3037 4995 ῥᾳθυμοῦντας
3059 4926 3447 4996 ἐπηνωρθοῦτο
3475 4925 3562 4977 καὶ
3589 4925 3701 4974 ἀπο-

2160 5017 2476 5087 χωροῦντας
2507 5017 2828 5086 παρεκάλει,
2873 5018 2966 5071 καὶ
2990 5017 3130 5080 ὅλως
3153 5019 3306 5088 ςπερὶ
3329 5018 3430 5088 τῆς
3457 5014 3698 5084 σωτηρίας

2143 5111 2342 5172 ἀὐτοῖς
2363 5109 2665 5163 διετέλεσεν
2695 5106 2953 5179 ἐνοχλῶν·
2976 5109 3122 5162 οὕτω
3153 5111 3251 5164 καὶ
3281 5112 3401 5163 τότε
3429 5111 3516 5162 τὸν
3545 5107 3700 5160 τελευ-

2160 5204 2312 5255 ταῖον
2335 5201 2472 5272 πρὸς
2503 5201 2666 5255 αὑτὸν
2697 5202 2992 5272 τρέχοντας
3021 5201 3228 5272 δρόμον
3251 5201 3414 5265 αὐτὸς
3432 5199 3698 5267 ἀναστήσει

2162 5294 2258 5347 καὶ
2294 5293 2615 5362 πετομένοις
2659 5293 2822 5356 αὐτὸς
2870 5294 3169 5362 ἐργάσεται
3227 5294 3288 5347 τὸ
3345 5293 3558 5362 πτερόν.
3619 5286 3700 5340 Διά

2161 5384 2317 5438 τοῦτο
2357 5385 2454 5437 καὶ
2483 5385 2672 5446 ἀετοὺς
2699 5384 2963 5438 ἀπεκάλει
2994 5386 3278 5448 συνιόντας
3306 5383 3401 5437 ἐπὶ
3423 5383 3481 5436 τὸ
3504 5379 3696 5447 πτῶμα,

2165 5478 2376 5530 (Ὅπου
2411 5477 2542 5549 γὰρ,
2577 5478 2736 5548 φησι,
2764 5477 2824 5532 τὸ
2877 5478 3098 5548 πτῶμα,
3129 5479 3250 5532 ἐκεῖ
3304 5473 3697 5546 συναχθήσονται

557 5644 600 5675 ¹⁶
627 5645 814 5702 Matth.
856 5662 967 5710 Ii",
1005 5646 1090 5701 43.
1175 5645 1217 5678 ¹⁷
1250 5647 1267 5698 1
1319 5645 1511 5705 Thess.
1540 5664 1613 5717 tv,
1654 5652 1738 5706 Η.
1820 5653 1861 5684 ’⁸
1887 5653 2048 5710 Matth

2151 5672 2257 5724 xw,
2285 5657 2373 5712 28.
2457 5658 2498 5691 ¹⁹
2533 5657 2680 5723 ibid.
