3982 6208
468 423 570 486 (‘27

1715 428 2020 487 NICOIAI
2063 431 2102 489 C
2119 433 2148 489 λ
2163 431 2450 492 BASlL/E

3567 416 3662 477 G28

467 547 652 590 eratur
698 546 1165 608 comparaturque,
1197 550 1295 602 pro
1334 535 1470 589 virili
1513 547 1698 591 nostra
1730 537 2024 607 egerimus,

2151 544 2502 612 θεωρήσομεν.
2536 538 2627 608 Μὴ
2667 538 2730 591 ἂν
2764 531 2917 605 οἶμαι
2960 529 3248 602 περίεργον
3280 528 3427 580 οὐδεν
3459 530 3664 595 ποιῆσαι

469 626 604 679 nihil
637 643 735 682 nos
770 629 850 682 vel
898 627 1200 688 curiosum,
1234 629 1314 682 vel
1352 643 1816 696 supervacaneum
1856 630 2032 684 factu-

472 731 563 772 ros
630 719 880 789 equidem
914 719 1310 773 existimamus.
1363 718 1662 774 Perlectius
1693 731 1870 775 autem
1905 736 2034 775 Cun-

475 807 733 862 ditionem
758 809 876 878 ejus
904 809 1340 878 explanabimus,
1370 811 1412 863 si
1451 819 1710 880 tanquam
1742 812 1808 865 de
1833 822 2035 882 myste-

473 901 680 952 riorum
739 900 878 962 basi,
934 910 1027 955 aut
1086 901 1292 963 radice,
1355 911 1450 955 aut
1498 919 1609 972 quo
1663 903 1770 958 alio
1815 903 2036 957 nomine

474 991 734 1060 appellari
768 991 946 1056 debet,
999 991 1354 1047 disseramus.
1382 993 1563 1058 Quare
1595 1006 1648 1048 et
1671 1010 1791 1063 qua:
1846 1009 2038 1048 conse-

471 1083 703 1138 cratoris
730 1083 984 1137 manibus
1017 1085 1175 1150 ﬁunt,
1228 1094 1282 1140 et
1331 1087 1532 1154 quibus
1591 1087 1760 1141 altare
1803 1096 2034 1150 constet,

473 1175 813 1236 indicemus;
860 1175 1222 1244 omnibusque
1256 1177 1446 1232 ordine
1483 1178 1768 1247 expositis,
1822 1178 2036 1247 singula

471 1266 667 1320 deinde
691 1266 821 1336 quid
855 1267 1082 1322 occultae
1112 1268 1537 1337 significationis
1585 1270 1819 1324 habeant
1856 1270 2037 1339 inqui-

463 1370 670 1412 ramus.

536 1448 779 1503 Primum
837 1449 1145 1514 hierarcha,
1183 1466 1279 1506 seu
1337 1452 1628 1521 episcopus
1687 1436 1953 1514 brachia:
1982 1461 2037 1507 et

468 1556 669 1610 corpus
702 1542 974 1610 reliquum
1027 1543 1308 1601 lintea-tus.
1356 1555 1409 1599 et
1450 1546 1685 1609 cinctus,
1719 1546 1838 1604 Deo
1876 1561 2038 1620 super

469 1634 634 1687 humo
685 1635 1016 1704 (quanquam
1048 1651 1154 1689 non
1188 1637 1352 1706 nuda)
1391 1652 1449 1690 se
1483 1643 1802 1711 prosternit,
1839 1658 2038 1712 preca-

467 1730 665 1789 tusque
700 1723 773 1775 uti
818 1723 998 1776 studio
1041 1740 1143 1778 suo
1191 1728 1525 1798 prope-situm
1559 1747 1623 1784 ac
1678 1733 2037 1787 desideratum

473 1811 631 1864 linem
689 1824 1075 1883 consequatur,
1126 1823 1193 1875 ad
1225 1837 1440 1890 Operam
1493 1824 1745 1892 resurgit,
1780 1825 2038 1893 positam-

2139 633 2272 703 μηδὲ
2303 630 2574 702 παρέλκον
2595 645 2608 660 °
2633 627 2723 680 τὸν
2746 626 2905 693 λόγον
2932 623 3028 692 μὲν
3052 616 3142 674 οὖν
3163 617 3483 688 τελεώτερον
3508 616 3667 680 οὓτως

2138 726 2204 779 ἂν
2235 725 2427 792 εἴημεν
2471 719 2889 778 ἀποδεδωκότες,
2921 715 2995 776 ὡς
3029 713 3094 765 ἂν
3137 710 3265 779 περὶ
3309 708 3406 776 τῆς
3431 707 3533 760 τῶν
3581 724 3670 774 μυ-

2137 818 2378 885 στηρίων
2411 811 2678 883 κρηπῖδος
2719 809 2750 878 ἢ
2804 808 2958 875 ῥίζης
2990 806 3024 874 ἢ
3070 804 3098 856 ὅ
3127 820 3178 854 τι
3203 801 3297 854 καὶ
3322 799 3424 869 χρὴ
3462 797 3669 852 καλέσαι

2134 906 2515 971 διεξελθόντες.
2548 904 2658 956 Καὶ
2677 901 2861 953 τοίνυν
2895 897 2930 952 ἃ
2965 896 3114 966 παρὰ
3141 894 3250 947 τῶν
3286 893 3380 946 τοῦ
3416 889 3671 951 τελοῦντος

2136 997 2337 1068 χειρῶν
2367 996 2597 1064 γίνεται,
2642 995 2735 1047 καὶ
2763 991 2798 1044 ἃ
2834 989 2893 1042 τδ
2926 986 3314 1055 θυσιαστήριον
3348 981 3672 1048 καθίστησιν,

2137 1091 2264 1158 ἑξῆς
2320 1087 2650 1141 ἐκτεθέντων
2699 1083 2973 1146 ἁπάντων,
3033 1080 3262 1132 ἕκαστον
3309 1073 3495 1127 ἔπειτα
3541 1071 3673 1133 τίνος

2138 1183 2286 1236 ἐστὶν
2318 1181 2546 1248 αἴνιγμα
2585 1176 2678 1229 καὶ¹
2709 1176 2736 1228 ὅ
2765 1191 2817 1226 τι
2853 1173 3033 1243 φέρει,
3069 1167 3380 1235 σκοπῶμεν.

2210 1448 2408 1524 Πρῶτα
2443 1446 2538 1520 μὲι
3362 1429 3390 1486 ὁ

2141 1544 2343 1605 λευκὰς
2375 1546 2470 1594 καὶ
2513 1540 2824 1606 καταδήσας
2863 1536 2951 1588 ὲπί
2981 1550 3039 1584 τε
3084 1531 3192 1584 τῶν
3241 1526 3438 1598 χειρῶν
3479 1521 3566 1574 κού⁵
3595 1517 3672 1572 τοῦ

2139 1635 2325 1689 λοιποῦ
2356 1633 2626 1700 σώματος,
2677 1629 2756 1697 τῷ
2797 1626 2917 1697 Θεῷ
2965 1622 3301 1694 προσπίπτει
3333 1612 3673 1676 κατακλιθεὶς,

2140 1731 2202 1783 ού
2229 1726 2371 1780 κατὰ
2393 1721 2552 1795 ψιλοῦ
2578 1721 2671 1774 τοῦ
2699 1722 2949 1787 ἐδάφους,
2972 1717 3065 1770 καὶ
3109 1713 3323 1776 δεηθεὶς
3351 1709 3410 1762 τὸ
3438 1704 3676 1776 ζητούμεο

2141 1842 2230 1878 νον
2260 1822 2433 1891 πέρας
2478 1817 2662 1872 λαϐεῖν
2696 1814 2842 1883 αύτῷ
2889 1812 2986 1881 τὴν
3023 1807 3263 1874 σπουδὴν
3313 1802 3406 1856 ἐπὶ
3433 1801 3491 1852 τὸ
3534 1799 3676 1867 ἔργον

470 1919 575 1974 que
625 1920 866 1962 mensam
921 1908 1284 1980 prehendens.
1317 1930 1434 1967 eam
1480 1925 1603 1984 apte
1635 1917 1773 1969 locat
1815 1932 1878 1970 ac
1924 1926 2035 1971 sta-

2151 1917 2442 1978 ivlctamt,
2474 1915 2569 1965 καὶ
2589 1909 2686 1977 τὴν
2727 1904 3008 1977 τράπεζαν
3062 1899 3330 1969 κειμένην
3383 1891 3678 1952 ἀνελόμενος

470 1998 625 2062 l.ilit;
664 2015 769 2053 non
813 2000 863 2054 id
897 2009 1103 2055 tantum
1143 2001 1262 2057 aliis
1291 2003 1508 2071 jubens,
1544 2005 1636 2059 sed
1681 2005 1796 2073 ipse
1821 2017 2035 2075 quoque

469 2106 665 2145 manus
697 2093 1010 2148 admovens.
1039 2093 1111 2147 lta
1142 2094 1246 2150 live
1275 2097 1502 2150 locatam
1531 2097 1619 2151 ubi
1639 2097 1813 2152 calida
1843 2095 2035 2162 abluit,

469 2197 592 2236 cum
613 2184 883 2250 precibus,
904 2194 1038 2240 utea
1059 2201 1163 2242 non
1183 2187 1356 2241 solum
1383 2189 1571 2244 sordes
1588 2197 1926 2257 apparentes,
1943 2187 2039 2243 sed

470 2273 634 2328 etiam
660 2277 1038 2344 contagionem
1069 2294 1098 2332 a
1127 2279 1465 2334 daemonibus
1492 2279 1568 2332 illi
1602 2293 1879 2348 aspersam
1908 2295 2039 2349 pur-

472 2367 634 2432 gandi
669 2369 776 2423 vim
812 2370 1028 2434 habeat,
1055 2387 1178 2426 mox
1206 2373 1451 2427 eamdem
1481 2374 1608 2427 vino
1638 2380 1778 2427 notae
1799 2372 2038 2442 optimae,

473 2467 528 2512 et
561 2460 680 2514 oleo
719 2476 964 2526 rosaceo,
1002 2473 1060 2517 ut
1091 2464 1348 2530 arbitror,
1379 2464 1677 2534 perfundit.
1731 2463 2038 2519 Secundum

475 2551 591 2606 bzec
653 2567 868 2608 sacrum
951 2566 1285 2626 unguentum
1353 2557 1593 2620 adhibet,
1675 2557 2036 2626 ungendoque

476 2643 657 2698 crucis
690 2645 915 2715 ﬁguram
957 2647 1176 2701 tertium
1209 2647 1486 2716 exprimit,
1522 2662 1586 2701 ac
1620 2647 1730 2700 Deo
1763 2646 2039 2700 canticum

474 2733 607 2788 illm!
639 2738 1010 2806 propheticum
1053 2747 1106 2792 et
1152 2738 1567 2792 celeberrimum
1635 2733 1854 2793 accinit.
1887 2738 2044 2791 Post~

479 2827 698 2880 modum
749 2828 979 2881 candido
1035 2829 1181 2882 illam
1217 2829 1386 2883 linteo
1420 2830 1654 2892 obvelat,
1687 2838 1743 2883 et
1800 2829 2040 2898 stragula

478 2925 632 2970 veste
661 2925 898 2985 pretiosa
929 2928 1178 2984 exornat,
1201 2919 1417 2989 aliaque
1451 2919 1616 2973 lintea
1665 2934 1830 2989 super
1853 2920 1920 2974 iis
1941 2935 2040 2974 ex-

481 3007 688 3076 pandit,
722 3025 842 3079 qua:
875 3010 1091 3079 quidem
1145 3025 1301 3066 Sacro
1353 3022 1650 3081 unguento,
1694 3012 2043 3081 quemadmoc

485 3102 612 3152 dum
646 3115 855 3166 mensa,
895 3101 1153 3163 delibuta,
1187 3112 1243 3157 et
1287 3104 1351 3156 ad
1381 3113 1680 3157 extremum
1727 3117 1928 3157 mensze
1957 3119 2048 3158 su-

484 3190 803 3260 perinjecta,
845 3194 1017 3248 sacris
1050 3194 1249 3249 tabulis
1281 3195 1522 3263 proxime
1549 3195 1774 3250 subesse
1807 3203 2043 3265 oportet.

2141 2007 2422 2076 καθιδρύει
2443 2005 2536 2057 καὶ
2562 2004 2855 2069 πήγνυσιν,
2880 1998 2940 2050 οὐ
2971 1992 3210 2046 κελεύων
3247 1989 3422 2058 μόνον,
3454 1982 3582 2076 ulla
3599 1979 3680 2032 καὶ

2139 2071 2326 2171 χεῖρας
2360 2096 2615 2161 εἰσάγων.
2656 2089 2919 2144 Τεθεῖσαν
2962 2085 3018 2137 δὲ
3057 2082 3284 2150 θερμοῖς
3324 2071 3676 2171 ἁποκλυσαμε-

2139 2165 2461 2255 νοςῦδασιν,
2493 2182 2573 2247 οἷς
2604 2181 2808 2252 ηῠξατο
2841 2177 2914 2250 μὴ
2953 2177 3128 2249 ῥύπου
3165 2169 3488 2242 φαινομένου
3517 2165 3675 2235 μόνον,

2137 2284 2272 2340 ἀλλὰ
2303 2286 2398 2338 καὶ
2426 2282 2525 2351 τῆς
2557 2279 2664 2333 ἀπὸ
2689 2277 2795 2330 τῶν
2820 2275 3092 2343 δαιμόνων
3122 2264 3474 2340 προστροπῆς
3495 2259 3677 2326 καθάρ-
3719 2329 3740 2348 ⁸

2142 2397 2258 2434 σιον
2290 2377 2519 2444 δύναμιν
2569 2371 2753 2441 ἔχειν’
2796 2362 2917 2421 εἶτα
2967 2361 3184 2436 μυρῖζει
3249 2360 3388 2413 οἴνου
3443 2371 3500 2407 τε
3549 2353 3678 2444 γέων

2141 2470 2278 2538 αὐτῇ
2304 2466 2396 2522 τοῦ
2416 2440 2704 2520 καλλίστου
2732 2459 2824 2513 καὶ
2846 2456 3019 2528 μύρου
3053 2451 3293 2507 στακτοῦ
3317 2448 3500 2518 ῥόδων,
3523 2440 3675 2538 οἶμαι,

2141 2531 2340 2630 πεπόιη
2351 2559 2531 2626 μένου,
2561 2555 2696 2626 μετὰ
2715 2555 2769 2607 δὲ
2786 2550 2955 2605 ταῦτα
2975 2549 3032 2602 τὸ
3048 2547 3189 2616 ἱερὸν
3217 2545 3388 2614 μύρον
3406 2539 3581 2633 έπάγειι
3603 2531 3680 2633 καὶ

2142 2652 2307 2722 χρίει,
2330 2624 2527 2720 ’τρίτον
2556 2624 2781 2715 γράφων
2809 2643 2893 2693 ἐπ’
2923 2638 3094 2706 αὐτῆς
3127 2636 3224 2688 τὸν
3249 2631 3474 2722 σταυρὸν
3498 2624 3582 2679 καὶ
3611 2624 3674 2690 τῷ

2143 2718 2261 2810 δεῷ
2319 2718 2394 2792 τὸ.
2434 2733 2776 2808 προφητικὸν
2812 2732 2952 2803 ᾄδων
2999 2725 3150 2801 ᾆσμα
3203 2727 3268 2778 τδ
3314 2718 3676 2810 πολυύμνητον.

2144 2806 2278 2888 Εἶτα
2312 2806 2490 2900 λευκῇ.
2529 2824 2910 2898 περικαλύψας
2952 2822 3112 2892 ὀθόνῃ
3158 2817 3388 2877 πέπλοις
3418 2829 3472 2865 τε
3508 2806 3676 2903 τιμίοις

2145 2924 2456 2992 ἐπικοσμεῖ,
2490 2919 2585 2973 καὶ
2624 2917 2836 2978 τούτοις
2887 2913 3075 2974 ὀθόνας
3135 2909 3308 2970 ἄλλας
3352 2901 3586 2992 ἐφαπλοῇ
3614 2901 3677 2961 τῷ

2147 3010 2277 3079 θείῳ
2312 2991 2469 3078 μύρῳ
2503 3007 2596 3059 τὸν
2623 3004 2725 3073 τῆς
2753 3003 3037 3074 τραπέζης
3067 3000 3276 3069 τρόπον
3316 2991 3675 3079 ἀληλιμμέναςν

2145 3101 2212 3165 ἃς
2246 3075 2683 3168 ἐπιϐεϐλημένος
2722 3096 2946 3166 ἔσχατον
2978 3095 3042 3164 τῇ
3084 3089 3342 3161 τραπέζῃ
3379 3087 3456 3138 δεῖ
3479 3083 3577 3141 τοῖς
3602 3075 3677 3129 πί-

2147 3193 2298 3257 ναξιν
2355 3191 2578 3260 ἁμέσως
2629 3185 2947 3242 ὑποκεῖσθαι
3001 3187 3114 3246 τοῖς
3161 3183 3353 3252 ἱεροῖς.
3399 3176 3503 3232 Καὶ
3535 3170 3680 3225 ταῦτα

483 3281 598 3337 llac
649 3285 956 3339 caerimonia
1022 3285 1244 3341 functus
1287 3286 1452 3341 linteo
1485 3302 1544 3341 se
1594 3286 1762 3352 exuit,
1798 3287 2046 3342 indutus-

2159 3283 2300 3336 οὕτω
2327 3281 2573 3344 τελέσας,
2608 3279 2726 3332 λύει
2761 3277 2859 3347 μὲν
2884 3276 2979 3329 καὶ
3007 3272 3326 3343 περιδύεται
3365 3269 3457 3331 τὰς
3499 3264 3680 3324 ὀθόνας,

483 3391 588 3444 que
610 3376 803 3429 stolam
837 3376 1230 3432 hierarchicam
1254 3379 1306 3432 in
1337 3379 1569 3432 vicinam
1602 3379 1836 3446 aliquam
1860 3393 2042 3432 sacra-

485 3481 604 3520 rum
649 3466 846 3520 aedium
896 3468 1210 3535 egreditur;
1259 3469 1347 3522 ubi
1426 3469 1662 3538 acceptis
1736 3479 2047 3522 sanctorum

486 3567 791 3629 martyrum
828 3561 1067 3624 ossibus,
1101 3560 1166 3614 ad
1195 3563 1297 3616 hoc
1344 3562 1518 3630 ipsum
1552 3560 1776 3630 paratis,
1802 3569 1854 3614 et
1887 3575 2050 3629 super

485 3649 655 3703 altera
686 3650 874 3704 altaris
918 3651 1239 3704 tabellarum
1301 3651 1575 3721 repositis,
1609 3652 1662 3705 in
1693 3666 1801 3720 quo
1832 3665 2052 3705 venera-

383 3743 389 3749 ’
484 3741 596 3796 bile
662 3742 862 3796 donum
919 3743 1194 3809 collocat,
1243 3751 1298 3797 et
1347 3745 1620 3813 operiens,
1662 3744 1860 3812 quibus
1918 3741 2052 3795 illud

487 3834 686 3902 operit,
722 3834 1013 3890 admodum
1047 3847 1361 3891 reverenter
1383 3837 1540 3902 tollit,
1570 3851 1846 3905 supraque
1893 3843 2055 3902 caput

486 3933 711 3996 portans
738 3965 753 3989 ,
783 3926 847 3980 ad
871 3927 1092 3982 domum
1129 3943 1248 3997 qua!
1291 3929 1662 3983 sanctiﬁcatur
1701 3927 1813 3981 sive
1841 3925 2056 3980 dedica-

489 4028 580 4072 tur
606 4020 746 4073 inter
787 4020 1083 4089 lampades,
1121 4029 1334 4084 cantus,
1365 4018 1688 4082 sullimenta,
1713 4018 1911 4085 quibus
1931 4029 2053 4069 eum

491 4110 826 4164 incedentem
889 4111 1052 4164 multi
1117 4112 1497 4168 cohonestaut.
1559 4108 1923 4178 progreditur.
1975 4105 2054 4159 Ita

492 4203 817 4270 procedens,
853 4202 940 4256 ubi
975 4203 1231 4270 templum
1287 4202 1484 4270 attigit,
1513 4210 1636 4252 ante
1657 4199 1852 4266 januas
1910 4198 2060 4251 clau-

491 4301 583 4347 sa’s
615 4292 892 4360 consistit,
951 4294 1214 4362 iubetque
1276 4292 1412 4359 ipsis
1455 4289 1672 4343 Davidis
1706 4287 1933 4342 vocibus
1962 4303 2059 4342 eos

489 4386 585 4455 qui
619 4387 764 4439 intus
803 4393 950 4446 sunt,
978 4395 1160 4453 portas
1193 4383 1321 4451 Regi
1353 4383 1537 4452 gloria:
1568 4381 1777 4450 aperire
1804 4382 1870 4445 ”,
1902 4389 1956 4436 et
1981 4381 2061 4433 vi-

491 4477 678 4530 cissim
708 4475 877 4536 audit,
913 4490 1034 4543 quae
1064 4473 1178 4536 ille,
1231 4473 1513 4526 Salvatore
1543 4471 1742 4524 coelum
1798 4485 2062 4525 conscen-

491 4567 652 4620 dente
701 4564 922 4633 angelos
961 4563 1166 4632 angelis
1218 4572 1408 4617 contra
1457 4575 1848 4630 restionocntes
1879 4572 2053 4616 intro-

494 4657 666 4711 ducit.
729 4655 908 4710 Portis
933 4656 1044 4724 jam
1075 4655 1405 4724 patentibus,
1449 4655 1772 4724 ingreditur,
1835 4671 2051 4711 sacrum

491 4760 588 4800 vas
622 4746 754 4799 illud
780 4733 1092 4812 conpertum
1127 4759 1293 4812 supra
1331 4753 1493 4812 caput
1520 4744 1747 4799 habens.
1783 4743 1958 4797 Simul
1991 4745 2056 4798 ad

492 4836 685 4897 altare,
713 4842 766 4886 et
795 4833 861 4887 ad
892 4835 1062 4902 ipsam
1114 4848 1354 4886 mensam
1396 4832 1646 4895 accessit,
1691 4847 1854 4901 super
1883 4848 1943 4886 ea
1968 4835 2060 4887 de-

495 4927 668 4992 ponit,
696 4933 1172 4993 teguutentumquc
1199 4935 1466 4983 removet,
1484 4923 1836 4990 jacentesque
1859 4922 1911 4975 in
1939 4937 2065 4976 vase

497 5018 717 5071 divitias
746 5017 904 5081 tollit,
933 5027 984 5070 ct
1009 5018 1197 5082 thecae,
1226 5032 1348 5085 quin
1375 5016 1680 5084 capacitate
1710 5014 2058 5084 respondeat,

496 5108 746 5174 imponit.
781 5107 907 5162 l’ost
958 5109 1070 5162 haec
1121 5116 1397 5180 unguento
1424 5107 1795 5161 sacratissimo
1825 5106 1932 5162 illis
1971 5124 2064 5161 su-

499 5201 740 5269 perfuso,
771 5200 872 5254 sub
905 5216 1058 5256 sacra
1091 5215 1275 5254 mensa
1308 5199 1514 5253 ctmdit.
1540 5197 1634 5251 llis
1692 5199 1762 5250 ita
1799 5201 2064 5254 conlectis

500 5297 693 5350 domus
720 5295 831 5363 jam
865 5295 1062 5348 domus
1094 5293 1378 5356 orationis,
1419 5307 1604 5347 mensa
1635 5308 1764 5346 vero
1791 5293 1856 5346 ad
1894 5295 2065 5346 sacri-

502 5389 680 5441 ticium
746 5388 934 5440 idooea
1001 5396 1054 5440 et
1111 5393 1295 5453 parata
1349 5394 1451 5449 est,
1508 5395 1560 5440 et
1613 5386 2061 5440 sacriﬁcatorium

501 5491 728 5543 prorsus
759 5486 860 5529 est.

2152 3377 2312 3439 αὐτὸς
2343 3374 2400 3427 δὲ
2427 3373 2526 3442 τὴν
2561 3369 2876 3441 ίεραρχικὴν
2908 3367 3046 3436 έχων
3093 3365 3295 3435 στολὴν
3335 3363 3424 3415 ὲπί
3452 3374 3564 3413 τινα
3587 3353 3683 3422 γεί-

2148 3484 2277 3521 τονα
2306 3465 2414 3519 τῶν
2446 3464 2608 3534 ἱερῶν
2641 3463 2842 3526 ἔξεισιν
2879 3461 3062 3512 οἴκων.
3097 3458 3271 3510 Ὅθεν
3306 3454 3472 3524 ἁγίων
3502 3443 3682 3520 μαρτύ-

2155 3575 2263 3627 ρων
2314 3557 2449 3610 όστᾶ
2497 3553 2677 3607 λαϐὼν
2725 3554 2802 3614 είς
2842 3551 2984 3603 τοῦτ’
3021 3547 3169 3618 αύτῷ
3221 3535 3680 3616 παρεσκευασμένα

2153 3653 2248 3705 καὶ
2294 3649 2406 3711 θεὶς
2464 3649 2559 3699 ἐπὶ
2599 3645 2830 3716 θατέρου
2884 3644 2993 3696 τῶν
3043 3642 3136 3694 ἐπὶ
3181 3640 3286 3694 τοῦ
3333 3631 3682 3716 θυσιαστηρίου

2156 3739 2425 3803 πινάκων,
2460 3738 2518 3789 ὲν
2633 3736 2696 3788 τὸ
2731 3715 2956 3804 φρικτὸν
2991 3732 3173 3800 τίθησι
3199 3730 3400 3800 δῶρον,
3430 3727 3519 3779 καὶ
3549 3715 3688 3774 καλὺ-

2155 3831 2282 3902 ψας,
2307 3826 2386 3892 οἷς
2417 3831 2592 3883 ὲκεῖνο
2615 3826 2900 3890 καλύπτει,
2928 3824 3072 3894 μάλα
3095 3840 3156 3878 τε
3182 3821 3402 3891 σεμνῶς
3423 3813 3688 3883 ἀναιρεῖται

2157 3925 2252 3979 καὶ
2286 3924 2519 3994 κομίσας
2567 3923 2660 3973 ἐπὶ
2702 3921 2800 3990 τῆς
2840 3919 3079 3986 κεφαλῆς
3119 3917 3208 3968 ἐπὶ
3247 3917 3339 3969 τὸν
3368 3909 3689 3980 ἁγιαζόμενον

2159 4014 2404 4086 πρόεισιν
2453 4009 2624 4075 οἶκον,
2675 4011 2926 4078 λαμπάσι
2958 4010 3052 4061 καὶ
3100 4007 3316 4078 ᾄσμασι
3347 4005 3438 4058 καὶ
3472 3998 3689 4066 θυώμασι

2160 4109 2253 4160 καὶ
2289 4106 2480 4176 μύροις
2508 4104 2606 4173 τὴν
2637 4102 2862 4172 πρόοδον
2896 4099 3106 4152 πολλῶν
3157 4096 3509 4165 κοσμούντων
3545 4083 3689 4176 αὐτῷ,

2160 4199 2258 4250 καὶ
2286 4195 2427 4248 οὕτω
2461 4195 2677 4264 χωρῶν,
2715 4193 2839 4244 ἐπεὶ
2864 4188 3158 4242 καταλάϐοι
3181 4189 3278 4240 τὸν
3299 4185 3433 4238 νεὼν
3463 4181 3549 4236 καὶ
3577 4175 3691 4244 πρὸς

2163 4289 2311 4356 αὐτῷ
2357 4287 2590 4355 γένοιτο,
2619 4285 2834 4335 ἵσταται
2885 4282 2984 4350 μὲν
3023 4279 3130 4348 πρὸ
3160 4280 3272 4330 τῶν
3305 4277 3479 4346 θυρῶν
3508 4269 3691 4326 κεκλειο

2165 4379 2398 4449 σμένων,
2448 4373 2657 4427 κελεύει
2709 4373 2766 4424 δὲ
2815 4374 2927 4433 τοῖς
2982 4370 3129 4422 ἔνδον
3179 4369 3367 4420 πυλῶν
3411 4366 3505 4426 τὰς
3544 4358 3693 4415 πύλας

2165 4444 2405 4536 ἀνοίγειν
2436 4466 2512 4534 τῷ
2540 4467 2637 4533 τῆς
2660 4462 2815 4528 δόξης
2848 4459 3086 4521 Βασιλεῖ,
3119 4460 3211 4510 καὶ
3245 4457 3412 4517 αὐτὰς
3439 4452 3526 4506 τοῦ
3553 4444 3694 4536 Δαῦλδ

2167 4556 2338 4611 εἰπὼν
2369 4555 2466 4617 τὰς
2499 4553 2714 4621 φωνάς⁶
2749 4551 2846 4603 καὶ
2877 4549 3025 4618 παρὰ
3047 4547 3156 4599 τῶν
3187 4545 3335 4598 ἔνδον
3364 4541 3606 4600 ἀκούσας,
3640 4533 3693 4592 ἃς

2161 4652 2370 4710 ἐκεῖνος
2395 4647 2520 4706 τοὺς
2550 4644 2811 4712 ἀγγέλους
2834 4641 3090 4708 λέγοντας
3116 4638 3367 4707 ἀλλήλοις
3398 4633 3593 4697 εἰσάγει
3615 4641 3693 4676 του

2161 4738 2411 4807 Σωτῆρος
2478 4735 2557 4796 είς
2618 4735 2710 4784 τὸν
2772 4730 3001 4800 οὐρανὸν
3057 4726 3322 4791 ἀνιόντος,
3375 4723 3478 4775 τῶν
3542 4713 3696 4783 θυρῶν

2162 4825 2685 4897 ἀναπεταννυμένων
2745 4825 2939 4876 εἴσεισι
2990 4821 3049 4873 τὸ
3092 4821 3259 4890 ἱερὸν,
3317 4815 3502 4874 σκεῦος
3543 4808 3694 4862 ἐκεῖνο

2167 4917 2686 4988 συγκεκαλυμμένον
2719 4916 2810 4966 ἐπὶ
2851 4913 2949 4982 τῆς
2994 4913 3233 4980 κεφαλῆς
3270 4909 3425 4990 ἔχων.
3473 4895 3694 4990 Ἐπειδὰπὶι

2163 5013 2220 5067 δὲ
2249 4986 2509 5065 ἐἰσωιτοῦ
2538 5005 2929 5075 θυσιαστηρίου
2967 5004 3057 5055 καὶ
3084 5004 3220 5072 πρὸς
3251 4986 3384 5068 αύτῇ
3415 4997 3617 5066 γένηται
3639 4986 3694 5053 τῇ

2168 5104 2438 5179 τραπέζῃ,
2470 5101 2822 5156 κατατίθεται
2866 5097 2966 5166 μὲν
3008 5095 3096 5146 ἐπ’
3134 5095 3302 5161 αὐτῆς
3333 5091 3424 5143 καὶ
3450 5079 3692 5140 ἀνακαλύ·

2169 5177 2312 5264 πτει,
2350 5199 2439 5251 τὸν
2488 5198 2533 5248 δ’
2580 5193 2895 5261 ἐγκείμενον
2933 5186 3081 5257 αὐτῷ
3145 5187 3370 5238 πλοῦτον
3424 5177 3694 5271 ἀναιρεῑτςι

2176 5295 2272 5363 μὲν
2306 5290 2534 5350 ἐκεῖθεν,
2588 5284 2830 5353 ἐντίθησι
2866 5283 2923 5335 δὲ
2959 5279 3212 5350 θησαυρῷ
3250 5276 3336 5366 τῷ,
3372 5268 3694 5366 μεγέθεισῶν

2173 5359 2528 5448 ἐντιθεμένων
2591 5376 2909 5445 συμμέτρῳ,
2953 5373 3044 5424 καὶ
3095 5368 3228 5440 μετὰ
3256 5365 3409 5418 τοῦτο
3454 5359 3510 5412 τὸ
3545 5359 3692 5448 ρ.ρξον

2174 5475 2356 5535 αὐτοῖς
2388 5473 2447 5524 τὸ
2488 5470 2899 5536 παναγέστατον
2932 5465 3155 5534 ἐπιχέας
3197 5459 3297 5514 ὑπὸ
3325 5457 3420 5524 τὴν
3446 5442 3693 5536 miriﬁci?

501 5571 816 5622 ἀποτίθεται
845 5570 942 5637 τὴν
987 5571 1159 5641 ἱεράν.
1193 5570 1409 5623 Τούτων
1451 5570 1505 5621 δὲ
1545 5569 1688 5626 οὕτω
1720 5571 2245 5639 κατεσκευασμένων
2281 5573 2306 5621 ὁ
2335 5569 2432 5635 μὲν
2464 5561 2610 5628 οἶκος
2673 5560 2983 5632 προσευχῆς
3052 5555 3217 5626 οἶκος,
3281 5556 3315 5624 ἠ
3383 5541 3611 5620 τράπεζα
3647 5533 3693 5585 δε

503 5660 642 5727 πρὸς
671 5660 772 5728 τὴν
807 5662 995 5714 θυσίαν
1026 5661 1139 5731 ἔχει
1171 5664 1261 5715 καὶ
1289 5661 1730 5730 παρεσκεύασται
1759 5662 1852 5715 καὶ
1879 5662 2227 5732 θυσιασήριόν
2265 5662 2411 5715 ἐστιν
2438 5655 2695 5728 ἀτεχνῶς,

582 5843 623 5874 ⁸³
664 5843 804 5963 Ιξςιί.
842 5861 993 5909 “ut,
1034 5847 1087 5910 7,
1126 5849 1174 5901 8.
