3920 6206
261 280 354 344 629

1307 286 1401 344 DE
1445 285 1617 344 VJTA
1665 283 1742 341 IN
1786 285 2113 345 CHRISTO
2155 287 2291 345 LIB.
2337 289 2397 346 V.

3365 293 3470 353 930

324 397 426 449 Τὸν
449 396 506 450 δὲ
543 395 720 464 λόγον,
751 395 868 450 ἀνθ’
899 398 1020 450 ἴτου
1047 398 1247 450 τούτων
1269 399 1616 477 τελουμένων⁵
1634 400 1807 451 ἐκεῖνο

1987 399 2267 453 Rationem
2325 407 2508 455 autetn
2539 399 2952 470 propterquam
2999 401 3087 456 his
3135 407 3473 458 caeremoniis

260 489 478 559 γίνεται,
518 492 611 542 καὶ⁵
650 491 764 552 τοῖς
786 488 862 559 τῷ
899 491 1037 560 ἱερεῖ
1057 492 1465 560 πεπραγμένοις
1499 495 1558 544 τὸ
1585 492 1807 544 τοιαῦτα.

258 581 503 634 δύνασθαι
546 580 644 648 τὴν
689 581 870 634 οἰκίαν
915 582 1011 634 καὶ
1063 583 1160 650 τὴν
1207 582 1486 650 τράπεζαν
1536 584 1807 652 ἀπαντᾷν,

255 673 493 742 λέγωμεν
531 673 656 743 ἠδη,
694 675 1034 746 Θεωροῦντες
1068 675 1296 728 ἒκαστα.

326 765 388 817 Ἤ
425 766 525 834 μὲν
542 761 634 818 οῦν
658 765 898 836 ἀναϐολὴ
916 768 1008 821 καὶ
1029 767 1088 819 τὸ
1108 769 1280 831 οὕτως
1305 769 1704 838 ἐσκευασμένον
1723 773 1813 824 ἐπὶ

253 857 339 924 τὴν
364 856 591 928 τελετὴν
637 859 864 927 ἀφῖχθαι
906 861 994 912 τὸν
1051 861 1346 930 ῑεράρχην,
1395 863 1489 913 τοῦ
1551 865 1688 916 κατὰ
1722 864 1813 916 τὸν

257 949 540 1018 ἄνθρωπον
591 947 985 1020 θυσιαστηρίου
1018 953 1217 1022 γράφει
1255 954 1344 1005 τὸν
1374 953 1542 1006 τύπον
1563 973 1576 987 ο
1607 956 1665 1006 τδ
1708 957 1815 1025 γὰρ

258 1041 428 1094 πᾶσαν
488 1042 894 1109 ἀπονιψάμενον
963 1043 1228 1112 πονηρίαν
1292 1047 1387 1098 καὶ
1447 1046 1585 1118 ὑπὲρ
1660 1047 1816 1116 χιόνα

257 1130 610 1186 λευκανθέντα
642 1133 806 1185 Δα6“;δ
854 1129 975 1186 εἶπε
1023 1136 1266 1187 συνελεῖν
1311 1136 1504 1189 ἑαυτὸν
1553 1139 1645 1190 καὶ
1680 1156 1818 1206 συμ-

260 1221 448 1287 πτύξαι
495 1224 590 1274 καὶ
620 1224 756 1292 προς
786 1223 978 1280 ἑαυτὸν
1009 1223 1194 1276 νεῦσαι
1224 1225 1316 1277 τὸν
1347 1226 1656 1295 ἄνθρωπον,
1687 1227 1820 1280 Θεὸν

260 1313 505 1376 ἐνοικίςει
535 1315 792 1384 καθαρῶς
821 1319 886 1383 τῇ
915 1316 1059 1386 ψυχῇ
1103 1319 1192 1370 καὶ
1234 1317 1621 1388 θυσιαστήριον
1655 1322 1822 1390 ἐργά-

261 1404 401 1466 ζεται
422 1407 522 1469 τὴν
552 1407 798 1476 καρδίαν.
832 1408 1047 1461 Τούτων
1075 1409 1182 1480 γὰρ
1209 1413 1432 1478 σημεῖα,
1475 1412 1567 1464 τοῦ
1605 1413 1726 1480 μὲν,
1760 1413 1822 1466 τὸ

260 1496 454 1563 λευκὴν
502 1493 645 1549 εἶναι
698 1499 792 1550 κει)⁸
838 1499 1164 1568 λάμπουσαν
1209 1502 1358 1569 αὐτῷ
1403 1503 1499 1571 τὴν
1530 1504 1821 1574 ἀναϐολὴν,

262 1588 463 1639 ἐκείνου
505 1588 582 1652 δὲ,
608 1589 669 1640 τδ
692 1590 1027 1659 πανταχόθεν
1062 1591 1196 1659 πρὸς
1231 1593 1420 1645 ἑαυτὸν
1453 1593 1826 1668 ἐπεστρίιιρθαι

261 1679 351 1731 καὶ
396 1681 766 1748 συνεπτύχθαι
798 1682 875 1751 τῷ
909 1681 1121 1751 σώματι
1145 1699 1160 1714 θ
1197 1685 1290 1736 καὶ
1322 1684 1463 1737 οῦτω
1503 1686 1571 1738 δι’
1636 1681 1709 1738 ὧν
1741 1686 1826 1749 EE-

259 1786 406 1823 εστιν
438 1774 496 1823 ὲν
544 1772 727 1840 ἐαυτῷ
762 1773 866 1840 πρὸ
898 1773 990 1826 τοῦ
1027 1775 1288 1842 τεμένους
1329 1776 1388 1827 τὸ
1436 1776 1825 1845 θυσιαστήριον

257 1863 456 1926 δείξας,
483 1863 677 1919 ἔπειτα
699 1864 774 1932 τῷ
799 1866 1014 1933 τεμένει
1039 1867 1137 1936 τὴν
1158 1867 1419 1921 τελοῦσαν
1441 1869 1620 1922 δίδωσι
1648 1873 1824 1938 χεῖρα,

263 1957 499 2023 μάλιστα
535 1957 634 2024 μὲν
692 1956 814 2009 ἐπεὶ
863 1959 957 2010 καὶ
991 1959 1196 2027 τεχνῶν
1241 1961 1354 2022 τοῖς
1407 1962 1829 2031 προϊσταμένοις

262 2049 354 2101 καὶ
392 2048 532 2111 ὅλως
589 2048 766 2102 ὁτιοῦν
818 2049 1143 2120 ἐργάζεσθαι
1198 2053 1518 2120 δυναμένοις
1566 2055 1673 2124 πρὸ
1721 2054 1829 2107 τῶν

262 2140 460 2208 χειρῶν
492 2142 577 2209 ἐφ’
605 2141 798 2194 ἑαυτοῦ
842 2143 1140 2212 συνέστησε
1169 2145 1228 2197 τὸ
1274 2145 1432 2215 ἔργον
1474 2149 1499 2199 ὁ
1539 2146 1826 2218 λογισμός·

265 2233 358 2284 καὶ
381 2235 410 2285 ὁ
441 2235 539 2302 μὲν
570 2233 599 2286 ὃ
629 2237 996 2304 συνεστήσατο
1021 2239 1222 2290 κανόνα
1254 2240 1375 2297 ταῖς
1395 2239 1580 2308 χερσὶν
1603 2238 1829 2306 ἔδωκεν,

267 2325 322 2376 αἱ
355 2325 412 2378 δὲ
437 2326 528 2377 ἐπὶ
552 2326 654 2395 τῆς
687 2326 817 2397 ὕλης
848 2327 1075 2392 ἔδειξαν.
1105 2330 1213 2382 Καὶ
1248 2332 1355 2400 μὴν
1386 2336 1481 2383 καὶ
1509 2331 1833 2402 ζωγράφους

265 2413 384 2468 ἔστι
441 2417 541 2485 μὲν
581 2417 718 2486 πρὸς
773 2417 866 2471 τὸν
921 2419 1234 2489 ἀρχέτυπον
1280 2421 1514 2491 γράφειν
1568 2424 1676 2478 ἀπὸ
1725 2424 1834 2478 τῶν

266 2505 516 2559 πινάκων
578 2511 938 2576 ποιουμένους
984 2509 1083 2578 τὴν
1135 2509 1352 2580 τέχνην,
1402 2511 1480 2564 ἔτι
1528 2513 1583 2566 δὲ
1631 2517 1723 2574 καὶ
1766 2517 1831 2584 τῇ

271 2596 458 2666 μνήμῃ
491 2596 563 2648 τὰ
589 2597 815 2650 τοιαῦτα
861 2599 1175 2668 χρωμένους
1205 2601 1299 2653 καὶ
1328 2601 1464 2670 πρὸς
1511 2603 1609 2673 τὴν
1656 2603 1836 2674 ψυχὴν

266 2685 509 2755 ὁρῶντας
537 2689 923 2758 παράδειγμα·
961 2692 1054 2743 καὶ
1086 2693 1144 2743 ού
1196 2691 1505 2761 ζωγράφοις
1551 2693 1707 2746 τοῦτο
1744 2694 1838 2763 μό-

271 2792 378 2841 νον,
416 2777 532 2830 ἀλλ’
566 2779 667 2849 ἠδη
701 2781 794 2832 καὶ
825 2780 1292 2848 ἀνδριαντοποιοῖς
1322 2782 1417 2835 καὶ¹
1448 2783 1634 2836 οἰκιῶν
1667 2785 1836 2854 ἐργά-

273 2885 390 2931 ταις
419 2869 780 2940 δημιουργοῖς
817 2871 990 2924 ἅπασι
1030 2873 1331 2942 συμϐαῖνον
1365 2873 1464 2926 ι’δοι
1497 2891 1581 2936 τις
1615 2873 1702 2928 ἂν.
1729 2877 1838 2928 Καὶ

273 2961 368 3030 τὴν
400 2961 492 3014 τοῦ
532 2963 781 3032 τεχνίτου
817 2961 994 3033 ψυχὴν
1038 2964 1336 3032 ὀφθαλμοῖς
1381 2965 1530 3028 ἰδεῖν,
1560 2967 1614 3019 εἴ
1654 2984 1736 3029 τις
1770 2963 1838 3038 ἦν

279 3052 509 3122 μηχανὴ,
545 3045 723 3123 αὐτὴν
737 3054 805 3108 ἂν
841 3050 978 3119 εἶδες
1008 3055 1102 3125 τὴν
1121 3057 1298 3110 οἰκίαν
1329 3056 1361 3127 ἢ
1397 3057 1488 3110 τὸν
1523 3057 1835 3128 ἀνδριάντα,
1869 3082 1911 3140 C

278 3140 309 3210 ἦ
333 3144 438 3195 τῶν
463 3144 646 3216 ἔργων
677 3146 856 3200 ὁτιοῦν
891 3148 988 3216 τῆς
1022 3147 1157 3216 ὕλης
1184 3149 1372 3218 χωρίς.

350 3235 584 3289 Ἔπειτα
617 3237 972 3307 παράδειγμα.
993 3239 1085 3292 τοῦ
1113 3239 1502 3312 θυσιαστηρίου
1531 3244 1624 3296 τδν
1660 3244 1842 3313 [epap-

278 3342 374 3395 χην
406 3327 466 3378 ού
507 3327 669 3381 τοῦτο
704 3331 848 3382 ποιεῖ
882 3329 1064 3398 μόνον,
1115 3331 1197 3384 ὅτι
1226 3327 1334 3384 τῶν
1377 3333 1636 3388 τοιούτων
1681 3335 1842 3398 αὐτὸς

280 3418 546 3488 τεχνίτης,
579 3418 696 3470 ἀλλ’
724 3419 807 3472 ὅτι
840 3421 966 3482 ναὸς
1001 3417 1144 3474 εἶναι
1167 3423 1299 3476 Θεοῦ
1336 3424 1430 3477 καὶ
1457 3425 1842 3496 θυσιαστήριον

283 3510 491 3577 ἀληθῶς
521 3510 660 3580 μόνη
691 3511 796 3565 τῶν
824 3512 1118 3582 ὁρωμένων
1149 3516 1182 3584 ὴ
1215 3517 1323 3568 τῶν
1347 3516 1649 3587 ἀνθρώπων
1685 3518 1846 3572 δύνα-

285 3615 366 3651 ται
405 3601 695 3667 adeunda;
729 3601 788 3655 τό
813 3620 875 3664 γε
908 3605 1098 3673 χερσὶν
1127 3605 1430 3676 ἀνθρώπων
1463 3609 1635 3676 παγὲν
1660 3611 1844 3665 εικόνα

285 3689 469 3746 τούτου
506 3691 672 3754 σώζει
705 3693 801 3746 καὶ
838 3694 1010 3747 τύπον
1032 3711 1046 3726 ·
1080 3695 1204 3748 ὅθεν
1232 3697 1338 3750 ἔδει
1365 3697 1425 3751 τὸ
1469 3702 1700 3769 πρᾶγμα
1739 3701 1846 3771 πρὸ

291 3781 382 3843 τῆς
430 3778 638 3845 εἰκόνος
698 3786 754 3836 ἐν
810 3785 886 3853 τῷ
941 3787 1182 3854 σχήματι
1235 3788 1407 3859 τούτῳ
1466 3792 1702 3860 φανῆναι
1753 3795 1846 3844 καὶ

293 3874 515 3944 τάληθὲς
561 3877 677 3938 τοῖς
724 3877 919 3938 τύποις
974 3879 1312 3948 ἡγήσασθαι.
1371 3881 1430 3934 '0
1473 3883 1584 3953 γὰρ
1643 3882 1844 3948 εἰπὼν,

301 3991 317 4023 ι
356 3975 507 4028 Ποῖον
535 3971 682 4029 οἷκον
707 3975 1093 4045 οἱκοῖομήσετέ
1144 3992 1234 4044 μοι
1268 3991 1282 4036 ;
1317 3975 1634 4044 Ἐνοικήσω,
1659 3975 1846 4042 φησὶν,

298 4065 349 4114 ἐν
378 4067 553 4130 αὐτοῖς
587 4071 678 4122 καὶ
704 4068 1166 4138 ὲμπεριπατήσω·
1196 4085 1214 4117 ι
1251 4064 1513 4136 Σημαὶνοι
1535 4065 1579 4119 δ’
1602 4065 1667 4119 ἂν
1694 4061 1847 4134 οἶμαι

299 4162 524 4228 κάκεῖνο,
568 4164 644 4225 ὡς
697 4163 788 4214 τὸν
821 4161 1146 4231 βουλόμενον
1197 4159 1374 4222 ἄλλοις
1422 4159 1615 4224 ὄφελος
1685 4153 1845 4218 εἶναι,

217 4299 228 4318 κ
301 4253 532 4322 προσῆκε
575 4255 840 4324 πρότερον
870 4255 1071 4320 ἐαυτῷ,
1122 4253 1212 4304 καὶ
1244 4250 1334 4304 τὸν
1365 4249 1589 4319 ἀψύχοις
1622 4249 1849 4317 δύναμιν

230 4329 231 4332 η
295 4342 517 4395 ἐνθεῖναι
560 4344 830 4410 τοσαύτην
862 4341 1168 4408 ἠξιωμένον
1193 4338 1368 4406 ἑαυτῷ
1404 4340 1508 4408 πρὸ
1539 4339 1758 4390 ἐκείνων
1781 4338 1848 4390 τὰ

1911 489 2002 543 illa
2034 490 2180 552 ﬁant,
2207 492 2400 560 hisque
2432 509 2460 544 a
2489 492 2772 546 sacerdote
2822 493 3074 561 peractis,
3107 507 3339 561 quorum
3371 494 3474 550 do-

1914 597 2033 635 mus
2065 589 2118 635 et
2151 597 2337 636 mensa
2365 597 2468 637 nos
2495 591 2772 638 moneant.
2813 597 2959 637 nunc
2984 582 3196 654 singula
3223 585 3475 641 conside-

1914 684 2097 726 rantes
2129 671 2445 728 doceamus.

1984 761 2233 815 Amictus
2287 760 2470 830 igitur,
2531 769 2583 815 et
2631 762 2775 829 quod
2825 763 2904 818 sic
2960 761 3028 816 ad
3109 760 3476 816 caerimoniam

1918 853 2497 922 consecrationemquc
2576 854 2763 907 altaris
2851 851 3157 908 obeundam
3233 853 3480 916 accedit,

1917 945 2104 999 altaris
2153 947 2376 1000 humani
2426 954 2614 1015 typum
2662 943 2848 1000 refert.
2916 943 3265 1014 lttiquitalem
3327 945 3484 1013 quip-

1917 1053 1983 1106 pe
2046 1053 2265 1091 omuem
2328 1038 2593 1100 abluisse,
2659 1044 2715 1091 et
2773 1050 2940 1104 super
3015 1038 3194 1092 nivem
3258 1036 3485 1091 dealba-

1921 1139 2034 1183 tum
2085 1144 2226 1191 esse,
2300 1137 2356 1182 ιιι
2417 1127 2582 1181 David
2634 1128 2877 1197 loquitur
2943 1129 3009 1194 “,
3087 1144 3209 1184 sese
3269 1138 3489 1182 contra-
3558 1130 3564 1134 ’

1923 1222 2087 1285 xisse,
2137 1225 2187 1277 in
2244 1231 2416 1277 semet
2455 1221 2815 1288 eonvolvisse,
2887 1223 2938 1275 in
2986 1237 3046 1276 se
3119 1221 3486 1285 descendisse,

1923 1315 2089 1369 Deum
2147 1314 2384 1384 perfecte
2439 1314 2686 1368 habitare
2736 1315 2787 1368 iit
2846 1314 3049 1378 anima,
3086 1324 3140 1368 et
3184 1330 3278 1367 cor
3319 1314 3491 1368 altare

1927 1407 2074 1460 facit.
2109 1406 2314 1460 Horum
2365 1405 2585 1471 iudicia,
2627 1406 2792 1473 hujus
2839 1406 2999 1459 alb-us
3033 1414 3086 1457 et
3115 1407 3318 1460 nitidus
3353 1405 3491 1458 anti-

1926 1507 2082 1563 ctus;
2120 1498 2290 1560 illius,
2315 1500 2458 1568 quod
2486 1507 2629 1552 totus
2665 1500 2730 1551 all
2765 1497 2930 1550 Deum
2967 1509 3050 1552 est
3093 1511 3408 1560 conversus,
3438 1506 3493 1552 et

1926 1592 1974 1647 ei
2015 1605 2245 1659 corpore
2297 1604 2470 1659 prono
2519 1589 2804 1656 supplicat.
2841 1589 2906 1641 Et
2935 1590 3030 1653 ita,
3067 1605 3212 1649 cum,
3250 1604 3343 1656 per
3369 1602 3494 1656 qua:

1930 1691 2127 1751 potest,
2204 1683 2258 1736 in
2311 1683 2492 1750 seipse
2543 1681 2716 1742 altare
2771 1679 2928 1748 prius
2976 1679 3235 1741 ell‘ecerit,
3302 1680 3495 1734 deinde

1930 1775 2135 1844 templo
2170 1789 2392 1828 manum
2433 1773 2681 1827 ultimam
2723 1772 2956 1842 imponit
2984 1787 3000 1836 ;
3027 1773 3261 1826 maxime
3290 1788 3412 1826 eum
3443 1783 3497 1826 et

1930 1866 1980 1918 in
2033 1865 2356 1928 artiﬁcibus,
2409 1875 2459 1919 et
2489 1865 2713 1919 omnino
2769 1866 2822 1920 in
2859 1863 3143 1934 quibusvis
3187 1863 3492 1930 opiliribus,

1931 1965 2055 2010 ante
2085 1972 2306 2025 operam
2341 1971 2600 2010 manuum
2625 1956 2882 2024 cogitatio
2907 1955 2958 2009 in
2982 1957 3158 2024 seipsa
3187 1969 3323 2023 opus
3353 1965 3501 2008 cotu-

1931 2057 2121 2116 ponat,
2161 2058 2214 2101 et
2265 2047 2410 2116 quod
2444 2047 2778 2116 composuit,
2811 2047 2944 2102 illud
2984 2061 3082 2117 pro
3110 2046 3292 2116 regula
3328 2046 3500 2100 mani-

1933 2136 2034 2191 bus
2065 2137 2404 2206 praescribat,
2441 2153 2606 2206 quant
2643 2139 2746 2192 illa:
2772 2138 2828 2192 in
2870 2137 3097 2193 materia
3128 2137 3369 2205 subjecta
3401 2153 3500 2192 er-

1933 2229 2196 2297 prirnunt.
2227 2229 2370 2293 Quin
2400 2230 2565 2284 etiam
2599 2229 2835 2298 pictores
2865 2231 3218 2300 archetypum
3251 2229 3498 2296 pingunt,

1935 2329 2220 2388 artemque
2257 2335 2288 2375 a
2326 2320 2546 2385 tabulis,
2599 2336 2736 2389 quas
2769 2321 3074 2384 imitantur,
3106 2321 3333 2375 ducunt.
3366 2319 3502 2374 Pos-

1935 2420 2064 2465 sunt
2097 2411 2258 2465 etiam
2293 2413 2557 2467 memoria
2608 2421 2663 2467 et
2710 2413 3019 2468 simulacris
3053 2429 3172 2481 qua:
3197 2412 3380 2466 animo
3417 2429 3503 2466 re-

1937 2502 2110 2555 tinent
2156 2518 2255 2572 pro
2282 2503 2545 2572 exemplis
2579 2504 2678 2558 uti.
2719 2504 2832 2558 Hoc
2861 2520 3020 2572 porro
3062 2483 3169 2558 non
3202 2505 3504 2572 pictoribus

1937 2592 2226 2658 duntaxat,
2259 2596 2355 2647 sed
2400 2595 2682 2650 statuariis
2715 2611 2953 2665 quoque,
2985 2605 3037 2651 et
3075 2595 3390 2652 architectis
3450 2605 3507 2652 et

1939 2685 2230 2753 Opiﬁcibus
2261 2687 2478 2741 demunt
2506 2687 2776 2742 universis
2801 2704 2900 2741 usu
2925 2689 3112 2741 venire.
3156 2699 3364 2744 certum
3399 2699 3504 2747 est.

1941 2776 2003 2830 Et
2041 2778 2083 2832 si
2123 2781 2498 2847 quoartilicio
2535 2789 2718 2849 posset
2746 2780 2927 2833 anima
2960 2779 3188 2834 artiﬁcis
3223 2781 3344 2834 istis
3369 2797 3506 2835 ocu-

1941 2869 2008 2923 lis
2035 2870 2227 2936 videri,
2263 2873 2314 2924 in
2348 2887 2409 2925 ca
2454 2872 2816 2937 autdomum,
2863 2880 2956 2924 aut
3003 2870 3233 2940 quodvis
3279 2887 3506 2941 operum

1941 2961 2058 3016 sine
2095 2964 2321 3018 materia
2371 2963 2696 3018 videremus.

2016 3231 2219 3288 Deinde
2262 3233 2603 3288 ltierarcbam
2631 3234 2910 3304 exemplar
2939 3235 3124 3290 altaris
3153 3249 3258 3290 non
3289 3236 3393 3291 hoc
3424 3251 3514 3291 so-

1943 3324 2055 3377 lum
2090 3324 2240 3388 facit,
2276 3326 2419 3393 quod
2473 3327 2665 3378 harum
2713 3341 2892 3379 rerum
2949 3327 3066 3395 ipse
3101 3336 3253 3380 actor
3277 3337 3382 3392 est,
3414 3327 3508 3382 sed

1943 3417 2088 3486 quod
2121 3432 2243 3470 vere
2293 3417 2551 3482 templum
2598 3417 2687 3471 Dei
2744 3429 2797 3472 et
2856 3419 3026 3474 altare
3075 3433 3214 3484 esse,
3276 3419 3393 3474 sola
3445 3434 3514 3474 ex

1944 3509 2108 3562 rebus
2135 3525 2256 3578 quae
2294 3514 2394 3562 sub
2428 3519 2712 3577 aspectum
2764 3512 2990 3574 cadunt,
3028 3511 3267 3566 humana
3315 3521 3510 3566 natura

1945 3610 2143 3670 potest.
2176 3601 2360 3670 Itaque
2388 3603 2642 3658 manibus
2679 3604 2963 3658 hominum
2997 3606 3162 3657 lixum
3194 3614 3246 3658 et
3272 3606 3512 3659 locatum

1947 3692 2239 3760 imaginem
2278 3701 2332 3747 et
2366 3703 2548 3764 typum
2586 3695 2745 3761 hujus
2781 3705 2981 3750 servat.
3015 3695 3094 3749 Ex
3130 3712 3240 3765 quo
3294 3706 3512 3769 oporte-

1946 3785 2039 3838 bat
2069 3800 2182 3838 rem
2217 3796 2341 3840 ante
2378 3787 2666 3855 imaginem
2697 3788 2748 3840 in
2783 3789 3060 3842 schemate
3099 3790 3197 3842 hoc
3231 3804 3513 3861 apparere,

1947 3883 2002 3930 et
2037 3878 2321 3930 veritatem
2374 3876 2568 3931 formis
2603 3880 2943 3934 antecedere.
2982 3880 3085 3944 Qui
3137 3879 3280 3934 enim
3335 3881 3514 3936 dixit:

1955 3989 1974 4021 ι
2021 3969 2276 4039 Nunquid
2307 3971 2525 4024 domum
2551 3979 2606 4025 tu
2640 3972 2934 4026 aedilicabis
2983 3973 3112 4025 milii
3162 3974 3226 4027 ad
3269 3975 3519 4028 habitan-

1949 4066 2076 4119 dum
2091 4064 2169 4118 ⁸³⁸2
2195 4081 2318 4116 ι--ι
2352 4062 2640 4128 Habitabo,
2659 4064 2851 4133 inquit,
2869 4065 3006 4118 inter
3024 4079 3135 4124 vos.
3153 4072 3205 4118 et
3221 4065 3519 4122 inambula-

1951 4159 2131 4222 δον.»
2172 4157 2304 4210 Illud
2365 4156 2490 4210 item
2522 4155 2806 4224 signiﬁcat,
2839 4157 3052 4225 opinor,
3098 4158 3366 4212 volentem
3398 4158 3519 4214 aliis

1951 4251 2319 4311 commodare,
2355 4259 2481 4304 ante
2511 4250 2728 4303 sibimet
2751 4249 2945 4303 debere
2969 4251 3225 4318 prodesse
3245 4267 3258 4316 ;
3278 4263 3331 4306 et
3358 4253 3518 4306 rebus

1953 4343 2212 4398 inanimis
2242 4351 2444 4396 tantant
2497 4342 2750 4396 virtutem
2785 4342 3075 4396 immittere
3128 4345 3514 4411 postulantem,

293 4433 508 4485 τοιαῦτα
569 4433 827 4500 λυσιτελῆ
881 4432 1254 4497 καταστῆναι,
1314 4428 1564 4499 καθάπερ
1615 4427 1710 4479 καὶ
1761 4428 1837 4479 τὸι

1956 4437 2058 4489 sibi
2093 4439 2245 4504 prius
2278 4439 2391 4488 tunc
2425 4434 2574 4488 utilia
2623 4433 2850 4487 reddere
2883 4435 3046 4502 (sicut
3098 4447 3151 4488 et
3204 4437 3517 4506 episcopum

295 4523 579 4577 ἐπίσκοπον
612 4523 824 4584 Παῦλος
855 4522 1054 4586 ἠξίωσε
1099 4521 1251 4573 πόλει
1304 4521 1396 4571 καὶ
1438 4519 1631 4587 δήμοις
1661 4519 1854 4587 ἐσόμε-

297 4633 377 4668 νον
417 4617 620 4684 ἀγαθὸν
652 4617 744 4684 ἀφ’
781 4615 962 4676 ἑστίας
998 4611 1287 4684 ἄρξασθαι,
1325 4613 1416 4663 καὶ
1442 4611 1530 4662 τὸν
1559 4612 1855 4680 οἰκήσοντα
1901 4621 1910 4626 ”

293 4709 465 4770 καλῶς
495 4708 594 4777 τὴν
626 4708 806 4760 οἰκίαν
837 4705 1026 4758 ἑαυτὸν
1055 4704 1194 4756 κατᾶ
1225 4704 1313 4754 τὸν
1345 4701 1507 4768 ὀρθὸν
1533 4701 1689 4767 λόγον
1719 4701 1852 4768 προ-

289 4816 440 4869 τερον
470 4801 718 4868 ἀγαγεῖν.
749 4799 928 4848 Δείται
972 4794 1030 4846 δὲ
1063 4792 1156 4844 τοῦ
1199 4791 1335 4843 Θεοῦ
1387 4790 1524 4858 πρὸς
1567 4791 1626 4841 τὸ
1659 4789 1853 4858 ἔργον⁸

290 4894 384 4945 καί
414 4893 518 4962 γὰρ
548 4892 746 4944 ἁνῦσαι
784 4888 881 4957 μὲν
913 4883 1120 4938 δύναιτ’
1153 4883 1216 4936 ἂν
1246 4883 1420 4943 οὐδεὶς
1473 4882 1546 4949 μὴ
1592 4880 1686 4932 τοῦ
1719 4878 1854 4932 Θεοῦ

289 4981 484 5053 τυχὼν,
519 4982 638 5035 οὐδὲ
662 4982 768 5034 τῶν
799 4979 976 5032 ἄλλων
1005 4978 1183 5040 οὐδὲν,
1215 4975 1448 5044 μάλιστα
1494 4973 1551 5024 δὲ
1600 4971 1709 5024 τῶν
1759 4990 1858 5040 μυ-

289 5075 544 5144 πηρέων,
604 5074 662 5125 ἐν
717 5067 798 5132 οἷς
845 5071 905 5122 τὸ
956 5071 1064 5121 πᾶν
1117 5067 1328 5120 ἐκείνου
1363 5063 1622 5131 καθαρῶς
1675 5061 1857 5130 ἔργον.

299 5167 452 5220 Ἐπεὶ
500 5167 556 5218 δὲ
604 5167 632 5216 ὁ
693 5162 874 5223 κοινὸς
924 5160 1206 5227 Δεσπότης
1254 5158 1359 5210 τῶν
1409 5155 1611 5208 δούλων
1659 5154 1758 5206 οὐκ
1798 5152 1856 5217 ἐξ

283 5262 659 5328 ἐπιτάγματος
683 5253 1017 5325 προύνοήθη.
1049 5250 1155 5303 οὐδ’
1192 5248 1404 5315 ἔπεμψε
1435 5246 1558 5308 τοὺς
1589 5247 1855 5314 ἐπιμελη-

283 5352 566 5418 σομένους,
613 5347 726 5401 ἀλλ’
773 5347 934 5407 αὐτὸς
967 5341 1118 5413 ἦλθε,
1158 5342 1253 5394 κοιλ⁶
1293 5341 1508 5392 πάντων
1544 5338 1609 5390 δι’
1641 5332 1716 5389 ὧν
1749 5337 1856 5388 ἔδει

287 5443 478 5494 σώσων
516 5437 813 5508 αὐτουργὸς
957 5434 1147 5486 τούτου
1177 5431 1335 5500 χάριν
1364 5429 1452 5480 τὸν
1485 5428 1744 5497 ἱεράρχην
1769 5426 1857 5477 τὸν

285 5533 500 5585 ἐκείνου
530 5532 817 5583 δεικνύντα
855 5523 1106 5596 μαθητὴν
1135 5519 1454 5590 αὐτοχειρίᾳ
1488 5518 1761 5587 πηγνύναι
1790 5517 1853 5576 τὰ

1955 4529 2156 4582 Paulus
2196 4541 2410 4594 aequum
2439 4527 2648 4578 censuit
2688 4525 2804 4578 urbi
2831 4536 2883 4579 et
2913 4527 3125 4595 populis
3150 4529 3520 4597 profututuut,

1955 4635 1983 4670 a
2016 4618 2179 4669 domo
2229 4632 2325 4669 sua
2364 4616 2598 4683 incipere
2632 4615 2698 4682 ’⁷)
2732 4625 2785 4668 ct
2833 4615 2969 4668 bene
3021 4618 3520 4674 administraturum

1955 4707 2200 4768 domum,
2237 4709 2478 4774 seipsum
2512 4707 2808 4760 secundum
2839 4718 3042 4760 rectam
3079 4709 3339 4763 rationem
3375 4713 3525 4780 prius

1958 4813 2165 4866 regere.
2227 4797 2376 4865 Opus
2447 4808 2530 4850 est
2575 4808 2754 4850 autem
2809 4799 2915 4851 Deo
2967 4798 3034 4851 ad
3068 4800 3170 4854 hoc
3203 4815 3362 4868 Opus,
3405 4804 3524 4858 sine

1959 4893 2118 4956 cujus
2152 4905 2256 4957 ope
2302 4905 2401 4942 nec
2433 4889 2576 4942 aliud
2627 4890 2946 4958 quidquam,
2996 4891 3196 4944 nedum
3239 4898 3522 4964 mysteria.

1960 4980 2014 5033 itt
2043 4979 2238 5048 quibus
2281 4989 2454 5032 totum
2517 4995 2658 5046 opus
2704 4980 2852 5034 illius
2882 4979 3054 5034 solius
3105 4991 3208 5046 est,
3271 4999 3527 5052 peragere

1959 5084 2143 5142 queat.
2169 5072 2306 5136 Quia
2341 5088 2470 5125 vero
2501 5072 2806 5125 communis
2841 5082 2924 5125 est
2964 5071 3244 5141 Dominus,
3285 5089 3389 5126 non
3432 5091 3526 5143 per

1962 5166 2320 5220 subsidiarios
2356 5165 2636 5218 consuluit
2685 5164 2858 5218 servis
2909 5165 3044 5229 suis,
3105 5181 3202 5219 nec
3245 5174 3526 5218 curatores

1967 5258 2136 5321 misit,
2173 5257 2265 5310 sed
2321 5257 2554 5324 ipsemet
2613 5253 2783 5316 venit,
2835 5263 2890 5306 et
2947 5254 3129 5306 omnia
3197 5269 3316 5320 qua:
3379 5254 3526 5306 salus

1966 5360 2152 5403 nostra
2244 5348 2602 5414 requirebat,
2707 5361 2802 5414 per
2862 5361 2921 5399 se
2990 5346 3221 5414 ipsemet
3316 5343 3527 5410 praesti-

1969 5444 2051 5498 tit.
2102 5442 2276 5505 Quam
2325 5440 2394 5493 ob
2444 5454 2689 5501 causam,
2739 5437 3079 5492 hierarehatn
3146 5436 3292 5489 illius
3331 5449 3390 5487 se
3447 5435 3530 5486 di-

1968 5533 2236 5601 scipulum
2282 5530 2681 5593 ostendentem,
2731 5543 2826 5583 sua
2858 5543 3019 5580 manu
3085 5526 3254 5579 altare
3292 5533 3531 5581 statuere

361 5732 404 5762 "
446 5727 586 5784 i‘sal.
617 5743 670 5794 ι,
705 5726 758 5780 9.
840 5724 881 5755 ³⁵
920 5721 960 5774 ll
1007 5720 1137 5790 Reg.
1171 5734 1266 5786 vn,
1300 5718 1353 5773 Ei.
1430 5714 1667 5769 “Levii.
1710 5709 2223 5780 XXV!,12;HCOI‘.
2272 5724 2344 5774 Vl,
2386 5706 2469 5763 16.
2547 5672 2592 5739 ’θ
2635 5705 2654 5758 ι
2699 5703 2839 5758 Tim.
2869 5719 2957 5770 tit,
2994 5703 3114 5757 2-5.
