3982 6208
334 294 451 354 fill

1458 291 1556 350 DE
1592 290 1769 350 VlTA
1811 290 1892 351 1N
1932 289 2263 351 CHRIS’IU
2301 288 2445 349 LlB.
2487 288 2581 351 VI.

3498 288 3605 356 (Si?

339 403 499 463 εἰκός
552 404 669 454 ἐστι
712 403 819 455 ικαὶ
876 403 1193 473 συμϐαῖνον,
1246 405 1344 475 τήν
1374 404 1517 475 ζωὴν
1571 405 1673 458 οὐκ
1704 404 1925 474 ἀγαπᾷν

2031 399 2331 468 putationis
2359 407 2562 453 nostra
2597 398 2667 454 de
2695 398 2805 454 vita
2832 400 2887 455 in
2929 399 3162 455 Christo
3198 402 3339 456 hanc
3387 417 3609 473 quoque

337 494 679 561 δεξαμένους
710 494 835 545 οὐδὲ
883 495 1189 562 καθεύδειν,
1234 496 1311 558 ὡς
1341 497 1407 549 ἂν
1435 497 1497 548 τὸ
1526 498 1636 548 πᾶν
1680 496 1930 565 ἔχοντας,

340 584 487 636 ἀλλὰ
518 586 613 637 καὶ
658 584 727 637 δι’
773 577 851 637 ὧν
904 586 1246 655 φυλάξομεν,
1282 588 1531 657 προσῆκε
1588 588 1796 657 ζητεῖν,
1837 587 1931 638 τὸν

346 675 471 728 ἴσον
494 678 693 745 τρόπον
724 679 827 731 κάν
863 682 976 743 τοῖς
1006 682 1135 751 περὶ
1168 682 1275 733 τῶν
1307 684 1593 751 προτέρων
1628 681 1754 743 τοῦς
1801 682 1933 750 περὶ

340 768 460 819 τῶν
511 768 783 838 δευτέρων
814 772 1158 840 προσθεῖναι,
1212 774 1307 825 καὶ
1341 772 1467 826 ὅθεν
1506 772 1783 842 ὲζήσαμεν
1835 774 1933 826 καὶ

338 862 499 922 ὅπως
519 862 614 913 καὶ
642 861 695 912 τί
722 862 995 925 παθόντες
1026 864 1309 928 εἰπόντας,
1340 864 1535 918 ἔπειτα
1563 866 1617 917 τί
1647 864 1931 927 ποιοῦντες

292 920 412 1007 ftoﬁ
450 920 805 1020 προδώσομεν
836 952 938 1023 τὴν
976 920 1351 1025 εὐδαιμονίαν,
1404 956 1701 1009 ἀκόλουθον
1744 955 1814 1009 ἂν
1842 920 1928 1026 εἴη

308 1037 667 1140 γδιεξελθεῖν.
696 1044 893 1097 Καίτοι
918 1045 1081 1099 τοῦτο
1103 1048 1208 1116 μέν
1241 1048 1393 1100 ἐστιν
1417 1048 1588 1118 ἁρετὴ
1619 1048 1715 1101 ttat
1735 1048 1796 1101 τὸ
1829 1049 1932 1118 ζῇν

301 1136 493 1237 ἐντατὰ
526 1140 616 1188 τον
641 1136 802 1206 όρθδν
835 1138 1029 1205 λόγον’
1070 1139 1281 1193 τούτων
1320 1140 1377 1193 δὲ
1404 1140 1534 1210 πέρι
1572 1140 1796 1204 πολλοῖς
1830 1142 1929 1207 μὲν

299 1229 309 1244 ”
339 1230 568 1297 εῐρηται
593 1229 701 1281 τῶν
720 1230 988 1299 ἀρχαίων,
1017 1232 1237 1296 πολλοῖς
1257 1234 1317 1286 δὲ
1338 1234 1449 1286 τῶν
1468 1234 1683 1298 ἔπειτα,
1707 1235 1803 1288 καὶ
1828 1235 1931 1287 οὐκ

337 1320 499 1372 ἔστιν
535 1320 565 1373 ὃ
605 1324 864 1391 παρεῖται
910 1322 1031 1375 δέον
1075 1324 1355 1393 εἰρῆσθαι,
1388 1327 1486 1378 καὶ
1525 1325 1830 1378 κινδυνεύει
1862 1326 1931 1395 δὴ

336 1413 644 1481 περίεργον
666 1412 733 1465 ἂν
762 1415 898 1483 ἡμῖν
920 1416 1014 1466 τὸν
1047 1415 1236 1483 ἀγῶνα
1261 1416 1450 1470 τοῦτον
1478 1416 1731 1487 ήνῦσθαι.
1773 1416 1931 1470 Ἐπεὶ

331 1503 392 1556 δ’
426 1497 501 1557 ὧν
549 1504 608 1570 ἐξ
643 1505 815 1574 ἀρχῆς
854 1507 1276 1576 ἑνεστησὰμεθα
1310 1510 1405 1563 καὶ
1454 1509 1515 1561 τδ
1551 1509 1681 1577 περὶ
1716 1509 1929 1562 τούτων

332 1597 528 1649 εἰπεῖν
566 1597 971 1664 ἀπαιτούντων,
1020 1601 1071 1652 εὶ
1112 1600 1224 1671 μὴν
1272 1601 1632 1670 προσθεῖμεν,
1676 1603 1781 1655 οὐκ
1814 1602 1932 1654 ἔστι

333 1687 460 1740 σῶν
494 1684 635 1740 εἶναι
662 1686 756 1740 τὸν
798 1689 978 1758 λόγον,
1016 1692 1211 1761 ῥητέον
1240 1691 1317 1753 ὡς
1348 1686 1462 1746 οἷόν
1493 1710 1577 1756 τι,
1616 1693 1653 1747 ἃ.
1691 1694 1792 1762 μὲν
1819 1692 1926 1746 ῖδια

2031 503 2241 561 partem
2281 492 2537 546 facimus.
2582 491 2739 547 Sicut
2779 507 3019 563 namque
3069 496 3125 549 in
3150 495 3317 550 rebus
3348 497 3609 550 humanis

2032 584 2234 638 rationi
2266 584 2620 639 consentiens
2647 594 2757 647 est,
2778 594 2835 639 et
2861 586 2977 639 ﬁeri
3002 590 3310 653 consuevit,
3344 598 3407 642 ut
3437 590 3601 643 vitam

2030 676 2311 745 accepisse
2346 691 2454 728 non
2488 677 2620 731 satis
2674 676 2995 739 habeamus,
3025 693 3200 748 neque
3254 681 3375 734 ideo
3400 681 3609 735 inertia

2029 784 2096 822 ac
2127 784 2324 823 somno
2357 784 2457 821 nos
2485 768 2769 834 dedamus,
2798 770 2959 839 quasi
2980 770 3095 838 jam
3124 772 3308 839 omnia
3352 775 3609 843 suppedi-

2032 869 2171 924 tent,
2202 861 2296 913 sed
2333 861 2556 927 insuper
2585 859 2789 928 quibus
2833 875 2953 914 eam
3004 862 3181 916 modis
3226 878 3293 917 ac
3326 865 3429 919 viis
3451 874 3608 920 tuea-

2032 952 2687 1019 mur_'circumspiciamus
2710 969 2727 1017 ;
2763 953 2838 1004 ita
2862 966 2923 1006 se
2949 952 3004 1006 in
3029 953 3131 1008 hac
3171 956 3494 1011 tractatione
3520 974 3609 1013 res

2033 1042 2218 1108 habet,
2244 1050 2299 1096 et
2349 1058 2471 1111 quae
2526 1044 2679 1111 prius
2730 1058 2762 1096 a
2820 1042 2976 1098 nobis
3030 1044 3355 1101 disserendo
3410 1050 3609 1103 tradita

2028 1146 2182 1201 sunt,
2219 1136 2286 1189 iis
2312 1136 2597 1203 sequentia
2632 1135 3038 1204 coniungenda.
3068 1138 3318 1209 Cumque
3352 1142 3608 1196 docueri-

2033 1244 2157 1282 mus
2179 1228 2427 1293 unde,et
2474 1230 2771 1296 quomodo.
2814 1232 3019 1300 etquid
3066 1231 3226 1286 nobis
3276 1231 3391 1286 fieri
3435 1233 3607 1287 susti-

2032 1328 2246 1383 nentes,
2270 1319 2437 1372 vitam
2464 1319 2860 1386 adipiscamur,
2894 1322 3145 1390 sequitur
3174 1324 3309 1390 jam,
3366 1332 3427 1377 ut
3476 1324 3606 1392 quid

2030 1411 2309 1479 agendum
2368 1412 2465 1474 sit,
2514 1426 2584 1463 ne
2622 1412 2875 1479 adeptam
2922 1412 3237 1469 felicitatem
3288 1414 3605 1482 prodamus,

2031 1504 2525 1559 demonstrandum
2563 1503 2837 1557 videatur.
2874 1505 2987 1559 iloc
3027 1522 3157 1560 vero
3184 1508 3331 1561 aliud
3371 1509 3611 1562 nibilest

2033 1599 2140 1652 nisi
2183 1600 2437 1651 virtutem
2470 1597 2673 1660 colere,
2700 1609 2971 1667 rectaeque
2996 1600 3192 1653 rationi
3221 1601 3611 1656 convenienter

2035 1688 2239 1740 vivere.
2288 1687 2421 1753 Quae
2450 1698 2774 1758 argumenta
2810 1700 3022 1745 veteres
3070 1692 3249 1756 multi,
3305 1708 3414 1746 non
3450 1694 3609 1762 pauci

329 1782 457 1836 τῶν
475 1782 831 1852 ἀνθρωπίνων
856 1784 989 1853 βίων
1015 1785 1234 1855 ἑκάστῳ
1256 1787 1505 1856 προσῆκε
1524 1787 1736 1839 πολλῶν
1754 1788 1926 1841 ὄντων

2034 1781 2165 1831 item
2202 1782 2538 1834 recentiores
2590 1781 2723 1833 totis
2772 1780 2929 1835 libris
2980 1785 3251 1849 persecuti
3303 1794 3453 1848 sunt,
3507 1800 3610 1840 nec

330 1875 783 1944 παραλιπόντας,
819 1869 894 1929 ὧν
916 1875 968 1930 δ’
998 1876 1255 1947 ὐπόχρεῳ
1293 1880 1445 1947 κοινῇ
1489 1876 1567 1947 τῷ
1603 1877 1725 1949 Θεῷ
1763 1878 1929 1931 καθέ-

332 1983 561 2035 σταμεν
591 1967 815 2033 πάντες,
854 1967 1029 2021 ταῦτα
1069 1969 1433 2032 σκοποῦντας.
1474 1968 1615 2022 οὔτε
1663 1968 1773 2039 γὰρ
1822 1969 1925 2041 τὴν

328 2046 523 2128 ἂύτὴν
548 2060 747 2129 ἀρετὴν
774 2062 921 2114 εἴποι
950 2078 1036 2124 τις
1058 2062 1124 2115 ἂν
1145 2059 1289 2116 εῖναι
1313 2062 1426 2116 δεῖν
1448 2061 1557 2115 τῶν
1585 2080 1645 2116 τε
1671 2064 1739 2117 τὰ
1766 2064 1925 2117 κοινὰ

330 2148 810 2219 πολιτευομένων,
862 2154 958 2205 καὶ
988 2153 1040 2205 οἳ
1080 2153 1150 2206 τὰ
1189 2152 1369 2207 αὑτῶν
1409 2155 1765 2224 πράττουσιν,
1800 2154 1927 2207 οῦτε

326 2242 437 2294 τὸν
473 2245 613 2312 μετὰ
642 2243 706 2296 τὸ
738 2245 967 2315 λουτρὸν
1011 2247 1089 2314 τῷ
1134 2246 1255 2315 Θεῴ
1283 2247 1454 2316 μηδὲν
1488 2248 1648 2301 πλέον
1680 2248 1927 2317 ὑπεσχη-

330 2337 553 2405 μένων,
580 2340 675 2390 καὶ
703 2333 784 2401 οἷς
818 2342 847 2392 ό
877 2339 998 2409 βίος
1030 2340 1304 2411 μονὼτης,
1341 2341 1393 2393 οἳ
1428 2342 1727 2411 παρθενίαν
1760 2342 1931 2411 πρού-

326 2429 618 2497 στήσαντο
642 2431 817 2483 καὶτὸ
842 2432 1013 2501 μηδὲν
1033 2432 1201 2501 ἔχειν,
1226 2436 1323 2486 καὶ
1348 2432 1426 2503 μὴ
1454 2434 1616 2501 μόνον
1647 2432 1810 2485 ἄλλου
1832 2432 1927 2485 τοῦ

328 2520 652 2588 κτήματος,
686 2521 927 2575 ἀλλὀὐδ’
957 2523 1115 2576 αὐτοὶ
1149 2523 1303 2592 σφῶν
1334 2522 1513 2577 αὐτῶν
1547 2519 1689 2576 εῐναι
1718 2523 1926 2593 κύριοι.

331 2617 563 2681 bemus,
617 2632 716 2686 pro
744 2615 1002 2672 facultate
1047 2617 1337 2671 dicendum
1381 2628 1481 2672 est.

2034 1870 2332 1939 quidquam
2364 1871 2509 1939 quod
2544 1870 2687 1925 dicto
2719 1885 2860 1939 opus
2891 1870 3087 1926 fuisset
3121 1875 3607 1941 praetermiserunt,

2028 1964 2402 2031 ctpericulum
2429 1973 2534 2025 est,
2560 1978 2628 2016 ne
2658 1964 2927 2018 inutiliter
2944 1979 3165 2033 operam
3195 1982 3607 2024 eonsumamus.

2029 2054 2171 2121 Quia
2202 2065 2383 2109 tamen
2413 2062 2536 2122 que
2568 2055 2640 2109 ab
2672 2056 2830 2109 initio
2854 2071 2957 2111 nos
2979 2057 3047 2110 ad
3080 2058 3427 2112 scribendum
3455 2059 3609 2113 exci-

2033 2155 2240 2209 tarunt,
2269 2145 2462 2200 cadent
2496 2148 2562 2199 de
2604 2146 2691 2201 his
2722 2147 2885 2201 verba
2915 2148 3031 2202 tieri
3064 2150 3372 2216 postulant,
3403 2161 3458 2205 et
3500 2150 3609 2206 nisi

2031 2254 2097 2293 ea
2134 2240 2427 2302 addamus,
2498 2255 2608 2291 non
2658 2248 2743 2293 est
2797 2240 3006 2308 integra
3059 2239 3239 2293 futura
3284 2242 3609 2308 disputatio,

2031 2333 2255 2385 omissis
2274 2347 2397 2399 qua
2424 2332 2720 2400 separatim
2746 2332 2948 2400 cuique
2986 2333 3172 2400 generi
3199 2333 3320 2386 vitae
3355 2332 3610 2388 humana

2034 2436 2342 2496 congruunt
2376 2426 2573 2493 (multa
2609 2436 2790 2476 autent
2839 2434 2969 2478 sunt
2996 2425 3250 2494 genere),
3292 2427 3467 2494 iisque
3493 2436 3613 2481 tan-

2037 2529 2153 2573 tum
2186 2518 2568 2579 consideratis,
2606 2533 2727 2586 quae
2752 2519 3116 2570 communiter
3154 2534 3345 2574 omnes
3374 2518 3482 2573 Deo
3515 2521 3613 2574 de-

1568 2616 1755 2685 Neque
1804 2616 1951 2671 enim
1992 2615 2239 2669 eamdem
2280 2612 2538 2665 virtutem
2577 2612 2851 2680 quispiam
2918 2611 3119 2664 dixerit
3170 2628 3295 2666 esse
3356 2624 3613 2683 oportere

328 2711 743 2780 rempublicam
796 2710 1323 2777 administrantium,
1350 2720 1406 2767 et
1454 2712 1789 2779 privatorum
1816 2726 1838 2775 ;
1899 2725 2076 2779 neque
2106 2722 2297 2763 eorum
2328 2708 2422 2777 qui
2452 2709 2611 2776 aquis
2641 2704 2795 2760 tincti
2824 2704 3159 2758 salutaribus
3218 2706 3351 2759 nihil
3412 2723 3611 2763 novum

333 2802 466 2856 Deo
510 2805 902 2874 promiserunt,
933 2815 989 2859 et
1009 2804 1105 2874 qui
1133 2806 1299 2859 vitam
1336 2804 1392 2858 in
1432 2804 1727 2859 solitudine
1754 2804 2047 2874 agitantes,
2067 2802 2375 2857 castitatem
2398 2810 2451 2855 et
2482 2808 2857 2870 paupertatem
2894 2799 2996 2853 sibi
3022 2799 3354 2869 pt'olitendas
3381 2801 3602 2873 delege-

322 2902 503 2962 runt,
557 2905 613 2950 ea
646 2896 703 2949 in
743 2896 921 2951 aliena
959 2910 1133 2965 usque
1187 2896 1325 2951 adeo
1375 2894 1654 2951 dominari
1710 2896 1922 2959 nolunt,
1965 2904 2026 2948 ut
2052 2907 2156 2949 sua
2190 2892 2438 2961 ipsorum
2472 2892 2765 2960 abjiciant.

423 3081 491 3133 Ὃ
514 3078 570 3131 δὲ
604 3077 781 3130 κοινόν
813 3078 962 3129 ἐστιν
991 3076 1168 3130 ineat
1195 3077 1359 3146 χρέος
1384 3077 1497 3139 τοῖς
1530 3075 1637 3128 ἀπὸ
1677 3072 1922 3145 Χριστοῦ

323 3170 731 3239 καλουμένοις,
766 3168 956 3238 ὥσπερ
986 3169 1125 3223 αὐτὸ
1156 3167 1221 3237 δὴ
1255 3169 1318 3220 τὸ
1353 3168 1675 3239 πρόσρημα,
1712 3166 1807 3219 καὶ
1839 3165 1928 3219 δεῖ

328 3263 559 3324 πάντας
610 3261 817 3328 ὁμοίως
867 3261 1225 3328 εἰσενεγκεῖν,
1282 3259 1421 3329 ὑπὲρ
1469 3252 1535 3313 οῦ
1588 3260 1696 3311 πᾶν
1740 3256 1923 3311 ότιοῦν

2098 3070 2256 3137 Quod
2289 3080 2472 3125 autem
2508 3070 2760 3125 omnium
2792 3088 2821 3126 a
2852 3070 3072 3126 Christo
3094 3078 3311 3130 nomen
3370 3076 3595 3133 trahen-

2025 3161 2164 3215 tium
2194 3176 2487 3217 commune
2519 3160 2767 3214 debitum
2798 3170 2906 3226 est,
2942 3162 3085 3218 sicut
3121 3166 3237 3234 ipsa
3284 3168 3603 3235 appellatio,

2021 3254 2283 3323 quodque
2318 3268 2514 3307 omnes
2544 3267 2701 3321 atque
2732 3266 2989 3322 praestare
3014 3266 3257 3324 oportet,
3294 3259 3458 3326 cujus
3501 3275 3602 3316 ne-

326 3355 779 3423 προῖσχομὲνους
806 3354 907 3405 οὐκ
939 3351 1057 3403 ἔστι
1092 3350 1543 3422 παραιτήσασθαι
1574 3352 1703 3414 τοὺς
1736 3350 1924 3404 ἀπολι-

2031 3352 2311 3420 gligentes,
2336 3349 2605 3419 quidquid
2636 3351 2994 3420 praetendant,
3054 3366 3163 3405 non
3232 3362 3459 3421 possunt
3476 3372 3609 3425 sup-

328 3444 622 3510 πομένους
652 3444 715 3495 οὗ
746 3441 846 3512 τὴν
894 3442 1137 3512 ἠλικίαν,
1177 3442 1239 3495 οὐ
1271 3442 1492 3512 τέχνην,
1519 3444 1580 3495 οὐ
1611 3442 1783 3512 τύχην
1809 3441 1921 3495 οὐδ’

323 3536 619 3606 ἡντινοῦν,
649 3535 714 3588 οὐ
762 3536 859 3605 τὴν
898 3536 1187 3604 ἐσχατιὰν,
1224 3536 1289 3588 οὐ
1322 3538 1422 3605 τὴν
1451 3539 1709 3606 ἐρημίαν,
1734 3536 1795 3587 οὐ
1825 3534 1923 3596 τὰς

327 3626 560 3691 πόλεις,
587 3628 650 3679 οὐ
682 3627 809 3687 τοὺς
840 3626 1128 3697 θορύϐους,
1161 3629 1263 3680 οὐκ
1292 3628 1421 3681 ἄλλο
1440 3628 1545 3679 τῶν
1566 3630 1783 3682 πάντων
1801 3626 1922 3679 οὐδὲ

324 3719 436 3781 ἓν,
462 3718 546 3783 ἐφ’
574 3716 611 3770 ἃ
644 3734 709 3769 συ
714 3716 996 3786 μδέὁηκεν
1028 3718 1467 3787 ἐγκαλουμένους
1498 3722 1823 3789 ἀναχωρεῖν,
1846 3718 1922 3780 ὡς

324 3810 561 3872 οὐδενὸς
619 3808 771 3878 αὐτῷ
827 3810 1197 3878 προΐστασθαι
1254 3810 1556 3879 δυναμένου
1608 3811 1707 3863 καλ⁵
1757 3811 1922 3861 πᾶσιν

328 3903 498 3967 ἐξὸν,
542 3905 611 3972 τῇ
658 3900 750 3954 τοῦ
792 3900 1034 3971 Χριστοῦ
1078 3901 1298 3971 θελήσει
1334 3901 1412 3971 μὴ
1462 3901 1743 3970 πολεμεῖν,
1786 3899 1921 3951 ἀλλὰ

326 3994 479 4055 τοὺς
514 3994 723 4047 ἐκεῖθεν
757 3994 821 4046 ὲκ
877 3993 1082 4055 παντὸς
1131 3993 1337 4063 τρόπου
1389 3991 1666 4055 σώζοντας
1722 3992 1923 4059 νόμους

332 4084 500 4155 πρὸς
527 4085 763 4153 τάκεῖνῳ
785 4081 1053 4137 δοκοῦντα
1098 4083 1398 4138 διατιθέναι
1442 4084 1533 4136 τὸν
1564 4083 1705 4153 βίον.
1738 4083 1924 4136 Ταῦτα

327 4174 601 4245 γὰροῦτε
624 4178 859 4246 κρείττω
881 4175 1161 4245 δυνάμεως
1184 4174 1535 4245 ἀνθρωπείας
1559 4174 1709 4229 ἔστιν
1725 4176 1919 4239 εἰπεῖν,

328 4266 416 4320 οὐ
464 4269 572 4333 γὰρ
615 4265 681 4317 ἂν
723 4268 835 4328 τοῖς
870 4263 1287 4334 παρανομοῦσιν
1325 4264 1510 4317 ἔκειτο
1547 4265 1695 4335 δίκη,
1726 4266 1835 4317 τῶν
1864 4281 1924 4317 τε

332 4356 695 4426 Χριστιανῶν
712 4358 812 4409 οὐκ
828 4356 976 4410 ἔστιν
998 4356 1198 4418 οὐδεὶς,
1220 4355 1278 4417 ὃς
1301 4356 1403 4408 οὐκ
1420 4357 1503 4417 εἰς
1527 4355 1686 4423 ἔργον
1711 4356 1925 4409 ἅπαντα

331 4451 584 4516 ἀγαγεῖν
623 4447 803 4517 ἑαυτῷ
846 4447 1087 4501 σύνοιδεν
1119 4448 1409 4516 ὑπόχρεως
1454 4446 1557 4501 ὥν.
1604 4447 1672 4499 Οἵ
1716 4464 1779 4513 γε
1825 4448 1925 4516 τὴν

332 4542 533 4611 ἀρχὴν
562 4540 710 4609 αὐτῷ
756 4541 1076 4610 προσιόντες
1102 4536 1139 4609 ἦ
1170 4540 1279 4610 μὴν
1323 4541 1416 4594 διὰ
1445 4539 1666 4592 πάντων
1699 4539 1927 4592 ἀκολου-

335 4633 543 4701 θήσειν
582 4631 818 4701 ηῦξαντο
863 4632 1069 4693 πάντες
1120 4632 1328 4699 ὁμοίως
1374 4631 1471 4683 καὶ
1529 4629 1755 4692 ταύταις
1804 4632 1923 4692 ταῖς

2025 3444 2245 3513 plicium
2292 3443 2598 3513 deprecari,
2651 3442 2768 3497 sive
2839 3454 3055 3497 aetatem
3108 3458 3414 3515 opponant,
3488 3449 3606 3503 sive

2022 3544 2221 3599 artem,
2250 3537 2368 3591 sive
2420 3535 2694 3589 fortunam
2720 3543 2774 3588 et
2798 3535 3165 3590 conditionem
3198 3554 3606 3608 quamcunque,

2021 3626 2423 3690 sivemorhutn,
2440 3626 2817 3692 sivecorporis
2844 3626 3241 3693 habitudinem,
3263 3630 3377 3683 sive
3391 3631 3611 3688 ultimos

2025 3713 2270 3767 locorum
2299 3729 2571 3778 recessus,
2594 3714 2712 3768 sive
2744 3715 3117 3779 solitudinem,
3138 3717 3253 3770 sive
3274 3718 3462 3782 urbes,
3492 3723 3610 3774 sive

2020 3804 2168 3858 aliud
2187 3805 2419 3873 quodvis
2446 3821 2626 3859 rerum
2652 3806 2920 3872 omnium,
2944 3808 3011 3860 ad
3033 3823 3153 3876 qua:
3170 3810 3405 3863 accusati
3429 3811 3612 3879 perfu-

2021 3912 2149 3965 gere
2178 3897 2377 3961 solent,
2432 3905 2622 3964 utpote
2647 3897 2735 3950 cui
2766 3897 3034 3952 obsistere
3085 3900 3221 3953 nihil
3252 3912 3436 3968 queat,
3464 3904 3609 3972 quod

2021 3990 2245 4042 demum
2303 3988 2574 4042 universis
2623 3989 2775 4053 licet,
2808 3999 2892 4044 est
2921 3990 3120 4044 Christi
3175 3993 3441 4047 voluntati
3498 4011 3610 4051 non

2026 4093 2359 4146 repugnare,
2391 4079 2484 4132 sed
2518 4078 2656 4132 latas
2682 4080 2803 4133 inde
2829 4080 2975 4150 leges
2997 4096 3162 4149 quam
3187 4082 3611 4152 diligentissime

2024 4178 2329 4231 servantes,
2358 4168 2428 4222 ad
2467 4169 2751 4223 arbitrium
2787 4170 2935 4225 illius
2971 4172 3135 4225 vitam
3167 4189 3464 4244 moresque
3529 4177 3612 4229 in—

2024 4261 2278 4317 stituere.
2306 4260 2493 4329 Neque
2519 4262 2661 4315 istuc
2684 4263 2865 4331 majus
2890 4263 3098 4319 viribus
3127 4264 3382 4321 humanis
3427 4268 3614 4322 dicen-

2030 4352 2207 4416 dum;
2256 4366 2361 4405 non
2398 4353 2549 4406 enim
2586 4352 2853 4421 legirupis
2899 4369 3061 4423 pcena
3108 4366 3257 4411 esset
3309 4360 3611 4427 proposita.

2023 4452 2079 4496 et
2107 4444 2551 4498 Christianorum
2584 4460 2744 4507 nemo
2772 4455 2858 4498 est
2883 4462 3134 4514 prorsus,
3172 4448 3266 4518 qui
3308 4449 3375 4502 ad
3421 4450 3609 4504 omnia

2026 4534 2147 4602 ipso
2183 4549 2349 4602 Opere
2373 4538 2723 4603 exsequenda
2754 4537 3047 4605 obligatum
3080 4555 3199 4593 sese
3223 4555 3287 4592 ex
3312 4540 3426 4609 ipsa
3479 4556 3613 4596 con-

2028 4625 2261 4677 scientia
2290 4640 2390 4678 sua
2430 4642 2537 4678 non
2578 4627 2844 4696 intelligat
2876 4632 3043 4698 :quia
3079 4646 3109 4683 a
3170 4632 3438 4701 principio
3484 4649 3609 4686 cum

338 4721 657 4792 συνθήκαις
701 4722 963 4791 δήσαντες
1011 4722 1243 4783 ἑαυτοὺς
1292 4718 1440 4771 οὕτω
1499 4720 1762 4790 μετέσχον
1816 4721 1926 4775 τῶν

2038 4717 2105 4768 ad
2132 4730 2259 4768 cum
2293 4720 2353 4770 se
2381 4717 2767 4786 adjungerent,
2801 4720 3029 4787 polliciti
3053 4731 3181 4774 sunt
3226 4739 3418 4777 omnes
3454 4739 3611 4793 teque

343 4815 545 4884 ἱερῶν.
578 4814 731 4867 Οὕτω
760 4813 805 4865 δ’
833 4813 962 4865 ὄντα
994 4813 1153 4865 κοινά
1183 4813 1352 4865 πᾶσιν
1386 4811 1681 4882 ὀφλήματα
1719 4812 1789 4865 τὰ
1825 4812 1919 4866 τοῦ

343 4906 613 4972 Σωτῆρος
644 4903 993 4970 ἐπιτάγματα
1039 4902 1152 4962 τοῖς
1188 4902 1401 4961 πιστοῖς
1453 4899 1548 4951 καὶ
1580 4899 1782 4952 δυνατά
1812 4902 1925 4962 τοῖς

347 4972 705 5061 βουλομένοις
739 4991 937 5044 ανῦσαι
965 4992 1057 5043 καὶ
1088 4990 1294 5058 σφόδρα
1319 4990 1424 5041 τῶν
1455 4989 1793 5056 ἀναγκαίων,
1831 4990 1926 5042 καὶ

347 5079 432 5138 ὧν
452 5086 617 5153 χωρὶς
644 5084 742 5135 οὑκ
771 5084 835 5136 ἂν
860 5084 1075 5150 γένοιτο
1104 5082 1327 5153 Χριστῷ
1356 5081 1636 5136 συνελθεῖν
1660 5084 1739 5153 τῷ
1768 5084 1925 5136 πλεί-

350 5192 470 5244 στῳ
494 5175 586 5227 καὶ
609 5173 877 5242 καλλίστῳ
912 5174 1071 5242 μέρει
1091 5173 1464 5243 διεστηκότας,
1483 5178 1546 5244 τῇ
1590 5175 1803 5245 θελήσει
1832 5177 1927 5230 καὶ

352 5270 468 5329 τοῖς
500 5265 860 5335 βουλήμασιν.
898 5266 1136 5334 Ἀνάγκη
1169 5266 1277 5335 γὰρ
1315 5269 1644 5335 κοινωνῆσαι
1678 5266 1924 5337 γνώμης,

353 5352 401 5424 ᾧ
441 5356 804 5426 κοινωνοῦμεν
847 5357 1226 5423 αἱμάτων,κώ
1263 5356 1332 5409 τὰ
1374 5358 1474 5425 μὲν
1517 5358 1927 5427 συνημμένους,

357 5450 427 5503 τὰ
444 5450 500 5503 δὲ
523 5450 881 5520 διῃρημένους
908 5450 1051 5501 οὕτω
1087 5448 1182 5517 μὲν
1212 5448 1409 5516 φιλεῖν,
1442 5450 1667 5513 ἐκείνως
1696 5451 1752 5502 δὲ
1777 5452 1934 5503 πολε-

364 5546 506 5613 μεῖν,
528 5543 620 5594 καὶ
644 5542 805 5593 τέκνα
824 5542 924 5608 μὲν
947 5537 1109 5606 εἶναι,
1146 5543 1381 5610 μωμητὰ
1409 5541 1485 5607 δὲ,
1518 5542 1611 5595 καὶ
1640 5543 1777 5613 μέλη
1809 5542 1929 5612 μὲν,

367 5632 506 5687 ἀλλὰ
535 5632 725 5703 νεκρὰ,
756 5627 836 5695 οἷς
871 5632 1063 5701 διρελος
1091 5632 1244 5685 οὐδὲν
1266 5632 1327 5684 τὸ
1357 5633 1640 5701 συμφῦναι
1677 5637 1772 5687 καὶ
1801 5650 1924 5701 γεν-

367 5724 615 5796 νηθῆναι,
651 5725 904 5800 καθᾲπερ
940 5724 1000 5779 τὸ
1036 5723 1220 5795 κλῆμα
1248 5724 1346 5793 τῆς
1383 5723 1644 5795 ἀληθινῆς
1676 5726 1921 5795 ἀμπέλου

2032 4823 2094 4861 se
2117 4808 2274 4875 plane
2300 4822 2395 4875 per
2428 4810 2612 4862 omnia
2645 4810 2821 4877 ipsum
2854 4812 3198 4877 iutitaturos;
3224 4823 3283 4887 et
3318 4824 3607 4884 postquam

2031 4906 2207 4950 semet
2252 4897 2355 4951 hoc
2405 4896 2614 4952 findere
2654 4900 3094 4965 obstrinxerunt,
3138 4904 3209 4957 ita
3242 4905 3458 4958 demum
3495 4923 3610 4976 my-

2030 4988 2213 5043 steriis
2236 4998 2366 5043 sunt
2397 4990 2605 5044 donati.
2624 4989 2717 5045 Sic
2738 5003 2917 5047 autem
2946 4995 3200 5048 mandata
3233 4998 3431 5051 Christi
3455 5013 3606 5051 com-

2038 5081 2225 5134 munia
2263 5082 2447 5136 debita
2484 5081 2737 5138 fidelibus
2786 5087 3045 5141 omnibus
3096 5104 3220 5141 cum
3251 5089 3383 5153 sint,
3412 5099 3469 5143 et
3494 5090 3607 5159 jam

2040 5172 2353 5227 volentibus
2390 5184 2611 5229 scrvatu
2641 5176 2948 5244 possibilia,
2976 5188 3030 5232 et
3044 5195 3393 5247 summopere
3423 5195 3610 5233 ncces-

2039 5268 2185 5322 saria
2213 5276 2358 5332 sunt,
2390 5277 2442 5321 et
2472 5269 2590 5322 sine
2621 5268 2689 5323 iis
2722 5268 3090 5324 adCltristum
3124 5287 3227 5325 non
3261 5272 3603 5340 petveniunt,

2042 5362 2174 5429 quia
2208 5360 2279 5413 ab
2304 5376 2369 5414 eo
2407 5361 2646 5414 maxima
2714 5369 2767 5416 et
2799 5364 3165 5430 pulcherrima
3204 5374 3376 5433 parte,
3417 5363 3607 5415 volun-

2043 5467 2155 5511 tate
2194 5459 2454 5513 nimirunt
2494 5460 2842 5528 consilioque
2886 5462 3222 5530 discrepant.
3257 5460 3495 5514 Necesse
3523 5467 3608 5512 est

2037 5550 2186 5603 enim
2215 5551 2494 5604 voluntate
2523 5565 2646 5604 cum
2671 5565 2738 5605 eo
2765 5554 3105 5622 conspirare,
3143 5567 3265 5606 cum
3298 5566 3406 5620 quo
3452 5565 3606 5605 com-

2034 5655 2251 5694 munem
2302 5641 2568 5696 habemus
2635 5644 3012 5713 sanguinem;
3067 5656 3174 5694 non
3228 5642 3423 5709 partim
3481 5655 3610 5695 con-

2031 5734 2249 5802 cordes,
2294 5735 2489 5806 partim
2533 5735 2813 5792 discordes
2874 5734 2983 5791 illic
3053 5747 3259 5802 amare,
3290 5732 3376 5789 hic
3409 5733 3607 5790 bellum
