3982 6208
476 253 582 315 643

1724 225 2039 288 NICOLAI
2083 223 2472 285 CABASlL/E

3620 222 3719 284 ιιι

463 379 652 426 contra
675 378 864 439 gerere
888 381 904 426 ς
933 369 987 418 et
1016 361 1157 418 tilios
1181 357 1399 428 quidem
1445 367 1591 417 esse,
1623 350 1718 406 sed
1742 347 2039 416 reprehen-

2160 343 2520 414 Ξιαιρεθεῖσιν,
2553 340 2616 398 οὗ
2643 345 2796 410 τέλος
2831 345 2937 411 ἐξω
2970 344 3233 416 βληθῆναι
3265 345 3360 399 καὶ
3390 343 3723 416 Εηρανθῆναι

462 463 619 516 sione
656 458 870 527 dignos,
893 462 949 508 et
972 452 1214 507 niemlira
1253 448 1496 517 quidem,
1549 442 1642 498 sed
1687 450 1920 504 mortua,
1993 439 2048 494 in

2159 437 2251 489 καὶ
2278 437 2652 508 προσριφῆναι
2679 457 2755 492 πυ
2765 441 2838 511 ρί.

463 553 666 624 quibus
681 550 815 606 nihil
841 545 1096 602 conducit
1127 553 1385 612 tanquam
1416 537 1694 607 palmitem
1725 533 1968 602 genitum
1992 545 2136 594 esse,
2160 538 2214 583 et
2237 531 2534 599 coaluisse,
2553 549 2678 588 cum
2720 535 2775 588 in
2807 550 2934 590 vera
2952 536 3060 592 vite
3081 551 3192 592 non
3218 537 3507 592 manseris.
3541 534 3726 602 Qualis

463 649 675 720 palmes
705 644 920 698 tandem
961 641 1017 694 in
1057 640 1236 708 ignem
1275 635 1603 691 exteriorem
1644 629 1902 686 mittitur.

577 743 920 809 Quapropter
941 735 1033 804 qui
1061 735 1225 788 vitam
1254 734 1305 786 in
1334 731 1553 785 Christo
1582 730 1866 783 traducere
1897 722 2039 797 apud

469 834 713 891 animum
739 832 950 893 statuit,
984 830 1256 898 sequitur,
1313 835 1382 891 .ut
1407 839 1436 878 a
1468 825 1635 878 corde
1662 837 1710 876 et
1743 824 1919 892 capite
1948 821 2041 875 illo

468 936 627 996 aptus
659 925 732 978 sit
770 933 934 991 atque
959 922 1260 990 dependeat
1287 936 1299 970 :
1335 933 1442 972 non
1470 917 1615 971 enim
1649 914 1870 969 aliunde
1900 914 2042 968 vivi-

468 1036 611 1074 mus.
653 1017 806 1084 Quod
837 1016 962 1083 quia
1002 1030 1109 1067 non
1143 1021 1398 1083 possunt.
1444 1011 1537 1081 qui
1570 1025 1679 1064 non
1719 1009 1909 1063 eadem
1943 1022 2043 1059 vo-

465 1112 608 1168 lunt,
640 1109 962 1181 [eademque
987 1105 1180 1158 nolunt
1215 1101 1337 1174 (a)].
1373 1103 1438 1155 ad
1471 1101 1675 1155 Christi
1709 1102 2040 1154 voluntatem

473 1211 696 1258 noostra
742 1200 1013 1260 voluntas,
1034 1203 1271 1262 quantus
1298 1194 1536 1247 hominis
1555 1204 1745 1258 captus
1766 1199 1868 1251 est,
1889 1206 2048 1245 assue

472 1295 726 1349 facienda
760 1301 814 1345 et
837 1290 1140 1346 exercenda
1173 1297 1340 1353 est,et
1378 1289 1448 1341 ila
1486 1287 1917 1354 instituendagut
1950 1298 2047 1337 ea-

466 1388 589 1440 dem
614 1392 852 1454 appetat,
884 1384 1187 1449 iisdemque
1213 1381 1468 1450 gaudeat.
1506 1379 1815 1447 Pugnantia
1869 1379 2046 1446 siqui-

467 1481 589 1532 dem
626 1479 767 1530 inter
799 1491 857 1530 se
892 1475 1160 1528 desideria
1215 1489 1280 1526 ex
1341 1487 1451 1526 uno
1504 1471 1669 1525 corde
1716 1470 1917 1523 exoriri
1951 1484 2044 1522 ne-

2219 720 2317 775 Διά
2343 720 2515 774 ταῦτα
2549 719 2643 772 τὸν
2672 719 2729 771 ἐν
2763 717 2987 787 Χριστῷ
3019 719 3118 788 ζῇν
3161 716 3557 790 προῃρημένον
3601 719 3730 772 axo-

2149 817 2339 869 λουθον
2395 816 2495 882 μὲν
2544 815 2644 881 τῆς
2683 813 2910 882 καρδίας
2957 812 3182 880 καὶτῆς
3240 813 3488 882 κεφαλῆς
3515 814 3730 882 ἐκείνης

2150 905 2384 974 ἐξῆφθαι
2442 904 2525 974 (οὺ
2575 903 2683 972 γὰρ
2721 904 2990 972 ἑτέρωθεν
3039 903 3174 970 ἡμῖν
3213 902 3438 973 ήζωὴ),
3485 904 3644 958 τοῦτο
3673 906 3728 958 δὲ

2149 999 2251 1052 οὐκ
2313 998 2432 1062 ἐξὸν
2494 997 2795 1066 δυνηθῆναι
2863 997 2937 1066 μὴ
3002 997 3072 1049 τὰ
3131 996 3272 1050 αὐτὰ
3330 996 3725 1067 βουλομένους·

2152 1093 2369 1161 ἀνάγκη
2400 1091 2533 1160 πρὸς
2559 1090 2658 1160 τὴν
2689 1091 2784 1143 τοῦ
2813 1091 3053 1158 Χριστοῦ
3081 1089 3302 1159 θέλησιν
3335 1088 3436 1158 τὴν
3475 1088 3727 1158 γνώμην,

2152 1187 2386 1239 καθόσον
2416 1182 2529 1238 οἷόν
2554 1201 2613 1238 τε
2643 1183 2975 1252 ἀνθρώποις,
3007 1184 3250 1251 ἀσκῆσαι
3285 1185 3382 1236 καὶ
3405 1185 3514 1235 τῶν
3551 1184 3729 1237 αὐτῶν

2152 1279 2448 1346 ἐπιθυμεῖν
2499 1280 2594 1330 καὶ
2647 1281 2760 1338 τοῖς
2814 1278 3000 1338 αὐτοῖς
3047 1275 3243 1345 ἐκείνῳ
3288 1275 3500 1344 χαίρειν
3550 1294 3729 1346 παρα-

2155 1374 2440 1426 σκευάσαι.
2466 1371 2576 1432 Τὰς
2599 1370 2709 1439 γὰρ
2735 1369 2986 1431 ἐναντίας
3013 1368 3313 1437 ἐπιθυμίας
3337 1371 3466 1435 μιᾶς
3489 1370 3728 1438 ἀνίσχειν

2153 1468 2384 1536 καρδίας
2411 1466 2520 1520 τῶν
2573 1465 2894 1535 ἀμηχάνων.
2940 1465 2999 1517 '0
3031 1464 3139 1534 γὰρ
3173 1464 3410 1534 πονηρὸς
3443 1464 3730 1533 ἄνθρωπος

465 1580 698 1638 queunt.
732 1567 903 1622 Malus
934 1568 1079 1621 enim
1121 1567 1305 1629 homo,
1339 1564 1538 1632 inquit,
1588 1564 1653 1617 de
1682 1577 1848 1631 pravo
1879 1565 2045 1616 corde

2160 1564 2218 1614 ἐκ
2261 1561 2356 1613 τοῦ
2390 1561 2628 1630 πονηροῦ
2677 1557 2954 1629 θησαυροῦ
2995 1559 3096 1627 τῆς
3137 1558 3368 1628 καρδίας
3394 1557 3551 1611 οὐδὲν
3576 1556 3724 1616 ἄλλο,

467 1677 567 1715 suo
587 1676 692 1713 non
716 1660 860 1712 aliud
889 1674 1048 1726 quam
1072 1673 1295 1726 pravum
1320 1654 1565 1724 proferre
1588 1655 1758 1717 novit,
1783 1664 1837 1706 et
1868 1653 2043 1706 bonus

467 1751 743 1806 bellum“.
775 1752 840 1803 Et
865 1749 1328 1820 quemadmodum
1365 1746 1614 1800 ﬁdelibus
1651 1748 1702 1798 in
1728 1743 2041 1806 Palmstina,

453 1853 692 1914 propter
727 1843 1147 1898 consensiOnem
1183 1842 1525 1894 voluntatum
1567 1849 1710 1902 erat,
1753 1853 1852 1892 cor
1879 1852 2044 1890 unum

454 1947 524 1991 oet
554 1938 735 1990 anima
773 1935 928 1988 una”
962 1953 975 1990 :
1004 1936 1195 1989 eodem
1227 1934 1410 1996 modo,
1441 1933 1485 1987 si
1523 1933 1646 2001 quis
1698 1945 1805 1984 una
1869 1940 2050 1984 mente

469 2039 524 2082 et
552 2027 824 2083 sententia
858 2040 916 2080 se
960 2041 1083 2080 cum
1123 2026 1344 2079 Christo
1382 2040 1491 2077 non
1525 2023 1899 2093 conjunxerit,
1953 2021 2045 2075 sed

468 2121 554 2173 via
595 2119 888 2189 praeceptis
914 2119 1036 2189 ejus
1079 2118 1354 2172 contraria
1401 2116 1712 2175 incesserit,
1761 2130 1855 2169 cor
1883 2129 2044 2168 suum

470 2229 596 2268 cum
628 2227 695 2266 eo
732 2229 836 2267 non
877 2215 1069 2267 eodem
1112 2212 1321 2279 dirigit,
1347 2211 1440 2266 sed
1473 2211 1541 2265 ah
1573 2210 1680 2265 alio
1721 2209 1888 2264 corde
1925 2223 2050 2263 sus-

468 2321 702 2375 pensum
740 2319 864 2359 esse
908 2307 1099 2375 liquet.
1160 2304 1371 2358 Etenim
1402 2320 1433 2358 e
1480 2303 1698 2358 diverso
1749 2305 2049 2357 secundum

470 2417 570 2455 eor
602 2415 762 2456 suum
793 2400 1001 2453 invenit
1026 2398 1216 2459 David,
1243 2396 1394 2466 quia,
1423 2395 1618 2465 Legem
1644 2405 1814 2459 tuam,
1848 2395 2050 2462 inquit,

473 2508 582 2546 non
619 2508 738 2547 sum
766 2491 1041 2546 oblitus“.
1079 2487 1232 2556 Quod
1266 2491 1309 2542 si
1365 2489 1474 2542 vita
1530 2488 1921 2548 destituuntur,
1953 2486 2048 2555 qui

473 2601 506 2639 a
545 2587 711 2640 corde
741 2583 834 2638 illo
859 2599 968 2637 non
1001 2583 1262 2650 pendent.
1300 2589 1353 2634 et
1384 2581 1624 2650 pendere
1656 2595 1766 2632 non
1795 2587 2048 2648 possunt,

474 2678 567 2746 qui
597 2693 706 2730 non
751 2677 945 2732 eadem
999 2677 1210 2738 volunt,
1259 2683 1319 2728 ut
1370 2674 1552 2728 vivere
1597 2687 1884 2741 queamus,
1939 2686 2050 2740 quo

477 2778 638 2837 pacto
664 2770 851 2824 eadem
885 2783 1006 2838 qua!
1029 2768 1287 2824 Christus
1311 2780 1516 2827 amare,
1569 2765 1874 2833 iisdemque
1923 2779 2048 2818 cum

476 2861 596 2931 ipso
638 2861 876 2929 gaudere
900 2862 1196 2930 possimus,
1231 2874 1332 2928 age
1367 2858 1674 2911 videamus.

547 2954 643 3007 Est
668 2953 832 3021 igitur
854 2953 1033 3006 omnis
1062 2952 1290 3004 actionis
1325 2949 1538 3002 initium
1569 2948 1897 3002 desiderium
1938 2948 2052 3002 sive

476 3046 688 3115 petitio,
718 3042 1069 3112 appetitionis
1099 3050 1281 3095 autem
1310 3040 1592 3109 cogitatio.
1622 3041 1804 3106 Quare
1831 3040 2047 3093 eniten-

477 3141 606 3194 dum
663 3138 717 3190 iu
760 3135 952 3205 primis
981 3145 1039 3187 ut
1091 3134 1312 3188 oculum
1359 3133 1554 3186 animae
1604 3147 1633 3185 a
1683 3133 1838 3186 vanis
1887 3115 2123 3185 reliusc

478 3227 842 3287 abducamus,
892 3234 948 3279 et
1003 3226 1162 3280 bouis
1212 3225 1642 3295 cogitationibus
1690 3239 1786 3276 eor
1837 3237 2054 3290 semper

480 3319 700 3388 plenum
739 3317 1060 3383 habeamus,
1097 3326 1151 3370 ut
1193 3332 1260 3371 ne
1327 3316 1621 3385 aliquando
1657 3330 1922 3378 «acuum,
1955 3316 2056 3367 iin-

479 3410 775 3478 probarum
817 3409 1203 3479 cogitationum
1255 3408 1412 3461 sedes
1445 3422 1507 3460 ac
1567 3407 1902 3460 domicdium
1941 3405 2052 3459 ﬁat.

476 3502 612 3556 Cum
643 3501 752 3555 sint
790 3519 952 3571 porro
986 3503 1174 3564 multa,
1219 3502 1420 3571 quibus
1453 3501 1778 3554 meditandis
1815 3500 2053 3554 animam

479 3593 762 3660 occupari,
799 3602 854 3646 et
890 3604 1125 3646 mentem
1162 3607 1286 3646 eum
1345 3591 1622 3660 voluptate
1669 3591 1911 3646 studium
1947 3591 2052 3642 im-

477 3688 717 3754 pendere
750 3692 1180 3739 consentaneum
1207 3692 1310 3746 est,
1355 3687 1602 3737 omnium
1635 3691 1688 3735 et
1716 3682 1782 3736 ad
1829 3683 2055 3749 loquen-

477 3779 632 3842 dum,
665 3787 718 3830 et
752 3776 818 3830 ad
852 3775 1199 3846 cogitandum
1245 3777 1387 3829 ratio
1436 3775 1818 3844 mysteriorum
1853 3775 2056 3843 jucun-

477 3868 705 3922 dissima
741 3875 796 3921 et
832 3865 1276 3922 lructuosissima
1310 3867 1544 3928 videtur,
1587 3868 1824 3935 indeque
1851 3868 2055 3920 divitiae

480 3969 684 4014 rostra:
747 3967 1064 4013 manarunt.
1121 3958 1440 4027 Cogitemus
1505 3972 1637 4024 ergo
1689 3957 1819 4009 licet
1868 3959 2056 4023 quales

476 4065 701 4104 eramus
731 4061 1026 4119 antequam
1053 4050 1416 4108 initiarentur.
1458 4051 1650 4116 quales
1697 4058 1820 4116 post
1865 4051 2055 4102 initia-

481 4144 687 4196 tionem
723 4141 854 4196 facti
892 4144 1088 4206 simus,
1119 4153 1174 4196 et
1202 4144 1386 4210 qualis
1415 4142 1579 4194 fuerit
1610 4141 1758 4210 prius
1793 4143 2054 4205 servitus,

478 4237 658 4304 qualis
696 4251 802 4303 qua
833 4250 978 4289 nunc
1008 4237 1245 4302 petimur
1279 4236 1502 4288 libertas
1535 4244 1589 4287 et
1621 4251 1866 4302 regnum,
1887 4252 2059 4303 quau-

478 4337 644 4396 taque
665 4327 822 4381 noliis
845 4327 982 4380 bona
1008 4327 1121 4394 jam
1147 4329 1407 4392 praestita,
1439 4335 1644 4394 quanta
1666 4329 1774 4382 sint
1797 4329 2053 4398 reposita.

2156 1654 2321 1721 φησὶ,
2364 1654 2663 1722 προφέρειν
2721 1649 2863 1704 οἶδεν
2909 1651 2943 1721 ἦ
2994 1651 3252 1717 πονηρδν,
3304 1649 3399 1701 καὶ
3444 1651 3474 1702 ὁ
3527 1649 3729 1715 ἀγαθὸς

2151 1745 2390 1813 ἀγαθόν·
2428 1745 2524 1797 καὶ
2570 1743 2828 1811 καθάπερ
2882 1745 2995 1804 τοῖς
3028 1745 3084 1794 ἐν
3122 1743 3455 1816 Παλαιστίνῃ
3493 1745 3735 1808 πιστοῖς,

2153 1837 2375 1891 ὅτιτῶν
2405 1837 2586 1890 αὐτῶν
2634 1835 2973 1903 ἐπεθύμουν,
3020 1853 3038 1885 ι
3087 1829 3154 1905 ἦν
3202 1836 3235 1902 ἡ
3303 1835 3522 1904 καρδία,
3573 1837 3737 1904 φησὶ,

2151 1929 2296 1998 καὶὴ
2324 1926 2469 1996 ψυχὴ
2505 1929 2624 1997 μία,
2655 1949 2674 1980 ι
2703 1927 2794 1979 τὸν
2825 1927 2940 1980 ἴσον
2962 1927 3190 1998 τρόπον,
3221 1927 3373 1990 είτις
3401 1927 3480 1997 τῷ
3508 1930 3736 1999 Χριστῷ

2155 2016 2230 2085 μὴ
2266 2016 2525 2078 κοινωνὸς
2555 2017 2642 2084 εἴη
2681 2019 2782 2084 τῆς
2821 2017 3069 2086 γνώμης,
3104 2018 3222 2070 ἀλλ’
3253 2013 3336 2079 οἷς
3366 2021 3580 2083 ἐκεῖνος
3615 2020 3742 2074 ἐπι·-

2150 2110 2340 2162 τὰττει
2365 2109 2502 2180 πρὸς
2526 2109 2861 2178 παλινῳδίαν
2892 2111 3102 2178 ἐξάγοι,
3133 2110 3235 2181 τὴν
3265 2112 3462 2164 ἐαυτοῦ
3495 2111 3648 2179 ζωὴν
3675 2115 3738 2166 οὑ

2154 2201 2292 2271 πρὸς
2318 2201 2413 2272 τὴν
2446 2201 2616 2270 αὐτὴν
2655 2203 2852 2272 ἐκείνῳ
2879 2203 3066 2255 τάττει
3108 2204 3361 2272 καρδίαν,
3393 2203 3532 2256 ἀλλά
3576 2204 3741 2274 δῆλός

2151 2296 2267 2348 ἐστι
2288 2295 2518 2364 καρδίας
2536 2294 2630 2363 ἐξη
2641 2311 2737 2364 ρτη
2750 2296 2908 2364 μένος
2927 2296 3143 2365 ἐτέρας,
3163 2298 3284 2349 ἐπεὶ
3305 2299 3400 2352 καὶ
3420 2301 3741 2354 τούναντίον

2153 2390 2295 2442 κατὰ
2319 2389 2414 2460 τὴν
2447 2389 2644 2442 ἑαυτοῦ
2677 2390 2906 2459 καρδίαν
2936 2381 3064 2460 εὗρε
3096 2391 3188 2442 τὸν
3216 2390 3400 2452 Δαϐὶδ,
3433 2393 3518 2444 ὃτι
3563 2411 3586 2444 ‹
3627 2395 3742 2456 Τὰς

2155 2483 2374 2546 ἐντολάς
2409 2500 2523 2545 σου,
2550 2484 2738 2553 φησὶν,
2766 2484 2868 2536 οὐκ
2898 2482 3297 2552 ἐπελαθόμην.»
3323 2483 3386 2536 Εἰ
3419 2484 3476 2537 δὲ
3506 2485 3610 2555 ζῇν
3639 2487 3739 2555 μὲν

2153 2577 2254 2630 οὐκ
2281 2577 2397 2630 ἐστι
2432 2577 2507 2647 μὴ
2528 2580 2626 2645 τῆς
2659 2577 2890 2645 καρδίας
2920 2575 3326 2644 ἐξηρτημένους
3351 2577 3738 2647 ἐκείνης,ὲξη-

2159 2671 2389 2740 ρτῆσθαι
2423 2669 2478 2722 δέ
2510 2670 2611 2722 οὐκ
2643 2669 2708 2723 ἂν
2748 2670 2832 2736 εἵη
2870 2667 2944 2738 μὴ
2971 2667 3042 2719 τὰ
3072 2667 3210 2720 αὐτὰ
3238 2667 3736 2737 βυυλομένους,ῖνα

2154 2765 2254 2833 ζῇν
2279 2761 2622 2832 δυνηθῶμεν,
2646 2761 2943 2829 σκοπῶμεν
2965 2761 3113 2823 ὅπως
3139 2761 3248 2812 τῶν
3268 2761 3452 2814 αὐτῶν
3483 2763 3621 2832 ἐρᾷν
3663 2762 3741 2832 τῷ

2154 2857 2374 2928 Χριστῷ
2408 2857 2499 2910 καὶ
2535 2857 2650 2919 τοῖς
2678 2855 2860 2918 αὐτοῖς
2893 2854 3464 2926 ἐκείνῳδυνησόμεθα
3495 2857 3746 2928 χαίρειν.

2229 2951 2385 3004 Ἔστι
2411 2949 2594 3002 τοίνυν
2627 2949 2882 3019 πράξεως
2915 2949 3014 3016 μὲν
3049 2948 3316 3017 ἐπιθυμία
3344 2951 3529 3018 πάσης
3569 2951 3744 3021 ἀρχὴ,

2156 3042 2453 3109 ἐπιθυμίας
2501 3041 2558 3094 δὲ
2606 3041 2904 3108 λογισμός·
2938 3037 3136 3092 οὐκοῦν
3168 3041 3463 3110 πειρατέον
3512 3042 3626 3111 πρό
3681 3059 3746 3109 γε

2157 3134 2396 3196 πάντων,
2453 3134 2562 3186 τῶν
2629 3132 2876 3203 ματαίων
2937 3131 3176 3199 ἀπάγειν
3241 3130 3333 3184 τὸν
3391 3133 3494 3201 τῆς
3559 3133 3749 3203 ψυχῆς

2155 3225 2455 3294 ὀφθαλμὸν,
2485 3224 2704 3281 ἐννοιῶν
2726 3222 2949 3292 ἀγαθῶν
2983 3224 3190 3295 μεστὴν
3219 3223 3441 3293 ἔχοντας
3472 3225 3748 3279 ἑκάστοτε

2155 3320 2255 3388 τὴν
2306 3320 2556 3389 καρδίαν,
2614 3317 2756 3370 ὥστε
2811 3317 3062 3388 μηδαμοῦ
3111 3320 3278 3388 κενὴν
3327 3315 3497 3372 οὖσαν
3554 3320 3750 3389 χώραν

2157 3407 2296 3463 εἶναι
2347 3413 2465 3471 ταῖς
2516 3411 2804 3478 πονηρᾶῖς.
2840 3407 3059 3460 Πολλῶν
3097 3407 3154 3460 δὲ
3197 3408 3388 3471 ὄντων,
3419 3408 3456 3462 ἃ
3505 3409 3749 3478 μελέτης

2159 3504 2290 3571 ὓλην
2323 3505 2416 3555 καὶ
2436 3503 2615 3572 ψυχῆς
2644 3502 2807 3571 ἔργον
2833 3501 2932 3554 καὶ
2963 3500 3056 3553 νοῦ
3085 3501 3293 3570 τρυφὴν
3321 3503 3415 3554 καί⁷
3446 3503 3752 3574 διατριϐὴν

2158 3595 2431 3649 ποιεῖσθαι
2461 3595 2729 3664 προσῆκε,
2775 3595 2836 3648 τὺ
2878 3593 3094 3647 πάντων
3138 3595 3356 3665 ἥδιστον
3396 3596 3488 3648 καὶ
3524 3596 3754 3650 λυσιτεο

2157 3687 2415 3740 λέστατον
2479 3687 2574 3738 καὶ
2635 3685 2978 3753 φθέγξασθαι
3047 3688 3143 3738 καὶ
3205 3686 3553 3752 λογίσασθαι,
3637 3691 3752 3742 τῶν

2163 3781 2480 3850 μυστηρίων
2505 3782 2532 3833 ὁ
2554 3779 2711 3845 λόγος
2732 3780 2827 3831 καὶ
2855 3778 2913 3831 ὃν
2941 3779 3188 3831 ἐνθένδεν
3214 3780 3448 3850 ἔσχομεν
3479 3780 3750 3835 πλοῦτον.

2159 3869 2269 3922 Καὶ
2302 3871 2445 3931 τίνες
2485 3869 2582 3938 μέν
2611 3865 2753 3938 ἦμεν
2781 3869 2913 3938 πρὶν
2949 3867 3284 3936 μεμυῆσθαι,
3315 3869 3459 3932 τίνες
3491 3870 3550 3920 δὲ
3581 3871 3756 3923 καθέ-

2160 3979 2366 4030 σταμεν
2399 3961 2721 4031 μυηθέντες,
2771 3961 2866 4012 καὶ
2911 3961 2997 4020 τίς
3027 3961 3127 4029 μὲν
3222 3962 3462 4031 προτέρα
3497 3961 3753 4030 δουλεία,

2157 4055 2240 4115 τίς
2281 4052 2337 4104 δέ
2366 4055 2399 4122 ἠ
2443 4053 2537 4106 νῦν
2568 4051 2853 4121 ἐλευθερία
2886 4053 2981 4105 καὶ
3029 4053 3296 4121 βασιλεία,
3329 4053 3423 4105 καὶ
3468 4053 3596 4105 τίνα
3655 4056 3756 4126 μὲν

2159 4149 2290 4216 ἡμῖν
2315 4146 2414 4216 ἤδη
2437 4145 2547 4197 τῶν
2571 4145 2794 4211 ἀγαθῶν
2822 4145 3160 4216 παρεσχέθη,
3185 4146 3308 4197 τίνα
3332 4146 3389 4198 δὲ
3420 4147 3754 4213 ἀπόκειται,

2159 4242 2256 4293 καὶ
2299 4239 2404 4308 πρό
2452 4255 2516 4305 γε
2562 4239 2791 4302 τούτων,
2846 4238 2931 4299 τίς
2977 4238 3111 4306 ἡμῖν
3151 4238 3410 4290 ἁπάντων
3448 4239 3682 4293 τούτων
3728 4241 3756 4292 ὁ

2161 4329 2398 4400 χορηγὸς
2426 4333 2521 4384 καὶ
2551 4325 2663 4381 οἷον
2691 4330 2790 4399 μὲν
2820 4329 2968 4396 αὐτῷ
2999 4329 3059 4380 τὸ
3091 4329 3307 4391 κάλλος,
3334 4330 3524 4390 ὁποῖος
3553 4328 3622 4382 δὲ
3656 4330 3757 4401 τὴν

480 4419 548 4473 Et
575 4428 702 4472 ante
730 4419 846 4471 haec
883 4417 1090 4480 omnia,
1129 4418 1253 4486 quis
1284 4418 1442 4472 nobis
1475 4431 1672 4474 Cuncta
1726 4422 1916 4476 isthzee
1944 4424 2051 4478 lar-

2163 4423 2506 4492 χρηστότητα
2552 4422 2650 4476 καὶ
2690 4423 2838 4483 ὅπως
2873 4421 3099 4490 ἐφίλησε
3135 4421 3196 4473 τὸ
3231 4421 3387 4487 γένος
3417 4423 3512 4473 καὶ
3550 4422 3756 4490 ἡλίκος

482 4519 681 4587 giatur,
708 4526 911 4584 quanta
935 4515 1055 4584 ejus
1089 4515 1456 4584 pulchritudo,
1490 4531 1650 4584 quam
1682 4518 1879 4584 boous,
1913 4536 2054 4590 quo-

489 4614 653 4663 modo
717 4625 889 4678 genus
949 4609 1248 4662 humanum
1319 4609 1595 4675 dilexerit,
1644 4626 1808 4679 quam
1864 4613 2054 4681 ingens

482 4703 780 4756 etiamnum
810 4701 956 4756 illius
981 4717 1106 4772 erga
1129 4716 1228 4756 nos
1253 4716 1425 4755 amor.
1452 4701 1585 4756 Nam
1612 4706 1657 4756 si
1684 4704 1798 4757 hinc
1821 4716 2054 4760 mentem

481 4794 999 4863 praeoccupaverint,
1022 4793 1367 4864 animamque
1386 4795 1742 4861 obtinuerint,
1770 4813 1874 4850 non
1900 4798 2057 4854 facile

461 4885 744 4956 cogitatio
769 4885 1028 4940 aliorsum
1062 4886 1338 4954 respiciet,
1375 4902 1476 4941 nec
1511 4888 1848 4942 desiderium
1880 4906 1908 4943 a
1941 4899 2050 4944 tam

484 4977 646 5031 bonis
691 4988 911 5047 tamque
938 4979 1349 5033 delectabilibus
1387 4981 1549 5034 rebus
1583 4981 1689 5036 alio
1735 4983 2050 5041 transferet.

483 5068 755 5122 Beneﬁcia
800 5071 944 5122 enim
1016 5069 1108 5122 Dei
1160 5070 1512 5124 multitudine
1576 5079 1630 5123 et
1675 5073 2053 5141 magnitudine

2160 4517 2189 4568 ὀ
2217 4515 2387 4585 ἐρωςί
2422 4515 2639 4567 Τούτων
2670 4513 2778 4583 γὰρ
2813 4514 2912 4582 τὴν
2946 4513 3185 4566 διάνοιαν
3214 4513 3756 4584 προκατειληφότων

2159 4609 2255 4661 καὶ
2296 4611 2396 4677 τὴν
2442 4607 2622 4677 ψυχὴν
2672 4605 3083 4675 κατασχόντων,
3134 4607 3194 4657 οὐ
3250 4606 3431 4676 ῥᾴδιον
3477 4605 3570 4660 ἐπ’
3618 4609 3757 4662 ἄλλο

2163 4699 2352 4772 βλέψαι
2387 4700 2477 4753 τὸν
2514 4699 2772 4768 λογισμὸν
2795 4700 2891 4752 καὶ
2917 4698 3014 4765 τὴν
3047 4696 3346 4762 ἐπιθυμίαν
3388 4703 3756 4766 μετενεγκεῖν

2160 4793 2416 4860 ἑτέρωσε,
2434 4791 2575 4844 οὕτω
2605 4791 2701 4860 μὲν
2722 4789 2905 4843 καλῶν
2928 4789 3124 4854 ὄντων,
3150 4788 3294 4842 οὕτω
3312 4790 3367 4842 δὲ
3388 4792 3716 4858 ἐπαγωγῶν
3735 4809 3752 4825 ο

2160 4884 2218 4935 αἴ
2245 4899 2305 4935 τε
2335 4881 2444 4950 γὰρ
2472 4879 2784 4950 εὐεργεσίαι
2821 4878 3018 4948 πλήθει
3043 4880 3137 4932 καὶ
3177 4879 3396 4948 μεγέθει
3429 4881 3656 4944 νικῶσι,
3691 4882 3754 4935 τό

2159 4994 2220 5029 τε
2277 4975 2519 5045 φίλτρον,
2571 4973 2694 5026 ὅθεν
2743 4972 2838 5025 ἐπὶ
2891 4971 3096 5035 ταύτας
3156 4971 3431 5042 προήχθη,
3481 4974 3749 5045 μεῖζονῆ

2160 5072 2309 5138 λογισ
2322 5071 2441 5140 μοῖς
2467 5066 2562 5120 ἀνθ
2571 5066 2770 5135 ρώπων
2789 5065 3104 5118 ὑποπεσεῖν.

481 5166 793 5231 excellunt;
828 5176 882 5222 et
913 5181 1068 5220 amor
1133 5182 1243 5237 quo
1281 5167 1350 5221 ad
1417 5168 1534 5222 haec
1583 5169 1872 5225 tribuenda
1929 5181 2013 5227 est
2076 5173 2370 5242 impulsus,
2428 5167 2728 5220 humanum
2776 5173 2996 5234 captum
3046 5162 3360 5232 praestantia
3408 5177 3503 5218 sua
3583 5166 3750 5234 longe

483 5271 670 5313 νιηοιι.

559 5353 714 5406 Sicut
743 5353 886 5407 enim
922 5368 1077 5407 amor
1112 5353 1408 5418 humanus,
1442 5353 1487 5409 si
1532 5357 1752 5410 modum
1800 5358 2051 5422 excedat,

482 5453 536 5501 et
575 5443 743 5515 major
769 5443 840 5498 sit
867 5459 1030 5514 quam
1059 5452 1119 5498 ut
1162 5444 1430 5514 capiatur,
1480 5456 1727 5501 amantes
1785 5445 1853 5501 de
1907 5457 2050 5502 statu

2233 5352 2501 5423 Καθάπερ
2519 5351 2626 5420 γὰρ
2643 5350 2756 5403 τῶν
2775 5346 3080 5417 ἀνθρώπων
3098 5345 3224 5408 τοὺς
3239 5344 3481 5413 ἐρῶντας
3497 5344 3747 5416 ἐξίστησι

2162 5446 2222 5499 τὸ
2271 5445 2518 5515 φίλτρον,
2548 5443 2693 5517 ,ὅταν
2728 5439 3049 5510 ὑπερϐάλλῃ
3081 5438 3178 5491 καὶ
3207 5439 3465 5509 κρεῖσσον
3511 5437 3743 5506 γένηται

558 5603 605 5636 ³⁸
644 5603 854 5673 Luem,
890 5605 981 5660 45.
1057 5605 1102 5638 ³⁸
1135 5607 1259 5660 Act.
1284 5623 1358 5674 tv,
1382 5609 1471 5664 52.
1549 5609 1594 5642 ⁸⁸
1620 5608 1762 5666 Psal.
1796 5621 1984 5679 cxvttt,
2012 5608 2076 5666 16
2103 5619 2158 5667 et
2199 5608 2349 5666 alibi.

549 5717 619 5780 (ιι)
654 5719 840 5771 Inclusa
861 5721 1042 5772 desunt
1067 5721 1116 5770 in
1142 5721 1329 5773 Graeco.
