  <div class='ocr_page' id='page_1' title='image "/cluster/home/n/w/nwhite01/storage/ocr_20150623/150/hvd.32044073498826/328.png"; bbox 0 0 3982 6208; ppageno 0'>
   <div class='ocr_carea' id='block_1_1' title="bbox 298 291 406 354">
    <p class='ocr_par' dir='ltr' id='par_1_1' title="bbox 298 291 406 354">
     <span class='ocr_line' id='line_1_1' title="bbox 298 291 406 354; baseline -0.009 0"><span class='ocrx_word' id='word_1_1' title='bbox 298 291 406 354; x_wconf 72' lang='grc'><strong>645</strong></span> 
     </span>
    </p>
   </div>
   <div class='ocr_carea' id='block_1_2' title="bbox 1379 289 2501 356">
    <p class='ocr_par' dir='ltr' id='par_1_2' title="bbox 1379 289 2501 356">
     <span class='ocr_line' id='line_1_2' title="bbox 1379 289 2501 356; baseline 0.004 -6"><span class='ocrx_word' id='word_1_2' title='bbox 1379 293 1473 350; x_wconf 78' lang='lat' dir='ltr'><strong>DE</strong></span> <span class='ocrx_word' id='word_1_3' title='bbox 1510 292 1683 351; x_wconf 79' lang='lat' dir='ltr'><strong>VlTA</strong></span> <span class='ocrx_word' id='word_1_4' title='bbox 1728 291 1806 349; x_wconf 79' lang='grc' dir='ltr'><strong>ΙΝ</strong></span> <span class='ocrx_word' id='word_1_5' title='bbox 1849 289 2188 350; x_wconf 81' lang='lat' dir='ltr'><strong>CHRISTO</strong></span> <span class='ocrx_word' id='word_1_6' title='bbox 2219 293 2364 356; x_wconf 80' lang='lat' dir='ltr'><strong>LIB.</strong></span> <span class='ocrx_word' id='word_1_7' title='bbox 2401 293 2501 355; x_wconf 78' lang='lat' dir='ltr'><strong>Vl.</strong></span> 
     </span>
    </p>
   </div>
   <div class='ocr_carea' id='block_1_3' title="bbox 3426 297 3532 361">
    <p class='ocr_par' dir='ltr' id='par_1_3' title="bbox 3426 297 3532 361">
     <span class='ocr_line' id='line_1_3' title="bbox 3426 297 3532 361; baseline 0.028 -3"><span class='ocrx_word' id='word_1_8' title='bbox 3426 297 3532 361; x_wconf 72' lang='grc'><strong>646</strong></span> 
     </span>
    </p>
   </div>
   <div class='ocr_carea' id='block_1_4' title="bbox 296 404 1867 480">
    <p class='ocr_par' dir='ltr' id='par_1_4' title="bbox 296 404 1860 476">
     <span class='ocr_line' id='line_1_4' title="bbox 296 404 1860 476; baseline -0.003 -16"><span class='ocrx_word' id='word_1_9' title='bbox 296 407 404 460; x_wconf 88' lang='grc' dir='ltr'><strong>τῶν</strong></span> <span class='ocrx_word' id='word_1_10' title='bbox 434 404 769 474; x_wconf 80' lang='grc' dir='ltr'>δεξαμένων,</span> <span class='ocrx_word' id='word_1_11' title='bbox 792 405 881 460; x_wconf 83' lang='grc' dir='ltr'>τὸν</span> <span class='ocrx_word' id='word_1_12' title='bbox 911 405 1024 458; x_wconf 71' lang='grc' dir='ltr'>ἴσον</span> <span class='ocrx_word' id='word_1_13' title='bbox 1050 406 1252 476; x_wconf 73' lang='grc' dir='ltr'>τρόπον</span> <span class='ocrx_word' id='word_1_14' title='bbox 1279 407 1306 458; x_wconf 76' lang='grc' dir='ltr'><strong>ὁ</strong></span> <span class='ocrx_word' id='word_1_15' title='bbox 1333 408 1461 476; x_wconf 61' lang='grc' dir='ltr'><strong>περὶ⁹</strong></span> <span class='ocrx_word' id='word_1_16' title='bbox 1491 409 1616 469; x_wconf 79' lang='grc' dir='ltr'>τοὺς</span> <span class='ocrx_word' id='word_1_17' title='bbox 1649 406 1860 475; x_wconf 81' lang='grc' dir='ltr'>ἀνθρὼ-</span> 
     </span>
    </p>
   </div>
   <div class='ocr_carea' id='block_1_5' title="bbox 1972 404 3530 480">
    <p class='ocr_par' dir='ltr' id='par_1_5' title="bbox 1973 409 3530 480">
     <span class='ocr_line' id='line_1_5' title="bbox 1973 409 3530 480; baseline 0.002 -21"><span class='ocrx_word' id='word_1_18' title='bbox 1973 412 2172 462; x_wconf 88' lang='lat' dir='ltr'><strong>mentis</strong></span> <span class='ocrx_word' id='word_1_19' title='bbox 2200 409 2387 477; x_wconf 80' lang='lat' dir='ltr'><strong>dejicit</strong></span> <span class='ocrx_word' id='word_1_20' title='bbox 2428 427 2441 462; x_wconf 82' lang='grc' dir='ltr'><strong>ι</strong></span> <span class='ocrx_word' id='word_1_21' title='bbox 2471 411 2542 463; x_wconf 90' lang='lat' dir='ltr'><strong>ita</strong></span> <span class='ocrx_word' id='word_1_22' title='bbox 2579 425 2730 462; x_wconf 86' lang='lat' dir='ltr'><strong>amor</strong></span> <span class='ocrx_word' id='word_1_23' title='bbox 2760 425 2887 480; x_wconf 84' lang='lat' dir='ltr'><strong>erga</strong></span> <span class='ocrx_word' id='word_1_24' title='bbox 2922 410 3174 463; x_wconf 80' lang='lat' dir='ltr'><strong>homines</strong></span> <span class='ocrx_word' id='word_1_25' title='bbox 3213 409 3378 463; x_wconf 83' lang='lat' dir='ltr'><strong>Deum</strong></span> <span class='ocrx_word' id='word_1_26' title='bbox 3425 412 3530 462; x_wconf 70' lang='lat' dir='ltr'><strong>exi&#39;</strong></span> 
     </span>
    </p>
   </div>
   <div class='ocr_carea' id='block_1_6' title="bbox 299 494 1865 564">
    <p class='ocr_par' dir='ltr' id='par_1_6' title="bbox 299 494 1865 564">
     <span class='ocr_line' id='line_1_6' title="bbox 299 494 1865 564; baseline -0.002 -15"><span class='ocrx_word' id='word_1_27' title='bbox 299 514 430 559; x_wconf 88' lang='grc' dir='ltr'>πους</span> <span class='ocrx_word' id='word_1_28' title='bbox 458 494 597 564; x_wconf 77' lang='grc' dir='ltr'>ἔρως</span> <span class='ocrx_word' id='word_1_29' title='bbox 621 495 709 548; x_wconf 77' lang='grc' dir='ltr'><strong>τὸν</strong></span> <span class='ocrx_word' id='word_1_30' title='bbox 736 494 868 547; x_wconf 71' lang='grc' dir='ltr'>Θεὸν</span> <span class='ocrx_word' id='word_1_31' title='bbox 899 496 1189 548; x_wconf 80' lang='grc' dir='ltr'><strong>ἐκένωσεν.</strong></span> <span class='ocrx_word' id='word_1_32' title='bbox 1228 495 1300 547; x_wconf 75' lang='grc' dir='ltr'>Οὐ</span> <span class='ocrx_word' id='word_1_33' title='bbox 1346 496 1455 564; x_wconf 75' lang='grc' dir='ltr'><strong>γὰρ</strong></span> <span class='ocrx_word' id='word_1_34' title='bbox 1494 496 1636 548; x_wconf 78' lang='grc' dir='ltr'>κατὰ</span> <span class='ocrx_word' id='word_1_35' title='bbox 1679 495 1865 564; x_wconf 84' lang='grc' dir='ltr'>χώραν</span> 
     </span>
    </p>
   </div>
   <div class='ocr_carea' id='block_1_7' title="bbox 301 586 1864 658">
    <p class='ocr_par' dir='ltr' id='par_1_7' title="bbox 301 586 1864 658">
     <span class='ocr_line' id='line_1_7' title="bbox 301 586 1864 658; baseline -0.002 -17"><span class='ocrx_word' id='word_1_36' title='bbox 301 591 479 658; x_wconf 84' lang='grc' dir='ltr'>μένων</span> <span class='ocrx_word' id='word_1_37' title='bbox 528 587 682 640; x_wconf 87' lang='grc' dir='ltr'>καλεῖ</span> <span class='ocrx_word' id='word_1_38' title='bbox 732 586 865 655; x_wconf 77' lang='grc' dir='ltr'>πρὸς</span> <span class='ocrx_word' id='word_1_39' title='bbox 915 587 1105 639; x_wconf 85' lang='grc' dir='ltr'>ἐαυτὸν</span> <span class='ocrx_word' id='word_1_40' title='bbox 1144 587 1202 640; x_wconf 82' lang='grc' dir='ltr'>ὃν</span> <span class='ocrx_word' id='word_1_41' title='bbox 1241 586 1465 656; x_wconf 86' lang='grc' dir='ltr'>ἐφίλησε</span> <span class='ocrx_word' id='word_1_42' title='bbox 1507 587 1712 650; x_wconf 79' lang='grc' dir='ltr'>δοῦλον,</span> <span class='ocrx_word' id='word_1_43' title='bbox 1749 586 1864 639; x_wconf 88' lang='grc' dir='ltr'>ἀλλ’</span> 
     </span>
    </p>
   </div>
   <div class='ocr_carea' id='block_1_8' title="bbox 298 676 1867 747">
    <p class='ocr_par' dir='ltr' id='par_1_8' title="bbox 298 676 1867 747">
     <span class='ocr_line' id='line_1_8' title="bbox 298 676 1867 747; baseline -0.004 -15"><span class='ocrx_word' id='word_1_44' title='bbox 298 679 460 742; x_wconf 76' lang='grc' dir='ltr'>αὐτὸς</span> <span class='ocrx_word' id='word_1_45' title='bbox 521 679 679 747; x_wconf 82' lang='grc' dir='ltr'>ζητεῖ</span> <span class='ocrx_word' id='word_1_46' title='bbox 724 676 1026 742; x_wconf 86' lang='grc' dir='ltr'>κατελθὼν,</span> <span class='ocrx_word' id='word_1_47' title='bbox 1060 679 1154 730; x_wconf 77' lang='grc' dir='ltr'>καὶ</span> <span class='ocrx_word' id='word_1_48' title='bbox 1207 679 1342 746; x_wconf 80' lang='grc' dir='ltr'>πρὸς</span> <span class='ocrx_word' id='word_1_49' title='bbox 1387 678 1486 746; x_wconf 79' lang='grc' dir='ltr'><strong>τὴν</strong></span> <span class='ocrx_word' id='word_1_50' title='bbox 1540 677 1867 744; x_wconf 74' lang='grc' dir='ltr'>καταγωγὴν</span> 
     </span>
    </p>
   </div>
   <div class='ocr_carea' id='block_1_9' title="bbox 297 768 1867 839">
    <p class='ocr_par' dir='ltr' id='par_1_9' title="bbox 297 768 1867 839">
     <span class='ocr_line' id='line_1_9' title="bbox 297 768 1867 839; baseline -0.002 -15"><span class='ocrx_word' id='word_1_51' title='bbox 297 771 614 837; x_wconf 81' lang='grc' dir='ltr'>ἀφικνεῖται</span> <span class='ocrx_word' id='word_1_52' title='bbox 649 768 744 821; x_wconf 78' lang='grc' dir='ltr'>τοῦ</span> <span class='ocrx_word' id='word_1_53' title='bbox 778 769 1009 836; x_wconf 76' lang='grc' dir='ltr'>πένητος</span> <span class='ocrx_word' id='word_1_54' title='bbox 1040 769 1068 821; x_wconf 82' lang='grc' dir='ltr'>ὁ</span> <span class='ocrx_word' id='word_1_55' title='bbox 1101 769 1369 832; x_wconf 88' lang='grc' dir='ltr'>πλουτῶν,</span> <span class='ocrx_word' id='word_1_56' title='bbox 1407 768 1502 823; x_wconf 68' lang='lat' dir='ltr'><strong>xci.</strong></span> <span class='ocrx_word' id='word_1_57' title='bbox 1553 769 1867 839; x_wconf 81' lang='grc' dir='ltr'>προσελθὼν</span> 
     </span>
    </p>
   </div>
   <div class='ocr_carea' id='block_1_10' title="bbox 295 860 1866 931">
    <p class='ocr_par' dir='ltr' id='par_1_10' title="bbox 295 860 1866 931">
     <span class='ocr_line' id='line_1_10' title="bbox 295 860 1866 931; baseline 0 -17"><span class='ocrx_word' id='word_1_58' title='bbox 295 861 362 914; x_wconf 80' lang='grc' dir='ltr'>δι’</span> <span class='ocrx_word' id='word_1_59' title='bbox 394 861 590 915; x_wconf 77' lang='grc' dir='ltr'>ἐαυτοῦ</span> <span class='ocrx_word' id='word_1_60' title='bbox 642 861 836 931; x_wconf 76' lang='grc' dir='ltr'>μηνύει</span> <span class='ocrx_word' id='word_1_61' title='bbox 867 861 960 912; x_wconf 76' lang='grc' dir='ltr'>τὸν</span> <span class='ocrx_word' id='word_1_62' title='bbox 999 860 1184 927; x_wconf 85' lang='grc' dir='ltr'>πόθον,</span> <span class='ocrx_word' id='word_1_63' title='bbox 1211 861 1304 913; x_wconf 81' lang='grc' dir='ltr'>καὶ</span> <span class='ocrx_word' id='word_1_64' title='bbox 1337 861 1492 928; x_wconf 81' lang='grc' dir='ltr'>ζητεῖ</span> <span class='ocrx_word' id='word_1_65' title='bbox 1522 862 1581 913; x_wconf 76' lang='grc' dir='ltr'>τὸ</span> <span class='ocrx_word' id='word_1_66' title='bbox 1617 861 1730 913; x_wconf 78' lang='grc' dir='ltr'>ἴσον</span> <span class='ocrx_word' id='word_1_67' title='bbox 1774 862 1866 914; x_wconf 76' lang='grc' dir='ltr'><strong>καὶ</strong></span> 
     </span>
    </p>
   </div>
   <div class='ocr_carea' id='block_1_11' title="bbox 295 951 1866 1022">
    <p class='ocr_par' dir='ltr' id='par_1_11' title="bbox 295 951 1866 1022">
     <span class='ocr_line' id='line_1_11' title="bbox 295 951 1866 1022; baseline 0 -18"><span class='ocrx_word' id='word_1_68' title='bbox 295 953 658 1016; x_wconf 73' lang='grc' dir='ltr'><strong>ἀπαξιοῦντος</strong></span> <span class='ocrx_word' id='word_1_69' title='bbox 712 952 810 1004; x_wconf 81' lang='grc' dir='ltr'><strong>οὐκ</strong></span> <span class='ocrx_word' id='word_1_70' title='bbox 867 953 1184 1021; x_wconf 83' lang='grc' dir='ltr'>ἀφίσταται,</span> <span class='ocrx_word' id='word_1_71' title='bbox 1215 955 1308 1007; x_wconf 68' lang='grc' dir='ltr'><strong>καὶ</strong></span> <span class='ocrx_word' id='word_1_72' title='bbox 1337 952 1469 1021; x_wconf 78' lang='grc' dir='ltr'>πρὸς</span> <span class='ocrx_word' id='word_1_73' title='bbox 1493 952 1590 1022; x_wconf 83' lang='grc' dir='ltr'><strong>τὴν</strong></span> <span class='ocrx_word' id='word_1_74' title='bbox 1621 951 1776 1018; x_wconf 75' lang='grc' dir='ltr'>ὓϐριν</span> <span class='ocrx_word' id='word_1_75' title='bbox 1807 952 1866 1004; x_wconf 78' lang='grc' dir='ltr'><strong>οὐ</strong></span> 
     </span>
    </p>
   </div>
   <div class='ocr_carea' id='block_1_12' title="bbox 296 1043 1866 1115">
    <p class='ocr_par' dir='ltr' id='par_1_12' title="bbox 296 1043 1866 1115">
     <span class='ocr_line' id='line_1_12' title="bbox 296 1043 1866 1115; baseline 0.002 -22"><span class='ocrx_word' id='word_1_76' title='bbox 296 1045 662 1111; x_wconf 71' lang='grc' dir='ltr'><strong>δυσχεραίνει,</strong></span> <span class='ocrx_word' id='word_1_77' title='bbox 688 1044 782 1096; x_wconf 70' lang='grc' dir='ltr'>καὶ</span> <span class='ocrx_word' id='word_1_78' title='bbox 803 1043 1130 1112; x_wconf 76' lang='grc' dir='ltr'>διωκόμενος</span> <span class='ocrx_word' id='word_1_79' title='bbox 1153 1045 1502 1114; x_wconf 80' lang='grc' dir='ltr'>προσεδρεύει</span> <span class='ocrx_word' id='word_1_80' title='bbox 1518 1047 1635 1103; x_wconf 79' lang='grc' dir='ltr'>ταῖς</span> <span class='ocrx_word' id='word_1_81' title='bbox 1655 1045 1866 1115; x_wconf 79' lang='grc' dir='ltr'>θύραις,</span> 
     </span>
    </p>
   </div>
   <div class='ocr_carea' id='block_1_13' title="bbox 297 1134 1868 1206">
    <p class='ocr_par' dir='ltr' id='par_1_13' title="bbox 297 1134 1868 1206">
     <span class='ocr_line' id='line_1_13' title="bbox 297 1134 1868 1206; baseline 0.002 -20"><span class='ocrx_word' id='word_1_82' title='bbox 297 1134 393 1187; x_wconf 67' lang='grc' dir='ltr'><strong>καὶ</strong></span> <span class='ocrx_word' id='word_1_83' title='bbox 409 1136 500 1189; x_wconf 85' lang='grc' dir='ltr'>ἵνα</span> <span class='ocrx_word' id='word_1_84' title='bbox 515 1137 604 1187; x_wconf 72' lang='grc' dir='ltr'><strong>τὸν</strong></span> <span class='ocrx_word' id='word_1_85' title='bbox 627 1137 834 1205; x_wconf 86' lang='grc' dir='ltr'>ἐρῶντα</span> <span class='ocrx_word' id='word_1_86' title='bbox 855 1137 1002 1206; x_wconf 77' lang='grc' dir='ltr'>δείξῃ</span> <span class='ocrx_word' id='word_1_87' title='bbox 1028 1138 1204 1189; x_wconf 80' lang='grc' dir='ltr'>πάντα</span> <span class='ocrx_word' id='word_1_88' title='bbox 1223 1141 1386 1201; x_wconf 81' lang='grc' dir='ltr'>ποιεῖ,</span> <span class='ocrx_word' id='word_1_89' title='bbox 1413 1140 1503 1190; x_wconf 72' lang='grc' dir='ltr'><strong>καὶ</strong></span> <span class='ocrx_word' id='word_1_90' title='bbox 1529 1137 1868 1206; x_wconf 72' lang='grc' dir='ltr'>ὀδυνώμενος</span> 
     </span>
    </p>
   </div>
   <div class='ocr_carea' id='block_1_14' title="bbox 299 1228 1868 1300">
    <p class='ocr_par' dir='ltr' id='par_1_14' title="bbox 299 1228 1868 1300">
     <span class='ocr_line' id='line_1_14' title="bbox 299 1228 1868 1300; baseline 0.003 -21"><span class='ocrx_word' id='word_1_91' title='bbox 299 1228 456 1294; x_wconf 87' lang='grc' dir='ltr'>φέρει</span> <span class='ocrx_word' id='word_1_92' title='bbox 498 1229 593 1280; x_wconf 70' lang='grc' dir='ltr'>καὶ</span> <span class='ocrx_word' id='word_1_93' title='bbox 635 1230 990 1297; x_wconf 78' lang='grc' dir='ltr'>ἀποθνήσκει.</span> <span class='ocrx_word' id='word_1_94' title='bbox 1045 1231 1199 1283; x_wconf 72' lang='grc' dir='ltr'>Ἐπεὶ</span> <span class='ocrx_word' id='word_1_95' title='bbox 1242 1231 1348 1300; x_wconf 79' lang='grc' dir='ltr'>γὰρ</span> <span class='ocrx_word' id='word_1_96' title='bbox 1401 1230 1545 1282; x_wconf 82' lang='grc' dir='ltr'>δυοῖν</span> <span class='ocrx_word' id='word_1_97' title='bbox 1588 1230 1776 1293; x_wconf 77' lang='grc' dir='ltr'>ὄντων,</span> <span class='ocrx_word' id='word_1_98' title='bbox 1833 1231 1868 1284; x_wconf 79' lang='grc' dir='ltr'>ἃ</span> 
     </span>
    </p>
   </div>
   <div class='ocr_carea' id='block_1_15' title="bbox 297 1319 1866 1392">
    <p class='ocr_par' dir='ltr' id='par_1_15' title="bbox 297 1319 1866 1392">
     <span class='ocr_line' id='line_1_15' title="bbox 297 1319 1866 1392; baseline 0.003 -22"><span class='ocrx_word' id='word_1_99' title='bbox 297 1319 454 1382; x_wconf 68' lang='grc' dir='ltr'>δῆλον</span> <span class='ocrx_word' id='word_1_100' title='bbox 486 1320 774 1388; x_wconf 83' lang='grc' dir='ltr'>καθίστησι</span> <span class='ocrx_word' id='word_1_101' title='bbox 807 1323 900 1374; x_wconf 79' lang='grc' dir='ltr'>καὶ</span> <span class='ocrx_word' id='word_1_102' title='bbox 928 1321 1253 1392; x_wconf 77' lang='grc' dir='ltr'>θριαμϐεύει</span> <span class='ocrx_word' id='word_1_103' title='bbox 1276 1324 1365 1373; x_wconf 74' lang='grc' dir='ltr'><strong>τὸν</strong></span> <span class='ocrx_word' id='word_1_104' title='bbox 1390 1322 1650 1391; x_wconf 82' lang='grc' dir='ltr'>ἐραστὴν,</span> <span class='ocrx_word' id='word_1_105' title='bbox 1681 1321 1774 1374; x_wconf 81' lang='grc' dir='ltr'>τοῦ</span> <span class='ocrx_word' id='word_1_106' title='bbox 1808 1340 1866 1375; x_wconf 91' lang='grc' dir='ltr'><strong>τε</strong></span> 
     </span>
    </p>
   </div>
   <div class='ocr_carea' id='block_1_16' title="bbox 299 1409 1868 1486">
    <p class='ocr_par' dir='ltr' id='par_1_16' title="bbox 299 1409 1868 1486">
     <span class='ocr_line' id='line_1_16' title="bbox 299 1409 1868 1486; baseline 0.003 -24"><span class='ocrx_word' id='word_1_107' title='bbox 299 1413 469 1465; x_wconf 84' lang='grc' dir='ltr'>πᾶσιν</span> <span class='ocrx_word' id='word_1_108' title='bbox 524 1410 605 1474; x_wconf 75' lang='grc' dir='ltr'>οἷς</span> <span class='ocrx_word' id='word_1_109' title='bbox 641 1412 849 1476; x_wconf 78' lang='grc' dir='ltr'>ἔξεστιν</span> <span class='ocrx_word' id='word_1_110' title='bbox 891 1409 948 1468; x_wconf 82' lang='grc' dir='ltr'>εὖ</span> <span class='ocrx_word' id='word_1_111' title='bbox 993 1417 1167 1467; x_wconf 80' lang='grc' dir='ltr'>ποιεῖν</span> <span class='ocrx_word' id='word_1_112' title='bbox 1207 1415 1298 1466; x_wconf 76' lang='grc' dir='ltr'><strong>τὸν</strong></span> <span class='ocrx_word' id='word_1_113' title='bbox 1337 1415 1632 1486; x_wconf 88' lang='grc' dir='ltr'>ἐρώμενον,</span> <span class='ocrx_word' id='word_1_114' title='bbox 1675 1414 1768 1468; x_wconf 75' lang='grc' dir='ltr'>τοῦ</span> <span class='ocrx_word' id='word_1_115' title='bbox 1809 1433 1868 1467; x_wconf 85' lang='grc' dir='ltr'><strong>τε</strong></span> 
     </span>
    </p>
   </div>
   <div class='ocr_carea' id='block_1_17' title="bbox 299 1503 1868 1578">
    <p class='ocr_par' dir='ltr' id='par_1_17' title="bbox 299 1503 1868 1578">
     <span class='ocr_line' id='line_1_17' title="bbox 299 1503 1868 1578; baseline 0.004 -24"><span class='ocrx_word' id='word_1_116' title='bbox 299 1503 449 1555; x_wconf 73' lang='grc' dir='ltr'>δεινά</span> <span class='ocrx_word' id='word_1_117' title='bbox 478 1505 725 1573; x_wconf 87' lang='grc' dir='ltr'>πάσχειν</span> <span class='ocrx_word' id='word_1_118' title='bbox 755 1507 1027 1576; x_wconf 78' lang='grc' dir='ltr'>αἱρεῖσθαι</span> <span class='ocrx_word' id='word_1_119' title='bbox 1081 1508 1211 1578; x_wconf 70' lang='grc' dir='ltr'>περὶ</span> <span class='ocrx_word' id='word_1_120' title='bbox 1244 1507 1409 1560; x_wconf 81' lang='grc' dir='ltr'>αὑτοῦ</span> <span class='ocrx_word' id='word_1_121' title='bbox 1445 1509 1540 1560; x_wconf 69' lang='grc' dir='ltr'><strong>καὶ</strong></span> <span class='ocrx_word' id='word_1_122' title='bbox 1580 1508 1868 1561; x_wconf 80' lang='grc' dir='ltr'>ὀδυνᾶσθαι</span> 
     </span>
    </p>
   </div>
   <div class='ocr_carea' id='block_1_18' title="bbox 299 1597 1870 1672">
    <p class='ocr_par' dir='ltr' id='par_1_18' title="bbox 299 1597 1870 1672">
     <span class='ocr_line' id='line_1_18' title="bbox 299 1597 1870 1672; baseline 0.005 -26"><span class='ocrx_word' id='word_1_123' title='bbox 299 1597 522 1663; x_wconf 82' lang='grc' dir='ltr'>δεῆσαν,</span> <span class='ocrx_word' id='word_1_124' title='bbox 553 1598 748 1666; x_wconf 82' lang='grc' dir='ltr'>δεῖγμα</span> <span class='ocrx_word' id='word_1_125' title='bbox 775 1604 872 1666; x_wconf 78' lang='grc' dir='ltr'>μὲν</span> <span class='ocrx_word' id='word_1_126' title='bbox 899 1601 1082 1668; x_wconf 80' lang='grc' dir='ltr'>φιλίας</span> <span class='ocrx_word' id='word_1_127' title='bbox 1108 1601 1202 1653; x_wconf 79' lang='grc' dir='ltr'>τοῦ</span> <span class='ocrx_word' id='word_1_128' title='bbox 1229 1601 1496 1672; x_wconf 80' lang='grc' dir='ltr'>προτέρου</span> <span class='ocrx_word' id='word_1_129' title='bbox 1528 1601 1588 1653; x_wconf 76' lang='grc' dir='ltr'>τὸ</span> <span class='ocrx_word' id='word_1_130' title='bbox 1614 1601 1870 1670; x_wconf 85' lang='grc' dir='ltr'>δεύτερον</span> 
     </span>
    </p>
   </div>
   <div class='ocr_carea' id='block_1_19' title="bbox 300 1688 1870 1765">
    <p class='ocr_par' dir='ltr' id='par_1_19' title="bbox 300 1688 1870 1765">
     <span class='ocr_line' id='line_1_19' title="bbox 300 1688 1870 1765; baseline 0.004 -24"><span class='ocrx_word' id='word_1_131' title='bbox 300 1689 497 1754; x_wconf 83' lang='grc' dir='ltr'>γένοιτ’</span> <span class='ocrx_word' id='word_1_132' title='bbox 540 1688 607 1743; x_wconf 81' lang='grc' dir='ltr'><strong>ἂν</strong></span> <span class='ocrx_word' id='word_1_133' title='bbox 640 1689 819 1759; x_wconf 89' lang='grc' dir='ltr'>πολλῷ</span> <span class='ocrx_word' id='word_1_134' title='bbox 863 1709 971 1744; x_wconf 85' lang='grc' dir='ltr'>τινι</span> <span class='ocrx_word' id='word_1_135' title='bbox 1007 1693 1208 1761; x_wconf 78' lang='grc' dir='ltr'>μεῖζον,</span> <span class='ocrx_word' id='word_1_136' title='bbox 1259 1693 1336 1765; x_wconf 79' lang='grc' dir='ltr'>τῷ</span> <span class='ocrx_word' id='word_1_137' title='bbox 1369 1694 1490 1762; x_wconf 86' lang='grc' dir='ltr'>Θεῷ</span> <span class='ocrx_word' id='word_1_138' title='bbox 1521 1694 1577 1747; x_wconf 83' lang='grc' dir='ltr'><strong>δὲ</strong></span> <span class='ocrx_word' id='word_1_139' title='bbox 1610 1695 1710 1748; x_wconf 81' lang='grc' dir='ltr'>οὐκ</span> <span class='ocrx_word' id='word_1_140' title='bbox 1744 1695 1870 1762; x_wconf 82' lang='grc' dir='ltr'>ἐξῆν</span> 
     </span>
    </p>
   </div>
   <div class='ocr_carea' id='block_1_20' title="bbox 301 1783 1865 1858">
    <p class='ocr_par' dir='ltr' id='par_1_20' title="bbox 301 1783 1865 1858">
     <span class='ocr_line' id='line_1_20' title="bbox 301 1783 1865 1858; baseline 0.003 -24"><span class='ocrx_word' id='word_1_141' title='bbox 301 1783 504 1835; x_wconf 77' lang='grc' dir='ltr'>ἀπαθεῖ</span> <span class='ocrx_word' id='word_1_142' title='bbox 536 1783 755 1835; x_wconf 87' lang='grc' dir='ltr'>πάντων</span> <span class='ocrx_word' id='word_1_143' title='bbox 799 1784 911 1836; x_wconf 76' lang='grc' dir='ltr'>ὄντι</span> <span class='ocrx_word' id='word_1_144' title='bbox 942 1787 1153 1851; x_wconf 83' lang='grc' dir='ltr'>κακῶν,</span> <span class='ocrx_word' id='word_1_145' title='bbox 1187 1786 1324 1840; x_wconf 89' lang='grc' dir='ltr'><strong>ἀλλά</strong></span> <span class='ocrx_word' id='word_1_146' title='bbox 1375 1787 1762 1858; x_wconf 87' lang='grc' dir='ltr'>φιλάνθρωπος</span> <span class='ocrx_word' id='word_1_147' title='bbox 1791 1786 1865 1839; x_wconf 84' lang='grc' dir='ltr'>ὣν</span> 
     </span>
    </p>
   </div>
   <div class='ocr_carea' id='block_1_21' title="bbox 301 1868 1866 1948">
    <p class='ocr_par' dir='ltr' id='par_1_21' title="bbox 301 1868 1866 1948">
     <span class='ocr_line' id='line_1_21' title="bbox 301 1868 1866 1948; baseline 0.006 -27"><span class='ocrx_word' id='word_1_148' title='bbox 301 1870 606 1941; x_wconf 75' lang='grc' dir='ltr'>εὗεργετεῖν</span> <span class='ocrx_word' id='word_1_149' title='bbox 626 1873 726 1940; x_wconf 79' lang='grc' dir='ltr'>μὲν</span> <span class='ocrx_word' id='word_1_150' title='bbox 747 1868 859 1941; x_wconf 75' lang='grc' dir='ltr'>εἶχε</span> <span class='ocrx_word' id='word_1_151' title='bbox 883 1874 973 1926; x_wconf 76' lang='grc' dir='ltr'>τὸν</span> <span class='ocrx_word' id='word_1_152' title='bbox 996 1875 1307 1944; x_wconf 82' lang='grc' dir='ltr'>ἄνθρωπον,</span> <span class='ocrx_word' id='word_1_153' title='bbox 1332 1878 1620 1948; x_wconf 85' lang='grc' dir='ltr'>ἀνέχεσθαι</span> <span class='ocrx_word' id='word_1_154' title='bbox 1647 1878 1702 1931; x_wconf 83' lang='grc' dir='ltr'><strong>δὲ</strong></span> <span class='ocrx_word' id='word_1_155' title='bbox 1726 1877 1866 1948; x_wconf 81' lang='grc' dir='ltr'>ὑπὲρ</span> 
     </span>
    </p>
   </div>
   <div class='ocr_carea' id='block_1_22' title="bbox 301 1961 1866 2039">
    <p class='ocr_par' dir='ltr' id='par_1_22' title="bbox 301 1961 1866 2039">
     <span class='ocr_line' id='line_1_22' title="bbox 301 1961 1866 2039; baseline 0.003 -25"><span class='ocrx_word' id='word_1_156' title='bbox 301 1961 463 2015; x_wconf 77' lang='grc' dir='ltr'>αὐτοῦ</span> <span class='ocrx_word' id='word_1_157' title='bbox 491 1961 864 2032; x_wconf 85' lang='grc' dir='ltr'>πληττόμενος</span> <span class='ocrx_word' id='word_1_158' title='bbox 911 1966 1022 2018; x_wconf 78' lang='grc' dir='ltr'>οὐδ’</span> <span class='ocrx_word' id='word_1_159' title='bbox 1055 1968 1242 2034; x_wconf 80' lang='grc' dir='ltr'>ἐγγὺς,</span> <span class='ocrx_word' id='word_1_160' title='bbox 1279 1970 1373 2021; x_wconf 73' lang='grc' dir='ltr'><strong>καὶ</strong></span> <span class='ocrx_word' id='word_1_161' title='bbox 1417 1969 1478 2021; x_wconf 82' lang='grc' dir='ltr'><strong>τὸ</strong></span> <span class='ocrx_word' id='word_1_162' title='bbox 1512 1971 1610 2039; x_wconf 82' lang='grc' dir='ltr'><strong>μὲν</strong></span> <span class='ocrx_word' id='word_1_163' title='bbox 1640 1970 1866 2038; x_wconf 89' lang='grc' dir='ltr'>φίλτρον</span> 
     </span>
    </p>
   </div>
   <div class='ocr_carea' id='block_1_23' title="bbox 302 2049 1866 2133">
    <p class='ocr_par' dir='ltr' id='par_1_23' title="bbox 302 2049 1866 2133">
     <span class='ocr_line' id='line_1_23' title="bbox 302 2049 1866 2133; baseline 0.008 -29"><span class='ocrx_word' id='word_1_164' title='bbox 302 2053 578 2123; x_wconf 80' lang='grc' dir='ltr'>ὑπερφυὲς</span> <span class='ocrx_word' id='word_1_165' title='bbox 625 2049 714 2123; x_wconf 77' lang='grc' dir='ltr'>ἦν,</span> <span class='ocrx_word' id='word_1_166' title='bbox 757 2057 818 2109; x_wconf 83' lang='grc' dir='ltr'><strong>τὸ</strong></span> <span class='ocrx_word' id='word_1_167' title='bbox 868 2056 924 2109; x_wconf 81' lang='grc' dir='ltr'>δὲ</span> <span class='ocrx_word' id='word_1_168' title='bbox 971 2060 1215 2125; x_wconf 86' lang='grc' dir='ltr'>σημεῖον,</span> <span class='ocrx_word' id='word_1_169' title='bbox 1265 2051 1308 2127; x_wconf 85' lang='grc' dir='ltr'>ᾧ</span> <span class='ocrx_word' id='word_1_170' title='bbox 1348 2060 1506 2130; x_wconf 80' lang='grc' dir='ltr'>δῆλον</span> <span class='ocrx_word' id='word_1_171' title='bbox 1547 2062 1613 2114; x_wconf 84' lang='grc' dir='ltr'>ἂν</span> <span class='ocrx_word' id='word_1_172' title='bbox 1660 2057 1749 2133; x_wconf 81' lang='grc' dir='ltr'>ἦν,</span> <span class='ocrx_word' id='word_1_173' title='bbox 1805 2063 1866 2116; x_wconf 83' lang='grc' dir='ltr'>οὐ</span> 
     </span>
    </p>
   </div>
   <div class='ocr_carea' id='block_1_24' title="bbox 301 2145 1867 2224">
    <p class='ocr_par' dir='ltr' id='par_1_24' title="bbox 301 2145 1867 2224">
     <span class='ocr_line' id='line_1_24' title="bbox 301 2145 1867 2224; baseline 0.008 -28"><span class='ocrx_word' id='word_1_174' title='bbox 301 2147 529 2215; x_wconf 84' lang='grc' dir='ltr'>προσῆν,</span> <span class='ocrx_word' id='word_1_175' title='bbox 565 2145 671 2199; x_wconf 80' lang='grc' dir='ltr'>ἔδει</span> <span class='ocrx_word' id='word_1_176' title='bbox 704 2147 760 2199; x_wconf 87' lang='grc' dir='ltr'>δὲ</span> <span class='ocrx_word' id='word_1_177' title='bbox 798 2147 871 2217; x_wconf 83' lang='grc' dir='ltr'>μὴ</span> <span class='ocrx_word' id='word_1_178' title='bbox 924 2147 1210 2203; x_wconf 77' lang='grc' dir='ltr'>λανθάνειν</span> <span class='ocrx_word' id='word_1_179' title='bbox 1255 2154 1460 2224; x_wconf 81' lang='grc' dir='ltr'>σφόδρα</span> <span class='ocrx_word' id='word_1_180' title='bbox 1497 2155 1690 2222; x_wconf 88' lang='grc' dir='ltr'>φιλῶν,</span> <span class='ocrx_word' id='word_1_181' title='bbox 1731 2156 1867 2209; x_wconf 83' lang='grc' dir='ltr'>ἀλλὰ</span> 
     </span>
    </p>
   </div>
   <div class='ocr_carea' id='block_1_25' title="bbox 299 2237 1866 2315">
    <p class='ocr_par' dir='ltr' id='par_1_25' title="bbox 299 2237 1866 2315">
     <span class='ocr_line' id='line_1_25' title="bbox 299 2237 1866 2315; baseline 0.009 -27"><span class='ocrx_word' id='word_1_182' title='bbox 299 2237 393 2305; x_wconf 83' lang='grc' dir='ltr'>τῆς</span> <span class='ocrx_word' id='word_1_183' title='bbox 426 2237 692 2308; x_wconf 81' lang='grc' dir='ltr'><strong>μεγίστης</strong></span> <span class='ocrx_word' id='word_1_184' title='bbox 721 2240 944 2307; x_wconf 83' lang='grc' dir='ltr'>ἀγάπης</span> <span class='ocrx_word' id='word_1_185' title='bbox 977 2241 1162 2296; x_wconf 80' lang='grc' dir='ltr'>δοῦναι</span> <span class='ocrx_word' id='word_1_186' title='bbox 1190 2247 1387 2314; x_wconf 86' lang='grc' dir='ltr'>πεῖραν</span> <span class='ocrx_word' id='word_1_187' title='bbox 1419 2247 1551 2315; x_wconf 86' lang='grc' dir='ltr'>ἡμῖν</span> <span class='ocrx_word' id='word_1_188' title='bbox 1576 2247 1669 2301; x_wconf 79' lang='grc' dir='ltr'>καὶ</span> <span class='ocrx_word' id='word_1_189' title='bbox 1695 2249 1866 2313; x_wconf 79' lang='grc' dir='ltr'>δεῖξαι</span> 
     </span>
    </p>
   </div>
   <div class='ocr_carea' id='block_1_26' title="bbox 299 2328 1867 2410">
    <p class='ocr_par' dir='ltr' id='par_1_26' title="bbox 299 2328 1867 2410">
     <span class='ocr_line' id='line_1_26' title="bbox 299 2328 1867 2410; baseline 0.009 -31"><span class='ocrx_word' id='word_1_190' title='bbox 299 2329 387 2379; x_wconf 69' lang='grc' dir='ltr'>τὸν</span> <span class='ocrx_word' id='word_1_191' title='bbox 421 2328 651 2399; x_wconf 74' lang='grc' dir='ltr'>ἔσχατον</span> <span class='ocrx_word' id='word_1_192' title='bbox 691 2330 833 2400; x_wconf 77' lang='grc' dir='ltr'>ἐρῶν</span> <span class='ocrx_word' id='word_1_193' title='bbox 880 2331 1056 2402; x_wconf 76' lang='grc' dir='ltr'>ἔρωτα</span> <span class='ocrx_word' id='word_1_194' title='bbox 1083 2350 1097 2366; x_wconf 86' lang='grc'>⁶</span> <span class='ocrx_word' id='word_1_195' title='bbox 1146 2337 1351 2405; x_wconf 80' lang='grc' dir='ltr'>ταύτην</span> <span class='ocrx_word' id='word_1_196' title='bbox 1405 2341 1716 2408; x_wconf 81' lang='grc' dir='ltr'>μηχανᾶται</span> <span class='ocrx_word' id='word_1_197' title='bbox 1770 2343 1867 2410; x_wconf 81' lang='grc' dir='ltr'><strong>τὴν</strong></span> 
     </span>
    </p>
   </div>
   <div class='ocr_carea' id='block_1_27' title="bbox 299 2421 1864 2496">
    <p class='ocr_par' dir='ltr' id='par_1_27' title="bbox 299 2421 1864 2496">
     <span class='ocr_line' id='line_1_27' title="bbox 299 2421 1864 2496; baseline 0.01 -25"><span class='ocrx_word' id='word_1_198' title='bbox 299 2421 526 2474; x_wconf 81' lang='grc' dir='ltr'>κένωσιν</span> <span class='ocrx_word' id='word_1_199' title='bbox 547 2425 642 2475; x_wconf 73' lang='grc' dir='ltr'>καὶ</span> <span class='ocrx_word' id='word_1_200' title='bbox 669 2426 1138 2494; x_wconf 83' lang='grc' dir='ltr'>πραγματεύεται,</span> <span class='ocrx_word' id='word_1_201' title='bbox 1170 2429 1263 2480; x_wconf 76' lang='grc' dir='ltr'><strong>καὶ</strong></span> <span class='ocrx_word' id='word_1_202' title='bbox 1294 2433 1440 2482; x_wconf 80' lang='grc' dir='ltr'>ποιεῖ</span> <span class='ocrx_word' id='word_1_203' title='bbox 1467 2432 1533 2483; x_wconf 84' lang='grc' dir='ltr'>δι’</span> <span class='ocrx_word' id='word_1_204' title='bbox 1564 2427 1638 2485; x_wconf 81' lang='grc' dir='ltr'>ὧν</span> <span class='ocrx_word' id='word_1_205' title='bbox 1659 2429 1769 2496; x_wconf 72' lang='grc' dir='ltr'>οἷός</span> <span class='ocrx_word' id='word_1_206' title='bbox 1806 2452 1864 2487; x_wconf 87' lang='grc' dir='ltr'><strong>τε</strong></span> 
     </span>
    </p>
   </div>
   <div class='ocr_carea' id='block_1_28' title="bbox 301 2513 1867 2592">
    <p class='ocr_par' dir='ltr' id='par_1_28' title="bbox 301 2513 1867 2592">
     <span class='ocr_line' id='line_1_28' title="bbox 301 2513 1867 2592; baseline 0.009 -27"><span class='ocrx_word' id='word_1_207' title='bbox 301 2513 495 2578; x_wconf 83' lang='grc' dir='ltr'>γένοιτ’</span> <span class='ocrx_word' id='word_1_208' title='bbox 528 2515 596 2568; x_wconf 82' lang='grc' dir='ltr'>ἂν</span> <span class='ocrx_word' id='word_1_209' title='bbox 625 2516 776 2569; x_wconf 86' lang='grc' dir='ltr'>δεινά</span> <span class='ocrx_word' id='word_1_210' title='bbox 816 2517 1011 2570; x_wconf 81' lang='grc' dir='ltr'>παθεῖν</span> <span class='ocrx_word' id='word_1_211' title='bbox 1040 2522 1136 2572; x_wconf 77' lang='grc' dir='ltr'>καὶ</span> <span class='ocrx_word' id='word_1_212' title='bbox 1165 2522 1512 2592; x_wconf 81' lang='grc' dir='ltr'>ὀδυνηθῆναι,</span> <span class='ocrx_word' id='word_1_213' title='bbox 1558 2526 1650 2577; x_wconf 76' lang='grc' dir='ltr'><strong>καὶ</strong></span> <span class='ocrx_word' id='word_1_214' title='bbox 1696 2526 1867 2591; x_wconf 73' lang='grc' dir='ltr'>οὕτως</span> 
     </span>
    </p>
   </div>
   <div class='ocr_carea' id='block_1_29' title="bbox 300 2600 1868 2689">
    <p class='ocr_par' dir='ltr' id='par_1_29' title="bbox 300 2600 1868 2689">
     <span class='ocr_line' id='line_1_29' title="bbox 300 2600 1868 2689; baseline 0.01 -33"><span class='ocrx_word' id='word_1_215' title='bbox 300 2600 380 2666; x_wconf 72' lang='grc' dir='ltr'>οἷς</span> <span class='ocrx_word' id='word_1_216' title='bbox 403 2606 662 2676; x_wconf 83' lang='grc' dir='ltr'>ἀνέσχετο</span> <span class='ocrx_word' id='word_1_217' title='bbox 682 2608 897 2675; x_wconf 78' lang='grc' dir='ltr'>πείσας,</span> <span class='ocrx_word' id='word_1_218' title='bbox 926 2611 1000 2674; x_wconf 88' lang='grc' dir='ltr'>ὠς</span> <span class='ocrx_word' id='word_1_219' title='bbox 1023 2613 1131 2680; x_wconf 82' lang='grc' dir='ltr'>ἄρα</span> <span class='ocrx_word' id='word_1_220' title='bbox 1154 2613 1298 2681; x_wconf 87' lang='grc' dir='ltr'>φιλεῖ</span> <span class='ocrx_word' id='word_1_221' title='bbox 1321 2615 1706 2685; x_wconf 84' lang='grc' dir='ltr'>διαφερόντως,</span> <span class='ocrx_word' id='word_1_222' title='bbox 1733 2621 1868 2689; x_wconf 84' lang='grc' dir='ltr'>πρὸς</span> 
     </span>
    </p>
   </div>
   <div class='ocr_carea' id='block_1_30' title="bbox 304 2695 1869 2779">
    <p class='ocr_par' dir='ltr' id='par_1_30' title="bbox 304 2695 1869 2779">
     <span class='ocr_line' id='line_1_30' title="bbox 304 2695 1869 2779; baseline 0.009 -32"><span class='ocrx_word' id='word_1_223' title='bbox 304 2695 488 2749; x_wconf 74' lang='grc' dir='ltr'>εαυτδν</span> <span class='ocrx_word' id='word_1_224' title='bbox 536 2699 854 2768; x_wconf 71' lang='grc' dir='ltr'>ἐπιστρέψει</span> <span class='ocrx_word' id='word_1_225' title='bbox 888 2703 978 2755; x_wconf 84' lang='grc' dir='ltr'><strong>τὸν</strong></span> <span class='ocrx_word' id='word_1_226' title='bbox 1016 2705 1096 2756; x_wconf 79' lang='grc' dir='ltr'><strong>ὅτι</strong></span> <span class='ocrx_word' id='word_1_227' title='bbox 1145 2705 1407 2759; x_wconf 79' lang='grc' dir='ltr'>πέπειστο</span> <span class='ocrx_word' id='word_1_228' title='bbox 1443 2707 1722 2776; x_wconf 83' lang='grc' dir='ltr'>μισεῖσθαι</span> <span class='ocrx_word' id='word_1_229' title='bbox 1769 2728 1869 2779; x_wconf 78' lang='grc' dir='ltr'>φυ-</span> 
     </span>
    </p>
   </div>
   <div class='ocr_carea' id='block_1_31' title="bbox 300 2789 858 2860">
    <p class='ocr_par' dir='ltr' id='par_1_31' title="bbox 300 2789 858 2860">
     <span class='ocr_line' id='line_1_31' title="bbox 300 2789 858 2860; baseline 0.013 -19"><span class='ocrx_word' id='word_1_230' title='bbox 300 2789 467 2856; x_wconf 82' lang='grc' dir='ltr'>γόντα</span> <span class='ocrx_word' id='word_1_231' title='bbox 497 2791 592 2845; x_wconf 77' lang='grc' dir='ltr'><strong>τὸν</strong></span> <span class='ocrx_word' id='word_1_232' title='bbox 622 2793 858 2860; x_wconf 79' lang='grc' dir='ltr'>ἀγαθόν.</span> 
     </span>
    </p>
   </div>
   <div class='ocr_carea' id='block_1_32' title="bbox 1971 500 3531 564">
    <p class='ocr_par' dir='ltr' id='par_1_32' title="bbox 1971 500 3531 564">
     <span class='ocr_line' id='line_1_32' title="bbox 1971 500 3531 564; baseline 0.003 -14"><span class='ocrx_word' id='word_1_233' title='bbox 1971 500 2257 553; x_wconf 78' lang='lat' dir='ltr'><strong>nanivit“.</strong></span> <span class='ocrx_word' id='word_1_234' title='bbox 2294 501 2448 556; x_wconf 85' lang='lat' dir='ltr'><strong>llaud</strong></span> <span class='ocrx_word' id='word_1_235' title='bbox 2479 501 2623 554; x_wconf 89' lang='lat' dir='ltr'><strong>enim</strong></span> <span class='ocrx_word' id='word_1_236' title='bbox 2656 502 2708 554; x_wconf 91' lang='lat' dir='ltr'><strong>in</strong></span> <span class='ocrx_word' id='word_1_237' title='bbox 2745 501 2868 556; x_wconf 90' lang='lat' dir='ltr'><strong>loco</strong></span> <span class='ocrx_word' id='word_1_238' title='bbox 2903 518 3004 556; x_wconf 86' lang='lat' dir='ltr'><strong>suo</strong></span> <span class='ocrx_word' id='word_1_239' title='bbox 3040 516 3290 564; x_wconf 89' lang='lat' dir='ltr'><strong>manens,</strong></span> <span class='ocrx_word' id='word_1_240' title='bbox 3316 514 3531 554; x_wconf 88' lang='lat' dir='ltr'><strong>servum</strong></span> 
     </span>
    </p>
   </div>
   <div class='ocr_carea' id='block_1_33' title="bbox 1970 592 3524 662">
    <p class='ocr_par' dir='ltr' id='par_1_33' title="bbox 1970 592 3524 662">
     <span class='ocr_line' id='line_1_33' title="bbox 1970 592 3524 662; baseline -0.001 -18"><span class='ocrx_word' id='word_1_241' title='bbox 1970 607 2129 658; x_wconf 83' lang='lat' dir='ltr'><strong>quem</strong></span> <span class='ocrx_word' id='word_1_242' title='bbox 2161 592 2420 662; x_wconf 82' lang='lat' dir='ltr'><strong>diligebat</strong></span> <span class='ocrx_word' id='word_1_243' title='bbox 2449 593 2518 646; x_wconf 89' lang='lat' dir='ltr'><strong>ad</strong></span> <span class='ocrx_word' id='word_1_244' title='bbox 2569 609 2627 647; x_wconf 90' lang='lat' dir='ltr'><strong>se</strong></span> <span class='ocrx_word' id='word_1_245' title='bbox 2682 594 2894 646; x_wconf 82' lang='lat' dir='ltr'><strong>vocavit</strong></span> <span class='ocrx_word' id='word_1_246' title='bbox 2920 593 2986 654; x_wconf 75' lang='lat'><strong>&quot;,</strong></span> <span class='ocrx_word' id='word_1_247' title='bbox 3043 593 3135 647; x_wconf 91' lang='lat' dir='ltr'><strong>sed</strong></span> <span class='ocrx_word' id='word_1_248' title='bbox 3173 593 3399 660; x_wconf 77' lang='lat' dir='ltr'><strong>ipsemet</strong></span> <span class='ocrx_word' id='word_1_249' title='bbox 3445 592 3524 644; x_wconf 70' lang='lat' dir='ltr'><strong>de</strong></span> 
     </span>
    </p>
   </div>
   <div class='ocr_carea' id='block_1_34' title="bbox 1971 680 3512 752">
    <p class='ocr_par' dir='ltr' id='par_1_34' title="bbox 1971 680 3512 752">
     <span class='ocr_line' id='line_1_34' title="bbox 1971 680 3512 752; baseline 0.002 -21"><span class='ocrx_word' id='word_1_250' title='bbox 1971 680 2242 733; x_wconf 85' lang='lat' dir='ltr'><strong>scendcns</strong></span> <span class='ocrx_word' id='word_1_251' title='bbox 2262 682 2533 749; x_wconf 72' lang='lat' dir='ltr'><strong>quaesivit,</strong></span> <span class='ocrx_word' id='word_1_252' title='bbox 2562 692 2616 734; x_wconf 91' lang='lat' dir='ltr'><strong>et</strong></span> <span class='ocrx_word' id='word_1_253' title='bbox 2659 683 2950 750; x_wconf 66' lang='lat' dir='ltr'><strong>epulentus</strong></span> <span class='ocrx_word' id='word_1_254' title='bbox 2977 683 3041 736; x_wconf 91' lang='lat' dir='ltr'><strong>ad</strong></span> <span class='ocrx_word' id='word_1_255' title='bbox 3076 685 3329 752; x_wconf 79' lang='lat' dir='ltr'><strong>pauperis</strong></span> <span class='ocrx_word' id='word_1_256' title='bbox 3360 683 3512 735; x_wconf 86' lang='lat' dir='ltr'><strong>diver</strong></span> 
     </span>
    </p>
   </div>
   <div class='ocr_carea' id='block_1_35' title="bbox 1971 767 3538 839">
    <p class='ocr_par' dir='ltr' id='par_1_35' title="bbox 1971 767 3538 839">
     <span class='ocr_line' id='line_1_35' title="bbox 1971 767 3538 839; baseline 0.003 -19"><span class='ocrx_word' id='word_1_257' title='bbox 1971 767 2178 820; x_wconf 87' lang='lat' dir='ltr'><strong>sorium</strong></span> <span class='ocrx_word' id='word_1_258' title='bbox 2213 768 2452 832; x_wconf 89' lang='lat' dir='ltr'><strong>devenit,</strong></span> <span class='ocrx_word' id='word_1_259' title='bbox 2489 773 2740 836; x_wconf 83' lang='lat' dir='ltr'><strong>accessit,</strong></span> <span class='ocrx_word' id='word_1_260' title='bbox 2777 785 3014 824; x_wconf 76' lang='lat' dir='ltr'><strong>amorem</strong></span> <span class='ocrx_word' id='word_1_261' title='bbox 3044 788 3198 826; x_wconf 87' lang='lat' dir='ltr'><strong>suum</strong></span> <span class='ocrx_word' id='word_1_262' title='bbox 3241 787 3335 839; x_wconf 88' lang='lat' dir='ltr'><strong>per</strong></span> <span class='ocrx_word' id='word_1_263' title='bbox 3362 779 3538 825; x_wconf 81' lang='lat' dir='ltr'><strong>semel.</strong></span> 
     </span>
    </p>
   </div>
   <div class='ocr_carea' id='block_1_36' title="bbox 1971 856 3535 931">
    <p class='ocr_par' dir='ltr' id='par_1_36' title="bbox 1971 856 3535 931">
     <span class='ocr_line' id='line_1_36' title="bbox 1971 856 3535 931; baseline 0.004 -21"><span class='ocrx_word' id='word_1_264' title='bbox 1971 856 2250 924; x_wconf 86' lang='lat' dir='ltr'><strong>indicavit,</strong></span> <span class='ocrx_word' id='word_1_265' title='bbox 2291 869 2344 914; x_wconf 87' lang='lat' dir='ltr'><strong>et</strong></span> <span class='ocrx_word' id='word_1_266' title='bbox 2370 862 2638 916; x_wconf 87' lang='lat' dir='ltr'><strong>redamari</strong></span> <span class='ocrx_word' id='word_1_267' title='bbox 2677 863 3013 931; x_wconf 87' lang='lat' dir='ltr'><strong>concupivit,</strong></span> <span class='ocrx_word' id='word_1_268' title='bbox 3082 871 3535 930; x_wconf 89' lang='lat' dir='ltr'><strong>contemptusque</strong></span> 
     </span>
    </p>
   </div>
   <div class='ocr_carea' id='block_1_37' title="bbox 1971 952 3533 1020">
    <p class='ocr_par' dir='ltr' id='par_1_37' title="bbox 1971 952 3533 1020">
     <span class='ocr_line' id='line_1_37' title="bbox 1971 952 3533 1020; baseline 0.001 -18"><span class='ocrx_word' id='word_1_269' title='bbox 1971 963 2078 1002; x_wconf 91' lang='lat' dir='ltr'><strong>non</strong></span> <span class='ocrx_word' id='word_1_270' title='bbox 2105 952 2347 1017; x_wconf 91' lang='lat' dir='ltr'><strong>recessit,</strong></span> <span class='ocrx_word' id='word_1_271' title='bbox 2378 961 2432 1005; x_wconf 92' lang='lat' dir='ltr'><strong>et</strong></span> <span class='ocrx_word' id='word_1_272' title='bbox 2461 955 2524 1006; x_wconf 90' lang='lat' dir='ltr'><strong>ad</strong></span> <span class='ocrx_word' id='word_1_273' title='bbox 2559 953 2940 1006; x_wconf 73' lang='lat' dir='ltr'><strong>contumeliam</strong></span> <span class='ocrx_word' id='word_1_274' title='bbox 2966 968 3072 1007; x_wconf 92' lang='lat' dir='ltr'><strong>non</strong></span> <span class='ocrx_word' id='word_1_275' title='bbox 3095 963 3176 1006; x_wconf 89' lang='lat' dir='ltr'><strong>est</strong></span> <span class='ocrx_word' id='word_1_276' title='bbox 3199 953 3533 1020; x_wconf 67' lang='lat' dir='ltr'><strong>indignatus,</strong></span> 
     </span>
    </p>
   </div>
   <div class='ocr_carea' id='block_1_38' title="bbox 1982 1042 3533 1110">
    <p class='ocr_par' dir='ltr' id='par_1_38' title="bbox 1982 1042 3533 1110">
     <span class='ocr_line' id='line_1_38' title="bbox 1982 1042 3533 1110; baseline 0.003 -17"><span class='ocrx_word' id='word_1_277' title='bbox 1982 1050 2036 1094; x_wconf 91' lang='lat' dir='ltr'><strong>et</strong></span> <span class='ocrx_word' id='word_1_278' title='bbox 2065 1043 2332 1110; x_wconf 81' lang='lat' dir='ltr'><strong>repulsam</strong></span> <span class='ocrx_word' id='word_1_279' title='bbox 2358 1057 2570 1110; x_wconf 89' lang='lat' dir='ltr'><strong>passus,</strong></span> <span class='ocrx_word' id='word_1_280' title='bbox 2600 1042 2805 1096; x_wconf 84' lang='lat' dir='ltr'><strong>foribus</strong></span> <span class='ocrx_word' id='word_1_281' title='bbox 2831 1043 3052 1104; x_wconf 88' lang='lat' dir='ltr'><strong>assedit,</strong></span> <span class='ocrx_word' id='word_1_282' title='bbox 3083 1052 3134 1096; x_wconf 93' lang='lat' dir='ltr'><strong>ct</strong></span> <span class='ocrx_word' id='word_1_283' title='bbox 3161 1058 3268 1110; x_wconf 91' lang='lat' dir='ltr'><strong>quo</strong></span> <span class='ocrx_word' id='word_1_284' title='bbox 3291 1057 3533 1098; x_wconf 77' lang='lat' dir='ltr'><strong>artiorem</strong></span> 
     </span>
    </p>
   </div>
   <div class='ocr_carea' id='block_1_39' title="bbox 1973 1129 3537 1201">
    <p class='ocr_par' dir='ltr' id='par_1_39' title="bbox 1973 1129 3537 1201">
     <span class='ocr_line' id='line_1_39' title="bbox 1973 1129 3537 1201; baseline 0.005 -20"><span class='ocrx_word' id='word_1_285' title='bbox 1973 1143 2131 1181; x_wconf 91' lang='lat' dir='ltr'><strong>suum</strong></span> <span class='ocrx_word' id='word_1_286' title='bbox 2177 1129 2599 1192; x_wconf 77' lang='lat' dir='ltr'><strong>demonstraret,</strong></span> <span class='ocrx_word' id='word_1_287' title='bbox 2638 1129 2771 1183; x_wconf 87' lang='lat' dir='ltr'><strong>nihil</strong></span> <span class='ocrx_word' id='word_1_288' title='bbox 2807 1146 2915 1184; x_wconf 91' lang='lat' dir='ltr'><strong>non</strong></span> <span class='ocrx_word' id='word_1_289' title='bbox 2961 1133 3096 1201; x_wconf 79' lang='lat' dir='ltr'><strong>egit,</strong></span> <span class='ocrx_word' id='word_1_290' title='bbox 3129 1134 3537 1190; x_wconf 64' lang='lat' dir='ltr'><strong>crucimncnta-</strong></span> 
     </span>
    </p>
   </div>
   <div class='ocr_carea' id='block_1_40' title="bbox 1973 1222 3532 1292">
    <p class='ocr_par' dir='ltr' id='par_1_40' title="bbox 1973 1222 3532 1292">
     <span class='ocr_line' id='line_1_40' title="bbox 1973 1222 3532 1292; baseline 0.004 -19"><span class='ocrx_word' id='word_1_291' title='bbox 1973 1236 2077 1289; x_wconf 91' lang='lat' dir='ltr'><strong>que</strong></span> <span class='ocrx_word' id='word_1_292' title='bbox 2113 1222 2354 1286; x_wconf 84' lang='lat' dir='ltr'><strong>pertulit,</strong></span> <span class='ocrx_word' id='word_1_293' title='bbox 2388 1230 2442 1275; x_wconf 91' lang='lat' dir='ltr'><strong>et</strong></span> <span class='ocrx_word' id='word_1_294' title='bbox 2478 1232 2705 1275; x_wconf 90' lang='lat' dir='ltr'><strong>mortem</strong></span> <span class='ocrx_word' id='word_1_295' title='bbox 2735 1225 2972 1292; x_wconf 83' lang='lat' dir='ltr'><strong>denique</strong></span> <span class='ocrx_word' id='word_1_296' title='bbox 3003 1225 3196 1282; x_wconf 81' lang='lat' dir='ltr'><strong>obivit.</strong></span> <span class='ocrx_word' id='word_1_297' title='bbox 3223 1229 3356 1282; x_wconf 90' lang='lat' dir='ltr'><strong>Cum</strong></span> <span class='ocrx_word' id='word_1_298' title='bbox 3387 1229 3532 1281; x_wconf 89' lang='lat' dir='ltr'><strong>enim</strong></span> 
     </span>
    </p>
   </div>
   <div class='ocr_carea' id='block_1_41' title="bbox 1971 1312 3538 1385">
    <p class='ocr_par' dir='ltr' id='par_1_41' title="bbox 1971 1312 3538 1385">
     <span class='ocr_line' id='line_1_41' title="bbox 1971 1312 3538 1385; baseline 0.004 -21"><span class='ocrx_word' id='word_1_299' title='bbox 1971 1312 2079 1365; x_wconf 88' lang='lat' dir='ltr'><strong>duo</strong></span> <span class='ocrx_word' id='word_1_300' title='bbox 2108 1313 2238 1376; x_wconf 91' lang='lat' dir='ltr'><strong>sint,</strong></span> <span class='ocrx_word' id='word_1_301' title='bbox 2291 1328 2412 1381; x_wconf 63' lang='lat' dir='ltr'><strong>quae</strong></span> <span class='ocrx_word' id='word_1_302' title='bbox 2463 1323 2730 1368; x_wconf 84' lang='lat' dir='ltr'><strong>amentem</strong></span> <span class='ocrx_word' id='word_1_303' title='bbox 2773 1317 3029 1384; x_wconf 88' lang='lat' dir='ltr'><strong>produnt,</strong></span> <span class='ocrx_word' id='word_1_304' title='bbox 3085 1327 3137 1371; x_wconf 88' lang='lat' dir='ltr'><strong>et</strong></span> <span class='ocrx_word' id='word_1_305' title='bbox 3183 1321 3247 1370; x_wconf 89' lang='lat' dir='ltr'><strong>de</strong></span> <span class='ocrx_word' id='word_1_306' title='bbox 3291 1334 3355 1372; x_wconf 92' lang='lat' dir='ltr'><strong>eo</strong></span> <span class='ocrx_word' id='word_1_307' title='bbox 3399 1334 3538 1385; x_wconf 88' lang='lat' dir='ltr'><strong>quo-</strong></span> 
     </span>
    </p>
   </div>
   <div class='ocr_carea' id='block_1_42' title="bbox 1973 1403 3538 1477">
    <p class='ocr_par' dir='ltr' id='par_1_42' title="bbox 1973 1403 3538 1477">
     <span class='ocr_line' id='line_1_42' title="bbox 1973 1403 3538 1477; baseline 0.004 -20"><span class='ocrx_word' id='word_1_308' title='bbox 1973 1403 2261 1458; x_wconf 85' lang='lat' dir='ltr'><strong>dammodo</strong></span> <span class='ocrx_word' id='word_1_309' title='bbox 2290 1405 2644 1475; x_wconf 80' lang='lat' dir='ltr'><strong>triumphant,</strong></span> <span class='ocrx_word' id='word_1_310' title='bbox 2686 1409 2940 1462; x_wconf 90' lang='lat' dir='ltr'><strong>omnibus</strong></span> <span class='ocrx_word' id='word_1_311' title='bbox 2973 1410 3152 1472; x_wconf 86' lang='lat' dir='ltr'><strong>rebus,</strong></span> <span class='ocrx_word' id='word_1_312' title='bbox 3184 1411 3379 1477; x_wconf 67' lang='lat' dir='ltr'><strong>quibu:</strong></span> <span class='ocrx_word' id='word_1_313' title='bbox 3414 1412 3538 1464; x_wconf 88' lang='lat' dir='ltr'><strong>licet</strong></span> 
     </span>
    </p>
   </div>
   <div class='ocr_carea' id='block_1_43' title="bbox 1973 1495 3534 1571">
    <p class='ocr_par' dir='ltr' id='par_1_43' title="bbox 1973 1495 3534 1571">
     <span class='ocr_line' id='line_1_43' title="bbox 1973 1495 3534 1571; baseline 0.004 -23"><span class='ocrx_word' id='word_1_314' title='bbox 1973 1495 2291 1551; x_wconf 80' lang='lat' dir='ltr'><strong>benefacere</strong></span> <span class='ocrx_word' id='word_1_315' title='bbox 2344 1509 2543 1562; x_wconf 89' lang='lat' dir='ltr'><strong>amato,</strong></span> <span class='ocrx_word' id='word_1_316' title='bbox 2589 1508 2643 1553; x_wconf 91' lang='lat' dir='ltr'><strong>et</strong></span> <span class='ocrx_word' id='word_1_317' title='bbox 2694 1501 2898 1555; x_wconf 89' lang='lat' dir='ltr'><strong>atrocia</strong></span> <span class='ocrx_word' id='word_1_318' title='bbox 2936 1501 3055 1568; x_wconf 81' lang='lat' dir='ltr'><strong>ejus</strong></span> <span class='ocrx_word' id='word_1_319' title='bbox 3103 1517 3264 1555; x_wconf 88' lang='lat' dir='ltr'><strong>causa</strong></span> <span class='ocrx_word' id='word_1_320' title='bbox 3305 1503 3534 1571; x_wconf 82' lang='lat' dir='ltr'><strong>perpeti,</strong></span> 
     </span>
    </p>
   </div>
   <div class='ocr_carea' id='block_1_44' title="bbox 1971 1587 3538 1663">
    <p class='ocr_par' dir='ltr' id='par_1_44' title="bbox 1971 1587 3538 1663">
     <span class='ocr_line' id='line_1_44' title="bbox 1971 1587 3538 1663; baseline 0.006 -24"><span class='ocrx_word' id='word_1_321' title='bbox 1971 1587 2294 1658; x_wconf 85' lang='lat' dir='ltr'><strong>doloresque</strong></span> <span class='ocrx_word' id='word_1_322' title='bbox 2311 1590 2581 1657; x_wconf 81' lang='lat' dir='ltr'><strong>excipere,</strong></span> <span class='ocrx_word' id='word_1_323' title='bbox 2613 1594 2659 1645; x_wconf 88' lang='lat' dir='ltr'><strong>si</strong></span> <span class='ocrx_word' id='word_1_324' title='bbox 2685 1606 2771 1646; x_wconf 91' lang='lat' dir='ltr'><strong>res</strong></span> <span class='ocrx_word' id='word_1_325' title='bbox 2800 1593 3060 1660; x_wconf 73' lang='lat' dir='ltr'><strong>postulet,</strong></span> <span class='ocrx_word' id='word_1_326' title='bbox 3085 1593 3359 1663; x_wconf 84' lang='lat' dir='ltr'><strong>posterius</strong></span> <span class='ocrx_word' id='word_1_327' title='bbox 3380 1596 3538 1663; x_wconf 74' lang='lat' dir='ltr'><strong>longe</strong></span> 
     </span>
    </p>
   </div>
   <div class='ocr_carea' id='block_1_45' title="bbox 1975 1681 3536 1752">
    <p class='ocr_par' dir='ltr' id='par_1_45' title="bbox 1975 1681 3536 1752">
     <span class='ocr_line' id='line_1_45' title="bbox 1975 1681 3536 1752; baseline 0.004 -20"><span class='ocrx_word' id='word_1_328' title='bbox 1975 1681 2151 1750; x_wconf 84' lang='lat' dir='ltr'><strong>majus</strong></span> <span class='ocrx_word' id='word_1_329' title='bbox 2192 1681 2446 1734; x_wconf 69' lang='lat' dir='ltr'><strong>amicitiae</strong></span> <span class='ocrx_word' id='word_1_330' title='bbox 2497 1681 2761 1735; x_wconf 90' lang='lat' dir='ltr'><strong>indicium</strong></span> <span class='ocrx_word' id='word_1_331' title='bbox 2812 1693 2918 1748; x_wconf 89' lang='lat' dir='ltr'><strong>est,</strong></span> <span class='ocrx_word' id='word_1_332' title='bbox 2968 1699 3131 1752; x_wconf 89' lang='lat' dir='ltr'><strong>quam</strong></span> <span class='ocrx_word' id='word_1_333' title='bbox 3195 1685 3366 1752; x_wconf 86' lang='lat' dir='ltr'><strong>prius.</strong></span> <span class='ocrx_word' id='word_1_334' title='bbox 3427 1685 3536 1738; x_wconf 85' lang='lat' dir='ltr'><strong>Deo</strong></span> 
     </span>
    </p>
   </div>
   <div class='ocr_carea' id='block_1_46' title="bbox 1972 1772 3534 1830">
    <p class='ocr_par' dir='ltr' id='par_1_46' title="bbox 1972 1772 3534 1830">
     <span class='ocr_line' id='line_1_46' title="bbox 1972 1772 3534 1830; baseline 0.004 -8"><span class='ocrx_word' id='word_1_335' title='bbox 1972 1780 2152 1824; x_wconf 90' lang='lat' dir='ltr'><strong>autem</strong></span> <span class='ocrx_word' id='word_1_336' title='bbox 2202 1772 2271 1823; x_wconf 90' lang='lat' dir='ltr'><strong>ab</strong></span> <span class='ocrx_word' id='word_1_337' title='bbox 2319 1773 2564 1825; x_wconf 90' lang='lat' dir='ltr'><strong>omnium</strong></span> <span class='ocrx_word' id='word_1_338' title='bbox 2618 1773 2885 1828; x_wconf 89' lang='lat' dir='ltr'><strong>malorum</strong></span> <span class='ocrx_word' id='word_1_339' title='bbox 2939 1790 3101 1830; x_wconf 91' lang='lat' dir='ltr'><strong>sensu</strong></span> <span class='ocrx_word' id='word_1_340' title='bbox 3154 1784 3364 1829; x_wconf 87' lang='lat' dir='ltr'><strong>remoto</strong></span> <span class='ocrx_word' id='word_1_341' title='bbox 3412 1791 3534 1829; x_wconf 91' lang='lat' dir='ltr'><strong>cum</strong></span> 
     </span>
    </p>
   </div>
   <div class='ocr_carea' id='block_1_47' title="bbox 1971 1862 3536 1933">
    <p class='ocr_par' dir='ltr' id='par_1_47' title="bbox 1971 1862 3536 1933">
     <span class='ocr_line' id='line_1_47' title="bbox 1971 1862 3536 1933; baseline 0.004 -20"><span class='ocrx_word' id='word_1_342' title='bbox 1971 1862 2079 1930; x_wconf 90' lang='lat' dir='ltr'><strong>pati</strong></span> <span class='ocrx_word' id='word_1_343' title='bbox 2111 1876 2216 1915; x_wconf 92' lang='lat' dir='ltr'><strong>non</strong></span> <span class='ocrx_word' id='word_1_344' title='bbox 2261 1862 2468 1926; x_wconf 86' lang='lat' dir='ltr'><strong>liceret,</strong></span> <span class='ocrx_word' id='word_1_345' title='bbox 2503 1875 2692 1933; x_wconf 84' lang='lat' dir='ltr'><strong>posset</strong></span> <span class='ocrx_word' id='word_1_346' title='bbox 2740 1881 2870 1920; x_wconf 84' lang='lat' dir='ltr'><strong>vero</strong></span> <span class='ocrx_word' id='word_1_347' title='bbox 2898 1875 2956 1919; x_wconf 91' lang='lat' dir='ltr'><strong>ut</strong></span> <span class='ocrx_word' id='word_1_348' title='bbox 3000 1867 3271 1920; x_wconf 88' lang='lat' dir='ltr'><strong>humanus</strong></span> <span class='ocrx_word' id='word_1_349' title='bbox 3328 1867 3536 1920; x_wconf 88' lang='lat' dir='ltr'><strong>homini</strong></span> 
     </span>
    </p>
   </div>
   <div class='ocr_carea' id='block_1_48' title="bbox 1969 1954 3535 2024">
    <p class='ocr_par' dir='ltr' id='par_1_48' title="bbox 1969 1954 3535 2024">
     <span class='ocr_line' id='line_1_48' title="bbox 1969 1954 3535 2024; baseline 0.002 -15"><span class='ocrx_word' id='word_1_350' title='bbox 1969 1954 2314 2017; x_wconf 78' lang='lat' dir='ltr'><strong>benefacere,</strong></span> <span class='ocrx_word' id='word_1_351' title='bbox 2349 1956 2623 2011; x_wconf 88' lang='lat' dir='ltr'><strong>sustinere</strong></span> <span class='ocrx_word' id='word_1_352' title='bbox 2645 1971 2740 2024; x_wconf 85' lang='lat' dir='ltr'><strong>pro</strong></span> <span class='ocrx_word' id='word_1_353' title='bbox 2763 1972 2828 2012; x_wconf 91' lang='lat' dir='ltr'><strong>eo</strong></span> <span class='ocrx_word' id='word_1_354' title='bbox 2870 1959 3117 2022; x_wconf 84' lang='lat' dir='ltr'><strong>verbera,</strong></span> <span class='ocrx_word' id='word_1_355' title='bbox 3145 1959 3379 2014; x_wconf 85' lang='lat' dir='ltr'><strong>tolerare</strong></span> <span class='ocrx_word' id='word_1_356' title='bbox 3407 1974 3535 2013; x_wconf 87' lang='lat' dir='ltr'><strong>cru-</strong></span> 
     </span>
    </p>
   </div>
   <div class='ocr_carea' id='block_1_49' title="bbox 1969 2047 3535 2118">
    <p class='ocr_par' dir='ltr' id='par_1_49' title="bbox 1969 2047 3535 2118">
     <span class='ocr_line' id='line_1_49' title="bbox 1969 2047 3535 2118; baseline 0.004 -18"><span class='ocrx_word' id='word_1_357' title='bbox 1969 2047 2145 2102; x_wconf 87' lang='lat' dir='ltr'><strong>ciatus</strong></span> <span class='ocrx_word' id='word_1_358' title='bbox 2187 2064 2555 2118; x_wconf 82' lang='lat' dir='ltr'><strong>nequaquam,</strong></span> <span class='ocrx_word' id='word_1_359' title='bbox 2583 2058 2638 2102; x_wconf 90' lang='lat' dir='ltr'><strong>et</strong></span> <span class='ocrx_word' id='word_1_360' title='bbox 2673 2049 2916 2104; x_wconf 88' lang='lat' dir='ltr'><strong>charitas</strong></span> <span class='ocrx_word' id='word_1_361' title='bbox 2955 2060 3106 2104; x_wconf 88' lang='lat' dir='ltr'><strong>esset</strong></span> <span class='ocrx_word' id='word_1_362' title='bbox 3158 2051 3391 2114; x_wconf 79' lang='lat' dir='ltr'><strong>inﬁnita,</strong></span> <span class='ocrx_word' id='word_1_363' title='bbox 3437 2067 3535 2106; x_wconf 90' lang='lat' dir='ltr'><strong>nec</strong></span> 
     </span>
    </p>
   </div>
   <div class='ocr_carea' id='block_1_50' title="bbox 1969 2137 3531 2207">
    <p class='ocr_par' dir='ltr' id='par_1_50' title="bbox 1969 2137 3531 2207">
     <span class='ocr_line' id='line_1_50' title="bbox 1969 2137 3531 2207; baseline 0 -17"><span class='ocrx_word' id='word_1_364' title='bbox 1969 2137 2186 2206; x_wconf 69' lang='lat' dir='ltr'><strong>signum</strong></span> <span class='ocrx_word' id='word_1_365' title='bbox 2218 2138 2283 2190; x_wconf 84' lang='lat' dir='ltr'><strong>ad</strong></span> <span class='ocrx_word' id='word_1_366' title='bbox 2311 2153 2429 2191; x_wconf 81' lang='lat' dir='ltr'><strong>eam</strong></span> <span class='ocrx_word' id='word_1_367' title='bbox 2456 2138 2838 2192; x_wconf 81' lang='lat' dir='ltr'><strong>declarandam</strong></span> <span class='ocrx_word' id='word_1_368' title='bbox 2870 2147 3180 2207; x_wconf 86' lang='lat' dir='ltr'><strong>suppeteret</strong></span> <span class='ocrx_word' id='word_1_369' title='bbox 3213 2154 3312 2192; x_wconf 90' lang='lat' dir='ltr'><strong>nec</strong></span> <span class='ocrx_word' id='word_1_370' title='bbox 3353 2147 3531 2191; x_wconf 78' lang='lat' dir='ltr'><strong>tamen</strong></span> 
     </span>
    </p>
   </div>
   <div class='ocr_carea' id='block_1_51' title="bbox 1969 2229 3533 2300">
    <p class='ocr_par' dir='ltr' id='par_1_51' title="bbox 1969 2229 3533 2300">
     <span class='ocr_line' id='line_1_51' title="bbox 1969 2229 3533 2300; baseline -0.001 -18"><span class='ocrx_word' id='word_1_371' title='bbox 1969 2229 2209 2300; x_wconf 82' lang='lat' dir='ltr'><strong>ignorari</strong></span> <span class='ocrx_word' id='word_1_372' title='bbox 2241 2239 2538 2298; x_wconf 87' lang='lat' dir='ltr'><strong>oporteret,</strong></span> <span class='ocrx_word' id='word_1_373' title='bbox 2574 2245 2737 2298; x_wconf 88' lang='lat' dir='ltr'><strong>quam</strong></span> <span class='ocrx_word' id='word_1_374' title='bbox 2775 2230 3126 2284; x_wconf 83' lang='lat' dir='ltr'><strong>vehementer</strong></span> <span class='ocrx_word' id='word_1_375' title='bbox 3151 2238 3380 2295; x_wconf 86' lang='lat' dir='ltr'><strong>amaret,</strong></span> <span class='ocrx_word' id='word_1_376' title='bbox 3437 2229 3533 2282; x_wconf 89' lang='lat' dir='ltr'><strong>sed</strong></span> 
     </span>
    </p>
   </div>
   <div class='ocr_carea' id='block_1_52' title="bbox 1969 2320 3532 2384">
    <p class='ocr_par' dir='ltr' id='par_1_52' title="bbox 1969 2320 3532 2384">
     <span class='ocr_line' id='line_1_52' title="bbox 1969 2320 3532 2384; baseline -0.001 -9"><span class='ocrx_word' id='word_1_377' title='bbox 1969 2337 2194 2376; x_wconf 83' lang='lat' dir='ltr'><strong>summae</strong></span> <span class='ocrx_word' id='word_1_378' title='bbox 2210 2321 2492 2375; x_wconf 84' lang='lat' dir='ltr'><strong>cbaritatis</strong></span> <span class='ocrx_word' id='word_1_379' title='bbox 2517 2320 2898 2375; x_wconf 83' lang='lat' dir='ltr'><strong>documentum</strong></span> <span class='ocrx_word' id='word_1_380' title='bbox 2930 2321 3086 2375; x_wconf 89' lang='lat' dir='ltr'><strong>nobis</strong></span> <span class='ocrx_word' id='word_1_381' title='bbox 3111 2321 3346 2374; x_wconf 87' lang='lat' dir='ltr'><strong>dandum</strong></span> <span class='ocrx_word' id='word_1_382' title='bbox 3366 2331 3532 2384; x_wconf 86' lang='lat' dir='ltr'><strong>esset,</strong></span> 
     </span>
    </p>
   </div>
   <div class='ocr_carea' id='block_1_53' title="bbox 1967 2412 3536 2480">
    <p class='ocr_par' dir='ltr' id='par_1_53' title="bbox 1967 2412 3536 2480">
     <span class='ocr_line' id='line_1_53' title="bbox 1967 2412 3536 2480; baseline -0.002 -12"><span class='ocrx_word' id='word_1_383' title='bbox 1967 2425 2020 2468; x_wconf 88' lang='lat' dir='ltr'><strong>et</strong></span> <span class='ocrx_word' id='word_1_384' title='bbox 2054 2429 2342 2480; x_wconf 88' lang='lat' dir='ltr'><strong>supremus</strong></span> <span class='ocrx_word' id='word_1_385' title='bbox 2389 2429 2541 2465; x_wconf 88' lang='lat' dir='ltr'><strong>amor</strong></span> <span class='ocrx_word' id='word_1_386' title='bbox 2580 2412 2992 2466; x_wconf 87' lang='lat' dir='ltr'><strong>ostendendus:</strong></span> <span class='ocrx_word' id='word_1_387' title='bbox 3031 2412 3403 2480; x_wconf 86' lang='lat' dir='ltr'><strong>hujuscemodi</strong></span> <span class='ocrx_word' id='word_1_388' title='bbox 3440 2427 3536 2465; x_wconf 81' lang='lat' dir='ltr'><strong>ex-</strong></span> 
     </span>
    </p>
   </div>
   <div class='ocr_carea' id='block_1_54' title="bbox 1971 2503 3535 2570">
    <p class='ocr_par' dir='ltr' id='par_1_54' title="bbox 1971 2503 3535 2570">
     <span class='ocr_line' id='line_1_54' title="bbox 1971 2503 3535 2570; baseline -0.003 -11"><span class='ocrx_word' id='word_1_389' title='bbox 1971 2505 2330 2559; x_wconf 85' lang='lat' dir='ltr'><strong>inanitionem</strong></span> <span class='ocrx_word' id='word_1_390' title='bbox 2374 2505 2740 2570; x_wconf 82' lang='lat' dir='ltr'><strong>machinatur,</strong></span> <span class='ocrx_word' id='word_1_391' title='bbox 2779 2512 2832 2557; x_wconf 87' lang='lat' dir='ltr'><strong>et</strong></span> <span class='ocrx_word' id='word_1_392' title='bbox 2857 2504 3101 2568; x_wconf 86' lang='lat' dir='ltr'><strong>molitur,</strong></span> <span class='ocrx_word' id='word_1_393' title='bbox 3134 2513 3186 2556; x_wconf 89' lang='lat' dir='ltr'><strong>et</strong></span> <span class='ocrx_word' id='word_1_394' title='bbox 3219 2503 3404 2567; x_wconf 79' lang='lat' dir='ltr'><strong>eiiicit,</strong></span> <span class='ocrx_word' id='word_1_395' title='bbox 3439 2518 3535 2569; x_wconf 86' lang='lat' dir='ltr'><strong>per</strong></span> 
     </span>
    </p>
   </div>
   <div class='ocr_carea' id='block_1_55' title="bbox 1969 2594 3533 2666">
    <p class='ocr_par' dir='ltr' id='par_1_55' title="bbox 1969 2594 3533 2666">
     <span class='ocr_line' id='line_1_55' title="bbox 1969 2594 3533 2666; baseline -0.001 -16"><span class='ocrx_word' id='word_1_396' title='bbox 1969 2613 2089 2666; x_wconf 66' lang='lat' dir='ltr'><strong>quae</strong></span> <span class='ocrx_word' id='word_1_397' title='bbox 2119 2597 2236 2651; x_wconf 90' lang='lat' dir='ltr'><strong>dira</strong></span> <span class='ocrx_word' id='word_1_398' title='bbox 2267 2598 2400 2666; x_wconf 87' lang='lat' dir='ltr'><strong>p’ati,</strong></span> <span class='ocrx_word' id='word_1_399' title='bbox 2437 2605 2492 2650; x_wconf 92' lang='lat' dir='ltr'><strong>et</strong></span> <span class='ocrx_word' id='word_1_400' title='bbox 2521 2596 2742 2650; x_wconf 88' lang='lat' dir='ltr'><strong>dolores</strong></span> <span class='ocrx_word' id='word_1_401' title='bbox 2777 2594 2976 2648; x_wconf 90' lang='lat' dir='ltr'><strong>sentire</strong></span> <span class='ocrx_word' id='word_1_402' title='bbox 3008 2603 3192 2662; x_wconf 85' lang='lat' dir='ltr'><strong>posset</strong></span> <span class='ocrx_word' id='word_1_403' title='bbox 3239 2633 3253 2656; x_wconf 94' lang='lat'><strong>,</strong></span> <span class='ocrx_word' id='word_1_404' title='bbox 3285 2603 3339 2647; x_wconf 91' lang='lat' dir='ltr'><strong>et</strong></span> <span class='ocrx_word' id='word_1_405' title='bbox 3367 2595 3437 2648; x_wconf 89' lang='lat' dir='ltr'><strong>ita</strong></span> <span class='ocrx_word' id='word_1_406' title='bbox 3465 2609 3533 2648; x_wconf 84' lang='lat' dir='ltr'><strong>ex</strong></span> 
     </span>
    </p>
   </div>
   <div class='ocr_carea' id='block_1_56' title="bbox 1971 2688 3535 2760">
    <p class='ocr_par' dir='ltr' id='par_1_56' title="bbox 1971 2688 3535 2760">
     <span class='ocr_line' id='line_1_56' title="bbox 1971 2688 3535 2760; baseline -0.003 -16"><span class='ocrx_word' id='word_1_407' title='bbox 1971 2692 2034 2745; x_wconf 92' lang='lat' dir='ltr'><strong>iis</strong></span> <span class='ocrx_word' id='word_1_408' title='bbox 2059 2705 2177 2758; x_wconf 69' lang='lat' dir='ltr'><strong>quae</strong></span> <span class='ocrx_word' id='word_1_409' title='bbox 2214 2690 2570 2744; x_wconf 85' lang='lat' dir='ltr'><strong>sustinuisset</strong></span> <span class='ocrx_word' id='word_1_410' title='bbox 2601 2688 2860 2742; x_wconf 79' lang='lat' dir='ltr'><strong>eximium</strong></span> <span class='ocrx_word' id='word_1_411' title='bbox 2895 2700 3136 2760; x_wconf 79' lang='lat' dir='ltr'><strong>amorem</strong></span> <span class='ocrx_word' id='word_1_412' title='bbox 3184 2701 3343 2742; x_wconf 90' lang='lat' dir='ltr'><strong>suum</strong></span> <span class='ocrx_word' id='word_1_413' title='bbox 3370 2695 3535 2740; x_wconf 89' lang='lat' dir='ltr'><strong>testa-</strong></span> 
     </span>
    </p>
   </div>
   <div class='ocr_carea' id='block_1_57' title="bbox 1969 2777 3536 2846">
    <p class='ocr_par' dir='ltr' id='par_1_57' title="bbox 1969 2777 3536 2846">
     <span class='ocr_line' id='line_1_57' title="bbox 1969 2777 3536 2846; baseline -0.004 -10"><span class='ocrx_word' id='word_1_414' title='bbox 1969 2792 2081 2836; x_wconf 90' lang='lat' dir='ltr'><strong>tum</strong></span> <span class='ocrx_word' id='word_1_415' title='bbox 2126 2781 2377 2846; x_wconf 87' lang='lat' dir='ltr'><strong>reddens,</strong></span> <span class='ocrx_word' id='word_1_416' title='bbox 2429 2779 2495 2833; x_wconf 87' lang='lat' dir='ltr'><strong>ad</strong></span> <span class='ocrx_word' id='word_1_417' title='bbox 2557 2794 2615 2834; x_wconf 87' lang='lat' dir='ltr'><strong>se</strong></span> <span class='ocrx_word' id='word_1_418' title='bbox 2657 2786 2936 2831; x_wconf 86' lang='lat' dir='ltr'><strong>convertet</strong></span> <span class='ocrx_word' id='word_1_419' title='bbox 2992 2792 3116 2830; x_wconf 91' lang='lat' dir='ltr'><strong>eum</strong></span> <span class='ocrx_word' id='word_1_420' title='bbox 3164 2777 3258 2846; x_wconf 87' lang='lat' dir='ltr'><strong>qui</strong></span> <span class='ocrx_word' id='word_1_421' title='bbox 3293 2777 3435 2846; x_wconf 85' lang='lat' dir='ltr'><strong>quod</strong></span> <span class='ocrx_word' id='word_1_422' title='bbox 3477 2791 3536 2830; x_wconf 88' lang='lat' dir='ltr'><strong>se</strong></span> 
     </span>
    </p>
   </div>
   <div class='ocr_carea' id='block_1_58' title="bbox 1969 2869 3533 2933">
    <p class='ocr_par' dir='ltr' id='par_1_58' title="bbox 1969 2869 3533 2933">
     <span class='ocr_line' id='line_1_58' title="bbox 1969 2869 3533 2933; baseline -0.006 -4"><span class='ocrx_word' id='word_1_423' title='bbox 1969 2875 2096 2930; x_wconf 87' lang='lat' dir='ltr'><strong>odio</strong></span> <span class='ocrx_word' id='word_1_424' title='bbox 2144 2873 2333 2927; x_wconf 87' lang='lat' dir='ltr'><strong>haberi</strong></span> <span class='ocrx_word' id='word_1_425' title='bbox 2383 2871 2713 2933; x_wconf 83' lang='lat' dir='ltr'><strong>crediderat,</strong></span> <span class='ocrx_word' id='word_1_426' title='bbox 2776 2871 2981 2924; x_wconf 87' lang='lat' dir='ltr'><strong>bonum</strong></span> <span class='ocrx_word' id='word_1_427' title='bbox 3039 2869 3192 2923; x_wconf 90' lang='lat' dir='ltr'><strong>illum</strong></span> <span class='ocrx_word' id='word_1_428' title='bbox 3247 2869 3533 2923; x_wconf 89' lang='lat' dir='ltr'><strong>Dominum</strong></span> 
     </span>
    </p>
   </div>
   <div class='ocr_carea' id='block_1_59' title="bbox 1973 2966 2234 3036">
    <p class='ocr_par' dir='ltr' id='par_1_59' title="bbox 1973 2966 2234 3036">
     <span class='ocr_line' id='line_1_59' title="bbox 1973 2966 2234 3036; baseline -0.011 -15"><span class='ocrx_word' id='word_1_429' title='bbox 1973 2966 2234 3036; x_wconf 77' lang='lat' dir='ltr'><strong>fugiebat.</strong></span> 
     </span>
    </p>
   </div>
   <div class='ocr_carea' id='block_1_60' title="bbox 368 3053 1867 3138">
    <p class='ocr_par' dir='ltr' id='par_1_60' title="bbox 368 3060 1867 3138">
     <span class='ocr_line' id='line_1_60' title="bbox 368 3060 1867 3138; baseline 0.009 -26"><span class='ocrx_word' id='word_1_430' title='bbox 368 3060 443 3112; x_wconf 79' lang='grc' dir='ltr'>Τδ</span> <span class='ocrx_word' id='word_1_431' title='bbox 473 3060 531 3114; x_wconf 83' lang='grc' dir='ltr'><strong>δέ</strong></span> <span class='ocrx_word' id='word_1_432' title='bbox 555 3061 776 3115; x_wconf 86' lang='grc' dir='ltr'>πάντων</span> <span class='ocrx_word' id='word_1_433' title='bbox 798 3063 1136 3133; x_wconf 84' lang='grc' dir='ltr'>καινότατον,</span> <span class='ocrx_word' id='word_1_434' title='bbox 1160 3067 1220 3120; x_wconf 81' lang='grc' dir='ltr'>οὐ</span> <span class='ocrx_word' id='word_1_435' title='bbox 1244 3067 1350 3138; x_wconf 81' lang='grc' dir='ltr'>γὰρ</span> <span class='ocrx_word' id='word_1_436' title='bbox 1375 3069 1574 3138; x_wconf 72' lang='grc' dir='ltr'>ἤνεγκε</span> <span class='ocrx_word' id='word_1_437' title='bbox 1606 3071 1767 3138; x_wconf 86' lang='grc' dir='ltr'>μόνον</span> <span class='ocrx_word' id='word_1_438' title='bbox 1797 3071 1867 3125; x_wconf 75' lang='grc' dir='ltr'>τὰ</span> 
     </span>
    </p>
   </div>
   <div class='ocr_carea' id='block_1_61' title="bbox 1972 3053 3533 3138">
    <p class='ocr_par' dir='ltr' id='par_1_61' title="bbox 2048 3053 3533 3122">
     <span class='ocr_line' id='line_1_61' title="bbox 2048 3053 3533 3122; baseline -0.003 -14"><span class='ocrx_word' id='word_1_439' title='bbox 2048 3057 2205 3122; x_wconf 84' lang='lat' dir='ltr'><strong>Quod</strong></span> <span class='ocrx_word' id='word_1_440' title='bbox 2238 3064 2419 3109; x_wconf 88' lang='lat' dir='ltr'><strong>autem</strong></span> <span class='ocrx_word' id='word_1_441' title='bbox 2451 3053 2692 3108; x_wconf 90' lang='lat' dir='ltr'><strong>omnium</strong></span> <span class='ocrx_word' id='word_1_442' title='bbox 2749 3053 2984 3106; x_wconf 81' lang='lat' dir='ltr'><strong>maxime</strong></span> <span class='ocrx_word' id='word_1_443' title='bbox 3025 3065 3223 3106; x_wconf 91' lang='lat' dir='ltr'><strong>novum</strong></span> <span class='ocrx_word' id='word_1_444' title='bbox 3273 3059 3376 3116; x_wconf 84' lang='lat' dir='ltr'><strong>est,</strong></span> <span class='ocrx_word' id='word_1_445' title='bbox 3424 3063 3533 3105; x_wconf 89' lang='lat' dir='ltr'><strong>non</strong></span> 
     </span>
    </p>
   </div>
   <div class='ocr_carea' id='block_1_62' title="bbox 298 3154 1867 3230">
    <p class='ocr_par' dir='ltr' id='par_1_62' title="bbox 298 3154 1867 3230">
     <span class='ocr_line' id='line_1_62' title="bbox 298 3154 1867 3230; baseline 0.007 -25"><span class='ocrx_word' id='word_1_446' title='bbox 298 3154 579 3208; x_wconf 85' lang='grc' dir='ltr'>δεινότατα</span> <span class='ocrx_word' id='word_1_447' title='bbox 599 3155 826 3224; x_wconf 83' lang='grc' dir='ltr'>πάσχων</span> <span class='ocrx_word' id='word_1_448' title='bbox 850 3158 941 3210; x_wconf 72' lang='grc' dir='ltr'><strong>καὶ</strong></span> <span class='ocrx_word' id='word_1_449' title='bbox 964 3159 1056 3211; x_wconf 74' lang='grc' dir='ltr'>ἐπὶ</span> <span class='ocrx_word' id='word_1_450' title='bbox 1079 3161 1198 3220; x_wconf 88' lang='grc' dir='ltr'>ταῖς</span> <span class='ocrx_word' id='word_1_451' title='bbox 1217 3161 1456 3228; x_wconf 83' lang='grc' dir='ltr'>πληγαῖς</span> <span class='ocrx_word' id='word_1_452' title='bbox 1487 3162 1867 3230; x_wconf 81' lang='grc' dir='ltr'>ἀποθνήσκων,</span> 
     </span>
    </p>
   </div>
   <div class='ocr_carea' id='block_1_63' title="bbox 300 3244 1866 3322">
    <p class='ocr_par' dir='ltr' id='par_1_63' title="bbox 300 3244 1866 3322">
     <span class='ocr_line' id='line_1_63' title="bbox 300 3244 1866 3322; baseline 0.007 -27"><span class='ocrx_word' id='word_1_453' title='bbox 300 3244 432 3297; x_wconf 77' lang='grc' dir='ltr'>ἀλλὰ</span> <span class='ocrx_word' id='word_1_454' title='bbox 448 3246 541 3299; x_wconf 76' lang='grc' dir='ltr'>καὶ</span> <span class='ocrx_word' id='word_1_455' title='bbox 558 3246 812 3310; x_wconf 73' lang='grc' dir='ltr'>άναόιοῦς</span> <span class='ocrx_word' id='word_1_456' title='bbox 829 3249 921 3302; x_wconf 70' lang='grc' dir='ltr'><strong>καί</strong></span> <span class='ocrx_word' id='word_1_457' title='bbox 935 3249 1034 3312; x_wconf 80' lang='grc' dir='ltr'>τῆς</span> <span class='ocrx_word' id='word_1_458' title='bbox 1056 3250 1262 3320; x_wconf 83' lang='grc' dir='ltr'>φθορᾶς</span> <span class='ocrx_word' id='word_1_459' title='bbox 1281 3253 1588 3322; x_wconf 75' lang='grc' dir='ltr'>ἀναστήσας</span> <span class='ocrx_word' id='word_1_460' title='bbox 1609 3254 1668 3306; x_wconf 78' lang='grc' dir='ltr'>τὸ</span> <span class='ocrx_word' id='word_1_461' title='bbox 1688 3255 1866 3322; x_wconf 88' lang='grc' dir='ltr'>σῶμα,</span> 
     </span>
    </p>
   </div>
   <div class='ocr_carea' id='block_1_64' title="bbox 299 3336 1870 3411">
    <p class='ocr_par' dir='ltr' id='par_1_64' title="bbox 299 3336 1870 3411">
     <span class='ocr_line' id='line_1_64' title="bbox 299 3336 1870 3411; baseline 0.008 -24"><span class='ocrx_word' id='word_1_462' title='bbox 299 3337 404 3388; x_wconf 89' lang='grc' dir='ltr'><strong>τῶν</strong></span> <span class='ocrx_word' id='word_1_463' title='bbox 437 3336 661 3406; x_wconf 81' lang='grc' dir='ltr'>πληγῶν</span> <span class='ocrx_word' id='word_1_464' title='bbox 708 3337 789 3391; x_wconf 81' lang='grc' dir='ltr'>ἔτι</span> <span class='ocrx_word' id='word_1_465' title='bbox 819 3343 1129 3411; x_wconf 76' lang='grc' dir='ltr'>περιέχεται</span> <span class='ocrx_word' id='word_1_466' title='bbox 1154 3343 1384 3409; x_wconf 83' lang='grc' dir='ltr'>τούτων,</span> <span class='ocrx_word' id='word_1_467' title='bbox 1440 3345 1533 3398; x_wconf 81' lang='grc' dir='ltr'><strong>καὶ</strong></span> <span class='ocrx_word' id='word_1_468' title='bbox 1572 3347 1669 3404; x_wconf 79' lang='grc' dir='ltr'><strong>τὰς</strong></span> <span class='ocrx_word' id='word_1_469' title='bbox 1711 3348 1870 3411; x_wconf 84' lang='grc' dir='ltr'>οὐλὰς</span> 
     </span>
    </p>
   </div>
   <div class='ocr_carea' id='block_1_65' title="bbox 300 3428 1871 3505">
    <p class='ocr_par' dir='ltr' id='par_1_65' title="bbox 300 3428 1871 3505">
     <span class='ocr_line' id='line_1_65' title="bbox 300 3428 1871 3505; baseline 0.008 -26"><span class='ocrx_word' id='word_1_470' title='bbox 300 3428 391 3481; x_wconf 64' lang='grc' dir='ltr'><strong>ἐπὶ</strong></span> <span class='ocrx_word' id='word_1_471' title='bbox 414 3429 508 3482; x_wconf 76' lang='grc' dir='ltr'>τοῦ</span> <span class='ocrx_word' id='word_1_472' title='bbox 537 3434 787 3499; x_wconf 85' lang='grc' dir='ltr'>σώματος</span> <span class='ocrx_word' id='word_1_473' title='bbox 812 3432 987 3501; x_wconf 84' lang='grc' dir='ltr'>φέρει,</span> <span class='ocrx_word' id='word_1_474' title='bbox 1013 3434 1107 3485; x_wconf 73' lang='grc' dir='ltr'><strong>καὶ</strong></span> <span class='ocrx_word' id='word_1_475' title='bbox 1128 3435 1237 3496; x_wconf 87' lang='grc' dir='ltr'>τοῖς</span> <span class='ocrx_word' id='word_1_476' title='bbox 1264 3435 1561 3503; x_wconf 82' lang='grc' dir='ltr'>ὀφθαλμοῖς</span> <span class='ocrx_word' id='word_1_477' title='bbox 1584 3437 1690 3490; x_wconf 88' lang='grc' dir='ltr'><strong>τῶν</strong></span> <span class='ocrx_word' id='word_1_478' title='bbox 1707 3439 1871 3505; x_wconf 87' lang='grc' dir='ltr'>ἀγγέ-</span> 
     </span>
    </p>
   </div>
   <div class='ocr_carea' id='block_1_66' title="bbox 301 3517 1869 3598">
    <p class='ocr_par' dir='ltr' id='par_1_66' title="bbox 301 3517 1869 3598">
     <span class='ocr_line' id='line_1_66' title="bbox 301 3517 1869 3598; baseline 0.007 -28"><span class='ocrx_word' id='word_1_479' title='bbox 301 3517 406 3573; x_wconf 85' lang='grc' dir='ltr'><strong>λων</strong></span> <span class='ocrx_word' id='word_1_480' title='bbox 446 3522 584 3589; x_wconf 82' lang='grc' dir='ltr'><strong>μετά</strong></span> <span class='ocrx_word' id='word_1_481' title='bbox 618 3521 822 3574; x_wconf 78' lang='grc' dir='ltr'>τούτων</span> <span class='ocrx_word' id='word_1_482' title='bbox 855 3524 1126 3588; x_wconf 89' lang='grc' dir='ltr'>φαίνεται,</span> <span class='ocrx_word' id='word_1_483' title='bbox 1167 3525 1263 3576; x_wconf 76' lang='grc' dir='ltr'>καὶ</span> <span class='ocrx_word' id='word_1_484' title='bbox 1293 3525 1354 3577; x_wconf 84' lang='grc' dir='ltr'><strong>τὸ</strong></span> <span class='ocrx_word' id='word_1_485' title='bbox 1388 3527 1620 3596; x_wconf 79' lang='grc' dir='ltr'>πρᾶγμα</span> <span class='ocrx_word' id='word_1_486' title='bbox 1668 3527 1869 3598; x_wconf 85' lang='grc' dir='ltr'>κόσμον</span> 
     </span>
    </p>
   </div>
   <div class='ocr_carea' id='block_1_67' title="bbox 307 3611 1869 3683">
    <p class='ocr_par' dir='ltr' id='par_1_67' title="bbox 307 3611 1869 3683">
     <span class='ocr_line' id='line_1_67' title="bbox 307 3611 1869 3683; baseline 0.006 -21"><span class='ocrx_word' id='word_1_487' title='bbox 307 3612 542 3678; x_wconf 73' lang='grc' dir='ltr'>ἡγεῖται,</span> <span class='ocrx_word' id='word_1_488' title='bbox 582 3611 674 3665; x_wconf 71' lang='grc' dir='ltr'><strong>καὶ</strong></span> <span class='ocrx_word' id='word_1_489' title='bbox 706 3613 883 3683; x_wconf 83' lang='grc' dir='ltr'>χαίρει</span> <span class='ocrx_word' id='word_1_490' title='bbox 921 3615 1133 3677; x_wconf 74' lang='grc' dir='ltr'>δεικνὺς</span> <span class='ocrx_word' id='word_1_491' title='bbox 1165 3616 1243 3666; x_wconf 82' lang='grc' dir='ltr'>ὅτι</span> <span class='ocrx_word' id='word_1_492' title='bbox 1279 3615 1427 3668; x_wconf 82' lang='grc' dir='ltr'>δεινά</span> <span class='ocrx_word' id='word_1_493' title='bbox 1474 3617 1730 3682; x_wconf 87' lang='grc' dir='ltr'>πέπονθε,</span> <span class='ocrx_word' id='word_1_494' title='bbox 1775 3618 1869 3671; x_wconf 72' lang='grc' dir='ltr'>καὶ</span> 
     </span>
    </p>
   </div>
   <div class='ocr_carea' id='block_1_68' title="bbox 299 3698 1869 3777">
    <p class='ocr_par' dir='ltr' id='par_1_68' title="bbox 299 3698 1869 3777">
     <span class='ocr_line' id='line_1_68' title="bbox 299 3698 1869 3777; baseline 0.007 -29"><span class='ocrx_word' id='word_1_495' title='bbox 299 3698 462 3749; x_wconf 77' lang='grc' dir='ltr'>τᾶλλα</span> <span class='ocrx_word' id='word_1_496' title='bbox 501 3699 602 3766; x_wconf 86' lang='grc' dir='ltr'>μὲν</span> <span class='ocrx_word' id='word_1_497' title='bbox 629 3699 852 3770; x_wconf 54' lang='grc' dir='ltr'>ἔρριψεν</span> <span class='ocrx_word' id='word_1_498' title='bbox 875 3702 973 3753; x_wconf 83' lang='grc' dir='ltr'><strong>ὅσα</strong></span> <span class='ocrx_word' id='word_1_499' title='bbox 989 3702 1086 3754; x_wconf 81' lang='grc' dir='ltr'>τοῦ</span> <span class='ocrx_word' id='word_1_500' title='bbox 1116 3703 1385 3772; x_wconf 78' lang='grc' dir='ltr'>σώματος,</span> <span class='ocrx_word' id='word_1_501' title='bbox 1419 3707 1513 3757; x_wconf 85' lang='grc' dir='ltr'><strong>καί</strong></span> <span class='ocrx_word' id='word_1_502' title='bbox 1553 3710 1700 3760; x_wconf 86' lang='grc' dir='ltr'>ἐστιν</span> <span class='ocrx_word' id='word_1_503' title='bbox 1722 3707 1869 3777; x_wconf 78' lang='grc' dir='ltr'>αὐτῷ</span> 
     </span>
    </p>
   </div>
   <div class='ocr_carea' id='block_1_69' title="bbox 302 3788 1869 3870">
    <p class='ocr_par' dir='ltr' id='par_1_69' title="bbox 302 3788 1869 3870">
     <span class='ocr_line' id='line_1_69' title="bbox 302 3788 1869 3870; baseline 0.01 -31"><span class='ocrx_word' id='word_1_504' title='bbox 302 3788 361 3840; x_wconf 79' lang='grc' dir='ltr'>τὸ</span> <span class='ocrx_word' id='word_1_505' title='bbox 390 3789 550 3858; x_wconf 85' lang='grc' dir='ltr'>σῶμα</span> <span class='ocrx_word' id='word_1_506' title='bbox 583 3794 972 3856; x_wconf 71' lang='grc' dir='ltr'>πνευματικὸν,</span> <span class='ocrx_word' id='word_1_507' title='bbox 1006 3796 1100 3848; x_wconf 71' lang='grc' dir='ltr'><strong>καὶ</strong></span> <span class='ocrx_word' id='word_1_508' title='bbox 1131 3795 1252 3848; x_wconf 75' lang='grc' dir='ltr'>οὗτε</span> <span class='ocrx_word' id='word_1_509' title='bbox 1286 3796 1486 3866; x_wconf 82' lang='grc' dir='ltr'>βάρους</span> <span class='ocrx_word' id='word_1_510' title='bbox 1513 3798 1634 3851; x_wconf 78' lang='grc' dir='ltr'>οὗτε</span> <span class='ocrx_word' id='word_1_511' title='bbox 1663 3801 1869 3870; x_wconf 85' lang='grc' dir='ltr'>πάχους</span> 
     </span>
    </p>
   </div>
   <div class='ocr_carea' id='block_1_70' title="bbox 306 3877 1868 3954">
    <p class='ocr_par' dir='ltr' id='par_1_70' title="bbox 306 3877 1868 3954">
     <span class='ocr_line' id='line_1_70' title="bbox 306 3877 1868 3954; baseline 0.008 -24"><span class='ocrx_word' id='word_1_512' title='bbox 306 3877 412 3930; x_wconf 73' lang='grc' dir='ltr'>οὔτ’</span> <span class='ocrx_word' id='word_1_513' title='bbox 440 3879 600 3933; x_wconf 81' lang='grc' dir='ltr'>ἄλλου</span> <span class='ocrx_word' id='word_1_514' title='bbox 635 3882 843 3944; x_wconf 72' lang='grc' dir='ltr'>πάθους</span> <span class='ocrx_word' id='word_1_515' title='bbox 869 3884 1016 3954; x_wconf 79' lang='grc' dir='ltr'>αὐτῷ</span> <span class='ocrx_word' id='word_1_516' title='bbox 1045 3885 1152 3938; x_wconf 86' lang='grc' dir='ltr'><strong>τῶν</strong></span> <span class='ocrx_word' id='word_1_517' title='bbox 1190 3888 1522 3954; x_wconf 82' lang='grc' dir='ltr'>σωματικῶν</span> <span class='ocrx_word' id='word_1_518' title='bbox 1551 3890 1703 3942; x_wconf 79' lang='grc' dir='ltr'>οὐδὲν</span> <span class='ocrx_word' id='word_1_519' title='bbox 1734 3891 1868 3942; x_wconf 80' lang='grc' dir='ltr'>ὑπε-</span> 
     </span>
    </p>
   </div>
   <div class='ocr_carea' id='block_1_71' title="bbox 305 3969 1864 4047">
    <p class='ocr_par' dir='ltr' id='par_1_71' title="bbox 305 3969 1864 4047">
     <span class='ocr_line' id='line_1_71' title="bbox 305 3969 1864 4047; baseline 0.009 -27"><span class='ocrx_word' id='word_1_520' title='bbox 305 3969 514 4040; x_wconf 77' lang='grc' dir='ltr'>λείφθη,</span> <span class='ocrx_word' id='word_1_521' title='bbox 544 3973 642 4032; x_wconf 77' lang='grc' dir='ltr'>τὰς</span> <span class='ocrx_word' id='word_1_522' title='bbox 664 3971 892 4036; x_wconf 73' lang='grc' dir='ltr'>ὠτειλὰς</span> <span class='ocrx_word' id='word_1_523' title='bbox 933 3975 989 4026; x_wconf 83' lang='grc' dir='ltr'><strong>δὲ</strong></span> <span class='ocrx_word' id='word_1_524' title='bbox 1037 3976 1381 4030; x_wconf 84' lang='grc' dir='ltr'>παντάπασιν</span> <span class='ocrx_word' id='word_1_525' title='bbox 1413 3979 1513 4030; x_wconf 84' lang='grc' dir='ltr'>οὐκ</span> <span class='ocrx_word' id='word_1_526' title='bbox 1572 3979 1864 4047; x_wconf 77' lang='grc' dir='ltr'>ἀπέϐαλεν,</span> 
     </span>
    </p>
   </div>
   <div class='ocr_carea' id='block_1_72' title="bbox 306 4061 1867 4144">
    <p class='ocr_par' dir='ltr' id='par_1_72' title="bbox 306 4061 1867 4144">
     <span class='ocr_line' id='line_1_72' title="bbox 306 4061 1867 4144; baseline 0.011 -32"><span class='ocrx_word' id='word_1_527' title='bbox 306 4061 422 4113; x_wconf 78' lang='grc' dir='ltr'>οὐδὲ</span> <span class='ocrx_word' id='word_1_528' title='bbox 449 4063 646 4125; x_wconf 81' lang='grc' dir='ltr'>τελέως</span> <span class='ocrx_word' id='word_1_529' title='bbox 677 4066 1019 4135; x_wconf 72' lang='grc' dir='ltr'>ἀπετρίψατο</span> <span class='ocrx_word' id='word_1_530' title='bbox 1048 4068 1147 4130; x_wconf 79' lang='grc' dir='ltr'>τὰς</span> <span class='ocrx_word' id='word_1_531' title='bbox 1174 4069 1409 4139; x_wconf 82' lang='grc' dir='ltr'>πληγὰς,</span> <span class='ocrx_word' id='word_1_532' title='bbox 1441 4072 1577 4125; x_wconf 85' lang='grc' dir='ltr'>ἀλλὰ</span> <span class='ocrx_word' id='word_1_533' title='bbox 1617 4075 1867 4144; x_wconf 85' lang='grc' dir='ltr'>στέργειν</span> 
     </span>
    </p>
   </div>
   <div class='ocr_carea' id='block_1_73' title="bbox 305 4151 1868 4232">
    <p class='ocr_par' dir='ltr' id='par_1_73' title="bbox 305 4151 1868 4232">
     <span class='ocr_line' id='line_1_73' title="bbox 305 4151 1868 4232; baseline 0.013 -32"><span class='ocrx_word' id='word_1_534' title='bbox 305 4151 451 4222; x_wconf 78' lang='grc' dir='ltr'>ᾠήθη</span> <span class='ocrx_word' id='word_1_535' title='bbox 495 4153 585 4206; x_wconf 76' lang='grc' dir='ltr'>διὰ</span> <span class='ocrx_word' id='word_1_536' title='bbox 627 4156 688 4208; x_wconf 78' lang='grc' dir='ltr'>τὺ</span> <span class='ocrx_word' id='word_1_537' title='bbox 723 4157 850 4225; x_wconf 73' lang='grc' dir='ltr'>περὶ</span> <span class='ocrx_word' id='word_1_538' title='bbox 895 4159 986 4208; x_wconf 85' lang='grc' dir='ltr'><strong>τὸν</strong></span> <span class='ocrx_word' id='word_1_539' title='bbox 1035 4159 1322 4229; x_wconf 76' lang='grc' dir='ltr'>ἄνθρωπον</span> <span class='ocrx_word' id='word_1_540' title='bbox 1367 4161 1610 4232; x_wconf 79' lang='grc' dir='ltr'>φίλτρον,</span> <span class='ocrx_word' id='word_1_541' title='bbox 1651 4167 1732 4218; x_wconf 81' lang='grc' dir='ltr'>ὅτι</span> <span class='ocrx_word' id='word_1_542' title='bbox 1780 4168 1868 4221; x_wconf 76' lang='grc' dir='ltr'>διὰ</span> 
     </span>
    </p>
   </div>
   <div class='ocr_carea' id='block_1_74' title="bbox 306 4241 1869 4322">
    <p class='ocr_par' dir='ltr' id='par_1_74' title="bbox 306 4241 1869 4322">
     <span class='ocr_line' id='line_1_74' title="bbox 306 4241 1869 4322; baseline 0.01 -26"><span class='ocrx_word' id='word_1_543' title='bbox 306 4245 506 4298; x_wconf 85' lang='grc' dir='ltr'>τούτων</span> <span class='ocrx_word' id='word_1_544' title='bbox 537 4241 696 4315; x_wconf 72' lang='grc' dir='ltr'>εὗρεν</span> <span class='ocrx_word' id='word_1_545' title='bbox 728 4247 1068 4316; x_wconf 85' lang='grc' dir='ltr'>ἀπολωλότα,</span> <span class='ocrx_word' id='word_1_546' title='bbox 1105 4252 1200 4302; x_wconf 71' lang='grc' dir='ltr'><strong>καὶ</strong></span> <span class='ocrx_word' id='word_1_547' title='bbox 1235 4251 1602 4322; x_wconf 83' lang='grc' dir='ltr'>πληττόμενος</span> <span class='ocrx_word' id='word_1_548' title='bbox 1635 4251 1743 4311; x_wconf 74' lang='grc' dir='ltr'>εἷλε</span> <span class='ocrx_word' id='word_1_549' title='bbox 1777 4259 1869 4312; x_wconf 83' lang='grc' dir='ltr'>τὸν</span> 
     </span>
    </p>
   </div>
   <div class='ocr_carea' id='block_1_75' title="bbox 306 4336 1867 4419">
    <p class='ocr_par' dir='ltr' id='par_1_75' title="bbox 306 4336 1867 4419">
     <span class='ocr_line' id='line_1_75' title="bbox 306 4336 1867 4419; baseline 0.01 -32"><span class='ocrx_word' id='word_1_550' title='bbox 306 4336 597 4407; x_wconf 81' lang='grc' dir='ltr'>ἐρώμενον.</span> <span class='ocrx_word' id='word_1_551' title='bbox 633 4338 840 4400; x_wconf 75' lang='grc' dir='ltr'>’Ἄλλως</span> <span class='ocrx_word' id='word_1_552' title='bbox 871 4342 979 4409; x_wconf 85' lang='grc' dir='ltr'><strong>γάρ</strong></span> <span class='ocrx_word' id='word_1_553' title='bbox 1027 4341 1107 4393; x_wconf 82' lang='grc' dir='ltr'><strong>έτι</strong></span> <span class='ocrx_word' id='word_1_554' title='bbox 1168 4345 1490 4398; x_wconf 77' lang='grc' dir='ltr'>συνεστάναι</span> <span class='ocrx_word' id='word_1_555' title='bbox 1532 4347 1601 4399; x_wconf 77' lang='grc' dir='ltr'>τὰ</span> <span class='ocrx_word' id='word_1_556' title='bbox 1641 4349 1867 4419; x_wconf 85' lang='grc' dir='ltr'>πληγῶν</span> 
     </span>
    </p>
   </div>
   <div class='ocr_carea' id='block_1_76' title="bbox 306 4428 1868 4510">
    <p class='ocr_par' dir='ltr' id='par_1_76' title="bbox 306 4428 1868 4510">
     <span class='ocr_line' id='line_1_76' title="bbox 306 4428 1868 4510; baseline 0.012 -30"><span class='ocrx_word' id='word_1_557' title='bbox 306 4428 426 4496; x_wconf 82' lang='grc' dir='ltr'>ίχνη</span> <span class='ocrx_word' id='word_1_558' title='bbox 473 4429 593 4490; x_wconf 85' lang='grc' dir='ltr'><strong>πῶς</strong></span> <span class='ocrx_word' id='word_1_559' title='bbox 639 4429 704 4482; x_wconf 83' lang='grc' dir='ltr'>ἂν</span> <span class='ocrx_word' id='word_1_560' title='bbox 755 4432 1046 4485; x_wconf 87' lang='grc' dir='ltr'>ἀκόλουθον</span> <span class='ocrx_word' id='word_1_561' title='bbox 1096 4430 1163 4501; x_wconf 77' lang='grc' dir='ltr'>ἦν</span> <span class='ocrx_word' id='word_1_562' title='bbox 1212 4435 1484 4490; x_wconf 85' lang='grc' dir='ltr'>ἀθανάτου</span> <span class='ocrx_word' id='word_1_563' title='bbox 1530 4439 1800 4510; x_wconf 85' lang='grc' dir='ltr'>σώματος,</span> <span class='ocrx_word' id='word_1_564' title='bbox 1831 4444 1868 4498; x_wconf 77' lang='grc' dir='ltr'><strong>ά</strong></span> 
     </span>
    </p>
   </div>
   <div class='ocr_carea' id='block_1_77' title="bbox 308 4518 1875 4604">
    <p class='ocr_par' dir='ltr' id='par_1_77' title="bbox 308 4518 1875 4604">
     <span class='ocr_line' id='line_1_77' title="bbox 308 4518 1875 4604; baseline 0.013 -35"><span class='ocrx_word' id='word_1_565' title='bbox 308 4518 515 4589; x_wconf 79' lang='grc' dir='ltr'>θνητῶν</span> <span class='ocrx_word' id='word_1_566' title='bbox 548 4521 720 4573; x_wconf 86' lang='grc' dir='ltr'>ἐνίοτε</span> <span class='ocrx_word' id='word_1_567' title='bbox 761 4524 856 4576; x_wconf 72' lang='grc' dir='ltr'>καὶ</span> <span class='ocrx_word' id='word_1_568' title='bbox 886 4525 1144 4594; x_wconf 84' lang='grc' dir='ltr'>φθαρτῶν</span> <span class='ocrx_word' id='word_1_569' title='bbox 1200 4529 1294 4579; x_wconf 75' lang='grc' dir='ltr'><strong>καὶ</strong></span> <span class='ocrx_word' id='word_1_570' title='bbox 1349 4530 1517 4598; x_wconf 85' lang='grc' dir='ltr'>τέχνη</span> <span class='ocrx_word' id='word_1_571' title='bbox 1561 4533 1656 4584; x_wconf 75' lang='grc' dir='ltr'><strong>καὶ</strong></span> <span class='ocrx_word' id='word_1_572' title='bbox 1712 4535 1875 4604; x_wconf 83' lang='grc' dir='ltr'>φύσις</span> 
     </span>
    </p>
   </div>
   <div class='ocr_carea' id='block_1_78' title="bbox 312 4612 1872 4697">
    <p class='ocr_par' dir='ltr' id='par_1_78' title="bbox 312 4612 1872 4697">
     <span class='ocr_line' id='line_1_78' title="bbox 312 4612 1872 4697; baseline 0.01 -32"><span class='ocrx_word' id='word_1_573' title='bbox 312 4612 603 4678; x_wconf 76' lang='grc' dir='ltr'>ἐξέδαλενς</span> <span class='ocrx_word' id='word_1_574' title='bbox 649 4613 813 4680; x_wconf 82' lang='grc' dir='ltr'>Ἀλλ’,</span> <span class='ocrx_word' id='word_1_575' title='bbox 845 4617 919 4679; x_wconf 82' lang='grc' dir='ltr'>ὡς</span> <span class='ocrx_word' id='word_1_576' title='bbox 948 4617 1146 4686; x_wconf 81' lang='grc' dir='ltr'>ἔοικεν,</span> <span class='ocrx_word' id='word_1_577' title='bbox 1187 4621 1451 4692; x_wconf 83' lang='grc' dir='ltr'>ἐπιθυμία</span> <span class='ocrx_word' id='word_1_578' title='bbox 1487 4624 1583 4692; x_wconf 86' lang='grc' dir='ltr'><strong>μὲν</strong></span> <span class='ocrx_word' id='word_1_579' title='bbox 1605 4621 1674 4696; x_wconf 77' lang='grc' dir='ltr'>ἦν</span> <span class='ocrx_word' id='word_1_580' title='bbox 1704 4629 1872 4697; x_wconf 72' lang='grc' dir='ltr'>αὐτῷ,</span> 
     </span>
    </p>
   </div>
   <div class='ocr_carea' id='block_1_79' title="bbox 309 4705 1872 4787">
    <p class='ocr_par' dir='ltr' id='par_1_79' title="bbox 309 4705 1872 4787">
     <span class='ocr_line' id='line_1_79' title="bbox 309 4705 1872 4787; baseline 0.01 -31"><span class='ocrx_word' id='word_1_581' title='bbox 309 4706 436 4775; x_wconf 67' lang='grc' dir='ltr'>περὶ</span> <span class='ocrx_word' id='word_1_582' title='bbox 464 4705 624 4775; x_wconf 83' lang='grc' dir='ltr'>ἡμῶν</span> <span class='ocrx_word' id='word_1_583' title='bbox 659 4707 892 4774; x_wconf 79' lang='grc' dir='ltr'>ἀλγῆσαι</span> <span class='ocrx_word' id='word_1_584' title='bbox 926 4710 1184 4774; x_wconf 78' lang='grc' dir='ltr'>πολλάκις</span> <span class='ocrx_word' id='word_1_585' title='bbox 1207 4729 1218 4741; x_wconf 91' lang='grc'>·</span> <span class='ocrx_word' id='word_1_586' title='bbox 1247 4714 1366 4766; x_wconf 73' lang='grc' dir='ltr'>ἐπεὶ</span> <span class='ocrx_word' id='word_1_587' title='bbox 1390 4715 1444 4768; x_wconf 77' lang='grc' dir='ltr'><strong>δὲ</strong></span> <span class='ocrx_word' id='word_1_588' title='bbox 1473 4717 1572 4768; x_wconf 76' lang='grc' dir='ltr'><strong>οὐκ</strong></span> <span class='ocrx_word' id='word_1_589' title='bbox 1601 4716 1747 4787; x_wconf 81' lang='grc' dir='ltr'>ἐξῆν,</span> <span class='ocrx_word' id='word_1_590' title='bbox 1778 4719 1872 4771; x_wconf 78' lang='grc' dir='ltr'>τοῦ</span> 
     </span>
    </p>
   </div>
   <div class='ocr_carea' id='block_1_80' title="bbox 309 4798 1872 4876">
    <p class='ocr_par' dir='ltr' id='par_1_80' title="bbox 309 4798 1872 4876">
     <span class='ocr_line' id='line_1_80' title="bbox 309 4798 1872 4876; baseline 0.008 -28"><span class='ocrx_word' id='word_1_591' title='bbox 309 4798 556 4867; x_wconf 76' lang='grc' dir='ltr'>σώματος</span> <span class='ocrx_word' id='word_1_592' title='bbox 588 4798 737 4868; x_wconf 77' lang='grc' dir='ltr'>αὐτῷ</span> <span class='ocrx_word' id='word_1_593' title='bbox 761 4800 864 4870; x_wconf 80' lang='grc' dir='ltr'>τὴν</span> <span class='ocrx_word' id='word_1_594' title='bbox 890 4801 1094 4866; x_wconf 75' lang='grc' dir='ltr'>φθορὰν</span> <span class='ocrx_word' id='word_1_595' title='bbox 1125 4804 1381 4868; x_wconf 82' lang='grc' dir='ltr'>καθάπαξ</span> <span class='ocrx_word' id='word_1_596' title='bbox 1401 4805 1754 4876; x_wconf 84' lang='grc' dir='ltr'>διαφυγόντος</span> <span class='ocrx_word' id='word_1_597' title='bbox 1781 4811 1872 4861; x_wconf 76' lang='grc' dir='ltr'>καὶ</span> 
     </span>
    </p>
   </div>
   <div class='ocr_carea' id='block_1_81' title="bbox 307 4887 1868 4968">
    <p class='ocr_par' dir='ltr' id='par_1_81' title="bbox 307 4887 1868 4968">
     <span class='ocr_line' id='line_1_81' title="bbox 307 4887 1868 4968; baseline 0.008 -28"><span class='ocrx_word' id='word_1_598' title='bbox 307 4887 421 4956; x_wconf 85' lang='grc' dir='ltr'>ἆμα</span> <span class='ocrx_word' id='word_1_599' title='bbox 452 4890 561 4942; x_wconf 86' lang='grc' dir='ltr'><strong>τῶν</strong></span> <span class='ocrx_word' id='word_1_600' title='bbox 588 4890 907 4959; x_wconf 76' lang='grc' dir='ltr'>πληξάντων</span> <span class='ocrx_word' id='word_1_601' title='bbox 937 4892 1251 4960; x_wconf 82' lang='grc' dir='ltr'>φειδόμενος</span> <span class='ocrx_word' id='word_1_602' title='bbox 1290 4897 1614 4965; x_wconf 86' lang='grc' dir='ltr'>ἀνθρώπων,</span> <span class='ocrx_word' id='word_1_603' title='bbox 1646 4900 1711 4952; x_wconf 83' lang='grc' dir='ltr'>τὰ</span> <span class='ocrx_word' id='word_1_604' title='bbox 1739 4899 1868 4968; x_wconf 83' lang='grc' dir='ltr'>γοῦν</span> 
     </span>
    </p>
   </div>
   <div class='ocr_carea' id='block_1_82' title="bbox 310 4979 1870 5059">
    <p class='ocr_par' dir='ltr' id='par_1_82' title="bbox 310 4979 1870 5059">
     <span class='ocr_line' id='line_1_82' title="bbox 310 4979 1870 5059; baseline 0.008 -29"><span class='ocrx_word' id='word_1_605' title='bbox 310 4983 508 5048; x_wconf 84' lang='grc' dir='ltr'>σημεῖα</span> <span class='ocrx_word' id='word_1_606' title='bbox 537 4982 637 5050; x_wconf 82' lang='grc' dir='ltr'>τῆς</span> <span class='ocrx_word' id='word_1_607' title='bbox 679 4982 894 5048; x_wconf 78' lang='grc' dir='ltr'>σφαγῆς</span> <span class='ocrx_word' id='word_1_608' title='bbox 927 4982 1067 5049; x_wconf 75' lang='grc' dir='ltr'>ἔγνω</span> <span class='ocrx_word' id='word_1_609' title='bbox 1097 4983 1173 5053; x_wconf 78' lang='grc' dir='ltr'>τῷ</span> <span class='ocrx_word' id='word_1_610' title='bbox 1211 4979 1424 5054; x_wconf 80' lang='grc' dir='ltr'>σώματι</span> <span class='ocrx_word' id='word_1_611' title='bbox 1462 4992 1749 5059; x_wconf 80' lang='grc' dir='ltr'>συντηρεῖν</span> <span class='ocrx_word' id='word_1_612' title='bbox 1779 4991 1870 5042; x_wconf 58' lang='grc' dir='ltr'><strong>καὶ⁴</strong></span> 
     </span>
    </p>
   </div>
   <div class='ocr_carea' id='block_1_83' title="bbox 306 5073 1872 5147">
    <p class='ocr_par' dir='ltr' id='par_1_83' title="bbox 306 5073 1872 5147">
     <span class='ocr_line' id='line_1_83' title="bbox 306 5073 1872 5147; baseline 0.006 -25"><span class='ocrx_word' id='word_1_613' title='bbox 306 5074 414 5134; x_wconf 80' lang='grc' dir='ltr'>τοῖς</span> <span class='ocrx_word' id='word_1_614' title='bbox 439 5073 630 5135; x_wconf 82' lang='grc' dir='ltr'>τύποις</span> <span class='ocrx_word' id='word_1_615' title='bbox 666 5075 753 5125; x_wconf 74' lang='grc' dir='ltr'>ἀεὶ</span> <span class='ocrx_word' id='word_1_616' title='bbox 806 5077 1046 5127; x_wconf 86' lang='grc' dir='ltr'>συνεῖναι</span> <span class='ocrx_word' id='word_1_617' title='bbox 1075 5075 1184 5128; x_wconf 91' lang='grc' dir='ltr'><strong>τῶν</strong></span> <span class='ocrx_word' id='word_1_618' title='bbox 1223 5077 1581 5147; x_wconf 83' lang='grc' dir='ltr'>τραυμάτων,</span> <span class='ocrx_word' id='word_1_619' title='bbox 1620 5074 1694 5134; x_wconf 82' lang='grc' dir='ltr'>ὧν</span> <span class='ocrx_word' id='word_1_620' title='bbox 1725 5081 1872 5144; x_wconf 77' lang='grc' dir='ltr'>ἅπαξ</span> 
     </span>
    </p>
   </div>
   <div class='ocr_carea' id='block_1_84' title="bbox 307 5163 1869 5240">
    <p class='ocr_par' dir='ltr' id='par_1_84' title="bbox 307 5163 1869 5240">
     <span class='ocr_line' id='line_1_84' title="bbox 307 5163 1869 5240; baseline 0.006 -26"><span class='ocrx_word' id='word_1_621' title='bbox 307 5163 675 5234; x_wconf 80' lang='grc' dir='ltr'>ἐνεγέγραπτο</span> <span class='ocrx_word' id='word_1_622' title='bbox 702 5167 1060 5236; x_wconf 79' lang='grc' dir='ltr'>σταυρωθεὶς,</span> <span class='ocrx_word' id='word_1_623' title='bbox 1083 5168 1170 5220; x_wconf 86' lang='grc' dir='ltr'><strong>ἵνα</strong></span> <span class='ocrx_word' id='word_1_624' title='bbox 1195 5169 1348 5237; x_wconf 82' lang='grc' dir='ltr'>δῆλος</span> <span class='ocrx_word' id='word_1_625' title='bbox 1372 5170 1446 5231; x_wconf 85' lang='grc' dir='ltr'>ὠς</span> <span class='ocrx_word' id='word_1_626' title='bbox 1475 5171 1585 5239; x_wconf 79' lang='grc' dir='ltr'><strong>ἀρα</strong></span> <span class='ocrx_word' id='word_1_627' title='bbox 1608 5171 1736 5240; x_wconf 88' lang='grc' dir='ltr'><strong>περί</strong></span> <span class='ocrx_word' id='word_1_628' title='bbox 1761 5170 1869 5223; x_wconf 87' lang='grc' dir='ltr'><strong>τῶν</strong></span> 
     </span>
    </p>
   </div>
   <div class='ocr_carea' id='block_1_85' title="bbox 306 5253 1870 5331">
    <p class='ocr_par' dir='ltr' id='par_1_85' title="bbox 306 5253 1870 5331">
     <span class='ocr_line' id='line_1_85' title="bbox 306 5253 1870 5331; baseline 0.006 -26"><span class='ocrx_word' id='word_1_629' title='bbox 306 5253 504 5306; x_wconf 81' lang='grc' dir='ltr'>δούλων</span> <span class='ocrx_word' id='word_1_630' title='bbox 533 5257 876 5325; x_wconf 82' lang='grc' dir='ltr'>ἐσταύρωται</span> <span class='ocrx_word' id='word_1_631' title='bbox 909 5259 1003 5312; x_wconf 69' lang='grc' dir='ltr'><strong>καὶ</strong></span> <span class='ocrx_word' id='word_1_632' title='bbox 1028 5260 1129 5330; x_wconf 81' lang='grc' dir='ltr'><strong>τὴν</strong></span> <span class='ocrx_word' id='word_1_633' title='bbox 1159 5259 1400 5330; x_wconf 73' lang='grc' dir='ltr'>πλευρὰν</span> <span class='ocrx_word' id='word_1_634' title='bbox 1430 5260 1621 5329; x_wconf 83' lang='grc' dir='ltr'>ἐνὺγη,</span> <span class='ocrx_word' id='word_1_635' title='bbox 1654 5261 1870 5331; x_wconf 74' lang='grc' dir='ltr'>πόρρω-</span> 
     </span>
    </p>
   </div>
   <div class='ocr_carea' id='block_1_86' title="bbox 308 5342 1866 5424">
    <p class='ocr_par' dir='ltr' id='par_1_86' title="bbox 308 5342 1866 5424">
     <span class='ocr_line' id='line_1_86' title="bbox 308 5342 1866 5424; baseline 0.006 -28"><span class='ocrx_word' id='word_1_636' title='bbox 308 5345 399 5397; x_wconf 87' lang='grc' dir='ltr'><strong>θεν</strong></span> <span class='ocrx_word' id='word_1_637' title='bbox 483 5349 577 5399; x_wconf 72' lang='grc' dir='ltr'><strong>καὶ</strong></span> <span class='ocrx_word' id='word_1_638' title='bbox 603 5349 739 5417; x_wconf 85' lang='grc' dir='ltr'><strong>μετά</strong></span> <span class='ocrx_word' id='word_1_639' title='bbox 756 5352 854 5418; x_wconf 82' lang='grc' dir='ltr'><strong>τῆς</strong></span> <span class='ocrx_word' id='word_1_640' title='bbox 877 5350 1089 5412; x_wconf 83' lang='grc' dir='ltr'>ἀκτῖνος</span> <span class='ocrx_word' id='word_1_641' title='bbox 1133 5352 1348 5420; x_wconf 84' lang='grc' dir='ltr'>ἐκείνης</span> <span class='ocrx_word' id='word_1_642' title='bbox 1392 5353 1492 5420; x_wconf 84' lang='grc' dir='ltr'><strong>τῆς</strong></span> <span class='ocrx_word' id='word_1_643' title='bbox 1528 5353 1866 5424; x_wconf 79' lang='grc' dir='ltr'>ἀπορρήτου,</span> 
     </span>
    </p>
   </div>
   <div class='ocr_carea' id='block_1_87' title="bbox 310 5437 1867 5512">
    <p class='ocr_par' dir='ltr' id='par_1_87' title="bbox 310 5437 1867 5512">
     <span class='ocr_line' id='line_1_87' title="bbox 310 5437 1867 5512; baseline 0.006 -26"><span class='ocrx_word' id='word_1_644' title='bbox 310 5437 402 5488; x_wconf 73' lang='grc' dir='ltr'>καὶ</span> <span class='ocrx_word' id='word_1_645' title='bbox 434 5437 608 5489; x_wconf 80' lang='grc' dir='ltr'>ταῦτα</span> <span class='ocrx_word' id='word_1_646' title='bbox 643 5439 848 5507; x_wconf 81' lang='grc' dir='ltr'>κόσμον</span> <span class='ocrx_word' id='word_1_647' title='bbox 878 5439 982 5510; x_wconf 76' lang='grc' dir='ltr'><strong>ἔχῃ</strong></span> <span class='ocrx_word' id='word_1_648' title='bbox 1024 5441 1102 5510; x_wconf 80' lang='grc' dir='ltr'>τῷ</span> <span class='ocrx_word' id='word_1_649' title='bbox 1148 5442 1381 5508; x_wconf 84' lang='grc' dir='ltr'>βασιλεῖ.</span> <span class='ocrx_word' id='word_1_650' title='bbox 1428 5443 1494 5495; x_wconf 90' lang='grc' dir='ltr'><strong>Τί</strong></span> <span class='ocrx_word' id='word_1_651' title='bbox 1524 5443 1615 5496; x_wconf 85' lang='grc' dir='ltr'>τοῦ</span> <span class='ocrx_word' id='word_1_652' title='bbox 1644 5444 1867 5512; x_wconf 88' lang='grc' dir='ltr'>φίλτρου</span> 
     </span>
    </p>
   </div>
   <div class='ocr_carea' id='block_1_88' title="bbox 311 5528 1871 5606">
    <p class='ocr_par' dir='ltr' id='par_1_88' title="bbox 311 5528 1871 5606">
     <span class='ocr_line' id='line_1_88' title="bbox 311 5528 1871 5606; baseline 0.006 -28"><span class='ocrx_word' id='word_1_653' title='bbox 311 5529 497 5579; x_wconf 75' lang='grc' dir='ltr'>τούτου</span> <span class='ocrx_word' id='word_1_654' title='bbox 525 5528 723 5594; x_wconf 87' lang='grc' dir='ltr'>γένοιτ’</span> <span class='ocrx_word' id='word_1_655' title='bbox 753 5530 818 5583; x_wconf 87' lang='grc' dir='ltr'>ἂν</span> <span class='ocrx_word' id='word_1_656' title='bbox 850 5529 962 5583; x_wconf 79' lang='grc' dir='ltr'>ἴσον</span> <span class='ocrx_word' id='word_1_657' title='bbox 985 5546 1000 5597; x_wconf 89' lang='lat'><strong>;</strong></span> <span class='ocrx_word' id='word_1_658' title='bbox 1034 5531 1084 5582; x_wconf 92' lang='grc' dir='ltr'><strong>τί</strong></span> <span class='ocrx_word' id='word_1_659' title='bbox 1106 5531 1358 5587; x_wconf 81' lang='grc' dir='ltr'>τοσοῦτον</span> <span class='ocrx_word' id='word_1_660' title='bbox 1380 5535 1638 5606; x_wconf 88' lang='grc' dir='ltr'>ἐφίλησεν</span> <span class='ocrx_word' id='word_1_661' title='bbox 1661 5535 1871 5605; x_wconf 76' lang='grc' dir='ltr'>ἂνθρω-</span> 
     </span>
    </p>
   </div>
   <div class='ocr_carea' id='block_1_89' title="bbox 385 5708 1468 5782">
    <p class='ocr_par' dir='ltr' id='par_1_89' title="bbox 385 5708 1468 5782">
     <span class='ocr_line' id='line_1_89' title="bbox 385 5708 1468 5782; baseline 0.002 -18"><span class='ocrx_word' id='word_1_662' title='bbox 385 5709 424 5741; x_wconf 64' lang='grc'><strong>³¹</strong></span> <span class='ocrx_word' id='word_1_663' title='bbox 452 5710 691 5782; x_wconf 88' lang='lat' dir='ltr'><strong>Philipp.</strong></span> <span class='ocrx_word' id='word_1_664' title='bbox 727 5724 788 5776; x_wconf 85' lang='grc' dir='ltr'><strong>ιι,</strong></span> <span class='ocrx_word' id='word_1_665' title='bbox 820 5709 870 5767; x_wconf 88' lang='grc'><strong>7.</strong></span> <span class='ocrx_word' id='word_1_666' title='bbox 949 5710 992 5742; x_wconf 71' lang='grc' dir='ltr'><strong>δ’</strong></span> <span class='ocrx_word' id='word_1_667' title='bbox 1023 5708 1066 5763; x_wconf 89' lang='lat' dir='ltr'><strong>ll</strong></span> <span class='ocrx_word' id='word_1_668' title='bbox 1108 5710 1234 5766; x_wconf 87' lang='lat' dir='ltr'><strong>Cor.</strong></span> <span class='ocrx_word' id='word_1_669' title='bbox 1262 5727 1381 5777; x_wconf 81' lang='lat' dir='ltr'><strong>vni,</strong></span> <span class='ocrx_word' id='word_1_670' title='bbox 1414 5711 1468 5766; x_wconf 86' lang='lat'><strong>9.</strong></span> 
     </span>
    </p>
   </div>
   <div class='ocr_carea' id='block_1_90' title="bbox 1973 3143 3539 3214">
    <p class='ocr_par' dir='ltr' id='par_1_90' title="bbox 1973 3143 3539 3214">
     <span class='ocr_line' id='line_1_90' title="bbox 1973 3143 3539 3214; baseline -0.004 -11"><span class='ocrx_word' id='word_1_671' title='bbox 1973 3151 2148 3204; x_wconf 89' lang='lat' dir='ltr'><strong>solum</strong></span> <span class='ocrx_word' id='word_1_672' title='bbox 2175 3147 2556 3202; x_wconf 85' lang='lat' dir='ltr'><strong>crudelissima</strong></span> <span class='ocrx_word' id='word_1_673' title='bbox 2587 3161 2802 3214; x_wconf 86' lang='lat' dir='ltr'><strong>passus,</strong></span> <span class='ocrx_word' id='word_1_674' title='bbox 2835 3154 2888 3199; x_wconf 90' lang='lat' dir='ltr'><strong>et</strong></span> <span class='ocrx_word' id='word_1_675' title='bbox 2917 3159 2984 3198; x_wconf 78' lang='lat' dir='ltr'><strong>ex</strong></span> <span class='ocrx_word' id='word_1_676' title='bbox 3011 3143 3182 3214; x_wconf 76' lang='lat' dir='ltr'><strong>plagis</strong></span> <span class='ocrx_word' id='word_1_677' title='bbox 3210 3157 3276 3197; x_wconf 89' lang='lat' dir='ltr'><strong>ac</strong></span> <span class='ocrx_word' id='word_1_678' title='bbox 3303 3143 3539 3197; x_wconf 82' lang='lat' dir='ltr'><strong>vulneri-</strong></span> 
     </span>
    </p>
   </div>
   <div class='ocr_carea' id='block_1_91' title="bbox 1977 3236 3536 3303">
    <p class='ocr_par' dir='ltr' id='par_1_91' title="bbox 1977 3236 3536 3303">
     <span class='ocr_line' id='line_1_91' title="bbox 1977 3236 3536 3303; baseline -0.005 -7"><span class='ocrx_word' id='word_1_679' title='bbox 1977 3246 2081 3296; x_wconf 85' lang='lat' dir='ltr'><strong>bus</strong></span> <span class='ocrx_word' id='word_1_680' title='bbox 2115 3249 2364 3293; x_wconf 89' lang='lat' dir='ltr'><strong>mortuus</strong></span> <span class='ocrx_word' id='word_1_681' title='bbox 2403 3248 2507 3299; x_wconf 84' lang='lat' dir='ltr'><strong>est,</strong></span> <span class='ocrx_word' id='word_1_682' title='bbox 2545 3237 2637 3290; x_wconf 88' lang='lat' dir='ltr'><strong>sed</strong></span> <span class='ocrx_word' id='word_1_683' title='bbox 2679 3237 2842 3289; x_wconf 80' lang='lat' dir='ltr'><strong>etiam</strong></span> <span class='ocrx_word' id='word_1_684' title='bbox 2882 3236 3179 3297; x_wconf 75' lang='lat' dir='ltr'><strong>redivivus,</strong></span> <span class='ocrx_word' id='word_1_685' title='bbox 3213 3245 3266 3289; x_wconf 92' lang='lat' dir='ltr'><strong>et</strong></span> <span class='ocrx_word' id='word_1_686' title='bbox 3306 3249 3536 3303; x_wconf 87' lang='lat' dir='ltr'><strong>corpore</strong></span> 
     </span>
    </p>
   </div>
   <div class='ocr_carea' id='block_1_92' title="bbox 1973 3325 3537 3399">
    <p class='ocr_par' dir='ltr' id='par_1_92' title="bbox 1973 3325 3537 3399">
     <span class='ocr_line' id='line_1_92' title="bbox 1973 3325 3537 3399; baseline -0.003 -13"><span class='ocrx_word' id='word_1_687' title='bbox 1973 3334 2290 3399; x_wconf 85' lang='lat' dir='ltr'><strong>incorrupto</strong></span> <span class='ocrx_word' id='word_1_688' title='bbox 2312 3330 2547 3384; x_wconf 79' lang='lat' dir='ltr'><strong>excitato</strong></span> <span class='ocrx_word' id='word_1_689' title='bbox 2576 3328 2862 3381; x_wconf 87' lang='lat' dir='ltr'><strong>vulnerum</strong></span> <span class='ocrx_word' id='word_1_690' title='bbox 2891 3328 3081 3381; x_wconf 86' lang='lat' dir='ltr'><strong>borum</strong></span> <span class='ocrx_word' id='word_1_691' title='bbox 3109 3327 3331 3396; x_wconf 82' lang='lat' dir='ltr'><strong>vestigia</strong></span> <span class='ocrx_word' id='word_1_692' title='bbox 3359 3325 3537 3381; x_wconf 85' lang='lat' dir='ltr'><strong>adhuc</strong></span> 
     </span>
    </p>
   </div>
   <div class='ocr_carea' id='block_1_93' title="bbox 1967 3417 3533 3487">
    <p class='ocr_par' dir='ltr' id='par_1_93' title="bbox 1967 3417 3533 3487">
     <span class='ocr_line' id='line_1_93' title="bbox 1967 3417 3533 3487; baseline -0.005 -10"><span class='ocrx_word' id='word_1_693' title='bbox 1967 3432 2171 3484; x_wconf 82' lang='lat' dir='ltr'><strong>servat,</strong></span> <span class='ocrx_word' id='word_1_694' title='bbox 2204 3429 2257 3474; x_wconf 89' lang='lat' dir='ltr'><strong>et</strong></span> <span class='ocrx_word' id='word_1_695' title='bbox 2291 3435 2352 3474; x_wconf 89' lang='lat' dir='ltr'><strong>ea</strong></span> <span class='ocrx_word' id='word_1_696' title='bbox 2394 3420 2447 3472; x_wconf 89' lang='lat' dir='ltr'><strong>in</strong></span> <span class='ocrx_word' id='word_1_697' title='bbox 2480 3433 2708 3487; x_wconf 89' lang='lat' dir='ltr'><strong>corpore</strong></span> <span class='ocrx_word' id='word_1_698' title='bbox 2742 3433 2843 3471; x_wconf 86' lang='lat' dir='ltr'><strong>suo</strong></span> <span class='ocrx_word' id='word_1_699' title='bbox 2876 3427 3124 3486; x_wconf 83' lang='lat' dir='ltr'><strong>portans,</strong></span> <span class='ocrx_word' id='word_1_700' title='bbox 3165 3433 3286 3469; x_wconf 86' lang='lat' dir='ltr'><strong>cum</strong></span> <span class='ocrx_word' id='word_1_701' title='bbox 3342 3417 3533 3470; x_wconf 88' lang='lat' dir='ltr'><strong>iisdem</strong></span> 
     </span>
    </p>
   </div>
   <div class='ocr_carea' id='block_1_94' title="bbox 1971 3508 3532 3580">
    <p class='ocr_par' dir='ltr' id='par_1_94' title="bbox 1971 3508 3532 3580">
     <span class='ocr_line' id='line_1_94' title="bbox 1971 3508 3532 3580; baseline -0.005 -13"><span class='ocrx_word' id='word_1_702' title='bbox 1971 3517 2038 3568; x_wconf 83' lang='lat' dir='ltr'><strong>ab</strong></span> <span class='ocrx_word' id='word_1_703' title='bbox 2070 3514 2275 3579; x_wconf 76' lang='lat' dir='ltr'><strong>angelis</strong></span> <span class='ocrx_word' id='word_1_704' title='bbox 2305 3512 2656 3580; x_wconf 85' lang='lat' dir='ltr'><strong>conspicitur,</strong></span> <span class='ocrx_word' id='word_1_705' title='bbox 2677 3524 2846 3578; x_wconf 81' lang='lat' dir='ltr'><strong>eaque</strong></span> <span class='ocrx_word' id='word_1_706' title='bbox 2884 3510 2986 3562; x_wconf 88' lang='lat' dir='ltr'><strong>sibi</strong></span> <span class='ocrx_word' id='word_1_707' title='bbox 3014 3518 3333 3562; x_wconf 80' lang='lat' dir='ltr'><strong>ornamento</strong></span> <span class='ocrx_word' id='word_1_708' title='bbox 3361 3508 3532 3572; x_wconf 87' lang='lat' dir='ltr'><strong>ducit,</strong></span> 
     </span>
    </p>
   </div>
   <div class='ocr_carea' id='block_1_95' title="bbox 1969 3601 3536 3669">
    <p class='ocr_par' dir='ltr' id='par_1_95' title="bbox 1969 3601 3536 3669">
     <span class='ocr_line' id='line_1_95' title="bbox 1969 3601 3536 3669; baseline -0.004 -9"><span class='ocrx_word' id='word_1_709' title='bbox 1969 3616 2024 3660; x_wconf 90' lang='lat' dir='ltr'><strong>et</strong></span> <span class='ocrx_word' id='word_1_710' title='bbox 2051 3606 2268 3659; x_wconf 57' lang='lat' dir='ltr'><strong>laetatur</strong></span> <span class='ocrx_word' id='word_1_711' title='bbox 2302 3620 2423 3658; x_wconf 92' lang='lat' dir='ltr'><strong>cum</strong></span> <span class='ocrx_word' id='word_1_712' title='bbox 2467 3617 2525 3658; x_wconf 90' lang='lat' dir='ltr'><strong>se</strong></span> <span class='ocrx_word' id='word_1_713' title='bbox 2565 3603 2820 3656; x_wconf 89' lang='lat' dir='ltr'><strong>immania</strong></span> <span class='ocrx_word' id='word_1_714' title='bbox 2860 3617 2958 3669; x_wconf 89' lang='lat' dir='ltr'><strong>pro</strong></span> <span class='ocrx_word' id='word_1_715' title='bbox 2987 3601 3143 3653; x_wconf 86' lang='lat' dir='ltr'><strong>nobis</strong></span> <span class='ocrx_word' id='word_1_716' title='bbox 3172 3617 3392 3669; x_wconf 83' lang='lat' dir='ltr'><strong>passum</strong></span> <span class='ocrx_word' id='word_1_717' title='bbox 3435 3602 3536 3654; x_wconf 91' lang='lat' dir='ltr'><strong>hac</strong></span> 
     </span>
    </p>
   </div>
   <div class='ocr_carea' id='block_1_96' title="bbox 1973 3695 3537 3762">
    <p class='ocr_par' dir='ltr' id='par_1_96' title="bbox 1973 3695 3537 3762">
     <span class='ocr_line' id='line_1_96' title="bbox 1973 3695 3537 3762; baseline -0.003 -11"><span class='ocrx_word' id='word_1_718' title='bbox 1973 3699 2187 3751; x_wconf 82' lang='lat' dir='ltr'><strong>ratione</strong></span> <span class='ocrx_word' id='word_1_719' title='bbox 2220 3695 2486 3750; x_wconf 86' lang='lat' dir='ltr'><strong>ostendit.</strong></span> <span class='ocrx_word' id='word_1_720' title='bbox 2521 3697 2584 3748; x_wconf 83' lang='lat' dir='ltr'><strong>Et</strong></span> <span class='ocrx_word' id='word_1_721' title='bbox 2622 3697 2726 3748; x_wconf 86' lang='lat' dir='ltr'><strong>alia</strong></span> <span class='ocrx_word' id='word_1_722' title='bbox 2769 3695 2989 3762; x_wconf 89' lang='lat' dir='ltr'><strong>quidem</strong></span> <span class='ocrx_word' id='word_1_723' title='bbox 3029 3709 3377 3762; x_wconf 64' lang='lat' dir='ltr'><strong>quaecunque</strong></span> <span class='ocrx_word' id='word_1_724' title='bbox 3409 3702 3537 3747; x_wconf 88' lang='lat' dir='ltr'><strong>sunt</strong></span> 
     </span>
    </p>
   </div>
   <div class='ocr_carea' id='block_1_97' title="bbox 1972 3784 3532 3856">
    <p class='ocr_par' dir='ltr' id='par_1_97' title="bbox 1972 3784 3532 3856">
     <span class='ocr_line' id='line_1_97' title="bbox 1972 3784 3532 3856; baseline -0.005 -14"><span class='ocrx_word' id='word_1_725' title='bbox 1972 3788 2219 3856; x_wconf 78' lang='lat' dir='ltr'><strong>Corporis</strong></span> <span class='ocrx_word' id='word_1_726' title='bbox 2271 3787 2434 3856; x_wconf 88' lang='lat' dir='ltr'><strong>hujus</strong></span> <span class='ocrx_word' id='word_1_727' title='bbox 2469 3784 2689 3852; x_wconf 89' lang='lat' dir='ltr'><strong>abjecit,</strong></span> <span class='ocrx_word' id='word_1_728' title='bbox 2726 3785 2934 3838; x_wconf 83' lang='lat' dir='ltr'><strong>habens</strong></span> <span class='ocrx_word' id='word_1_729' title='bbox 2988 3799 3185 3851; x_wconf 81' lang='lat' dir='ltr'><strong>corpus</strong></span> <span class='ocrx_word' id='word_1_730' title='bbox 3230 3784 3532 3851; x_wconf 82' lang='lat' dir='ltr'><strong>spirituale,</strong></span> 
     </span>
    </p>
   </div>
   <div class='ocr_carea' id='block_1_98' title="bbox 1969 3875 3532 3950">
    <p class='ocr_par' dir='ltr' id='par_1_98' title="bbox 1969 3875 3532 3950">
     <span class='ocr_line' id='line_1_98' title="bbox 1969 3875 3532 3950; baseline -0.006 -14"><span class='ocrx_word' id='word_1_731' title='bbox 1969 3881 2025 3936; x_wconf 89' lang='lat' dir='ltr'><strong>in</strong></span> <span class='ocrx_word' id='word_1_732' title='bbox 2054 3896 2164 3950; x_wconf 87' lang='lat' dir='ltr'><strong>quo</strong></span> <span class='ocrx_word' id='word_1_733' title='bbox 2202 3893 2300 3933; x_wconf 87' lang='lat' dir='ltr'><strong>nec</strong></span> <span class='ocrx_word' id='word_1_734' title='bbox 2330 3877 2631 3946; x_wconf 79' lang='lat' dir='ltr'><strong>gravitatis,</strong></span> <span class='ocrx_word' id='word_1_735' title='bbox 2667 3891 2765 3928; x_wconf 91' lang='lat' dir='ltr'><strong>nec</strong></span> <span class='ocrx_word' id='word_1_736' title='bbox 2798 3877 3080 3943; x_wconf 89' lang='lat' dir='ltr'><strong>ponderis,</strong></span> <span class='ocrx_word' id='word_1_737' title='bbox 3106 3891 3206 3929; x_wconf 89' lang='lat' dir='ltr'><strong>nec</strong></span> <span class='ocrx_word' id='word_1_738' title='bbox 3237 3875 3532 3937; x_wconf 77' lang='lat' dir='ltr'><strong>crassitiei,</strong></span> 
     </span>
    </p>
   </div>
   <div class='ocr_carea' id='block_1_99' title="bbox 1969 3965 3530 4038">
    <p class='ocr_par' dir='ltr' id='par_1_99' title="bbox 1969 3965 3530 4038">
     <span class='ocr_line' id='line_1_99' title="bbox 1969 3965 3530 4038; baseline -0.005 -11"><span class='ocrx_word' id='word_1_739' title='bbox 1969 3988 2070 4027; x_wconf 88' lang='lat' dir='ltr'><strong>nec</strong></span> <span class='ocrx_word' id='word_1_740' title='bbox 2117 3971 2280 4024; x_wconf 91' lang='lat' dir='ltr'><strong>ullius</strong></span> <span class='ocrx_word' id='word_1_741' title='bbox 2326 3969 2551 4023; x_wconf 84' lang='lat' dir='ltr'><strong>alterius</strong></span> <span class='ocrx_word' id='word_1_742' title='bbox 2587 3966 2899 4038; x_wconf 83' lang='lat' dir='ltr'><strong>hujusmodi</strong></span> <span class='ocrx_word' id='word_1_743' title='bbox 2988 3965 3216 4021; x_wconf 71' lang='lat' dir='ltr'><strong>allectus</strong></span> <span class='ocrx_word' id='word_1_744' title='bbox 3285 3968 3530 4034; x_wconf 77' lang='lat' dir='ltr'><strong>corporei</strong></span> 
     </span>
    </p>
   </div>
   <div class='ocr_carea' id='block_1_100' title="bbox 1969 4061 3532 4130">
    <p class='ocr_par' dir='ltr' id='par_1_100' title="bbox 1969 4061 3532 4130">
     <span class='ocr_line' id='line_1_100' title="bbox 1969 4061 3532 4130; baseline -0.006 -11"><span class='ocrx_word' id='word_1_745' title='bbox 1969 4066 2220 4120; x_wconf 86' lang='lat' dir='ltr'><strong>relictum</strong></span> <span class='ocrx_word' id='word_1_746' title='bbox 2258 4071 2383 4128; x_wconf 91' lang='lat' dir='ltr'><strong>est;</strong></span> <span class='ocrx_word' id='word_1_747' title='bbox 2418 4071 2580 4115; x_wconf 85' lang='lat' dir='ltr'><strong>notas</strong></span> <span class='ocrx_word' id='word_1_748' title='bbox 2618 4062 2901 4114; x_wconf 82' lang='lat' dir='ltr'><strong>vulnerum</strong></span> <span class='ocrx_word' id='word_1_749' title='bbox 2939 4073 3283 4128; x_wconf 84' lang='lat' dir='ltr'><strong>nequaquam</strong></span> <span class='ocrx_word' id='word_1_750' title='bbox 3317 4061 3532 4130; x_wconf 83' lang='lat' dir='ltr'><strong>abjecit,</strong></span> 
     </span>
    </p>
   </div>
   <div class='ocr_carea' id='block_1_101' title="bbox 1971 4141 3534 4225">
    <p class='ocr_par' dir='ltr' id='par_1_101' title="bbox 1971 4141 3534 4225">
     <span class='ocr_line' id='line_1_101' title="bbox 1971 4141 3534 4225; baseline -0.004 -14"><span class='ocrx_word' id='word_1_751' title='bbox 1971 4173 2070 4211; x_wconf 89' lang='lat' dir='ltr'><strong>nec</strong></span> <span class='ocrx_word' id='word_1_752' title='bbox 2105 4157 2222 4225; x_wconf 89' lang='lat' dir='ltr'><strong>ipsa</strong></span> <span class='ocrx_word' id='word_1_753' title='bbox 2252 4169 2477 4224; x_wconf 86' lang='lat' dir='ltr'><strong>prorsus</strong></span> <span class='ocrx_word' id='word_1_754' title='bbox 2503 4153 2740 4213; x_wconf 78' lang='lat' dir='ltr'><strong>extrivit,</strong></span> <span class='ocrx_word' id='word_1_755' title='bbox 2776 4150 2867 4205; x_wconf 87' lang='lat' dir='ltr'><strong>sed</strong></span> <span class='ocrx_word' id='word_1_756' title='bbox 2900 4159 3118 4220; x_wconf 89' lang='lat' dir='ltr'><strong>propter</strong></span> <span class='ocrx_word' id='word_1_757' title='bbox 3137 4167 3374 4204; x_wconf 85' lang='lat' dir='ltr'><strong>amorem</strong></span> <span class='ocrx_word' id='word_1_758' title='bbox 3395 4141 3534 4220; x_wconf 66' lang='grc' dir='ltr'>ἐι-εει</span> 
     </span>
    </p>
   </div>
   <div class='ocr_carea' id='block_1_102' title="bbox 1972 4241 3536 4302">
    <p class='ocr_par' dir='ltr' id='par_1_102' title="bbox 1972 4241 3536 4302">
     <span class='ocr_line' id='line_1_102' title="bbox 1972 4241 3536 4302; baseline -0.006 0"><span class='ocrx_word' id='word_1_759' title='bbox 1972 4249 2246 4302; x_wconf 87' lang='lat' dir='ltr'><strong>hominem</strong></span> <span class='ocrx_word' id='word_1_760' title='bbox 2283 4261 2345 4299; x_wconf 89' lang='lat' dir='ltr'><strong>ea</strong></span> <span class='ocrx_word' id='word_1_761' title='bbox 2379 4245 2486 4300; x_wconf 84' lang='lat' dir='ltr'><strong>sibi</strong></span> <span class='ocrx_word' id='word_1_762' title='bbox 2557 4243 2788 4296; x_wconf 85' lang='lat' dir='ltr'><strong>amanda</strong></span> <span class='ocrx_word' id='word_1_763' title='bbox 2840 4250 2894 4295; x_wconf 92' lang='lat' dir='ltr'><strong>et</strong></span> <span class='ocrx_word' id='word_1_764' title='bbox 2931 4242 3206 4295; x_wconf 87' lang='lat' dir='ltr'><strong>retinenda</strong></span> <span class='ocrx_word' id='word_1_765' title='bbox 3263 4241 3536 4295; x_wconf 78' lang='lat' dir='ltr'><strong>existinm-</strong></span> 
     </span>
    </p>
   </div>
   <div class='ocr_carea' id='block_1_103' title="bbox 1970 4335 3534 4409">
    <p class='ocr_par' dir='ltr' id='par_1_103' title="bbox 1970 4335 3534 4409">
     <span class='ocr_line' id='line_1_103' title="bbox 1970 4335 3534 4409; baseline -0.004 -14"><span class='ocrx_word' id='word_1_766' title='bbox 1970 4342 2050 4395; x_wconf 89' lang='lat' dir='ltr'><strong>vit</strong></span> <span class='ocrx_word' id='word_1_767' title='bbox 2082 4358 2096 4395; x_wconf 88' lang='lat'><strong>:</strong></span> <span class='ocrx_word' id='word_1_768' title='bbox 2127 4341 2252 4409; x_wconf 88' lang='lat' dir='ltr'><strong>quia</strong></span> <span class='ocrx_word' id='word_1_769' title='bbox 2290 4353 2388 4409; x_wconf 90' lang='lat' dir='ltr'><strong>per</strong></span> <span class='ocrx_word' id='word_1_770' title='bbox 2427 4338 2541 4392; x_wconf 65' lang='lat' dir='ltr'><strong>haec</strong></span> <span class='ocrx_word' id='word_1_771' title='bbox 2565 4339 2834 4406; x_wconf 87' lang='lat' dir='ltr'><strong>perditum</strong></span> <span class='ocrx_word' id='word_1_772' title='bbox 2874 4335 3099 4396; x_wconf 87' lang='lat' dir='ltr'><strong>invenit,</strong></span> <span class='ocrx_word' id='word_1_773' title='bbox 3136 4344 3188 4388; x_wconf 86' lang='lat' dir='ltr'><strong>et</strong></span> <span class='ocrx_word' id='word_1_774' title='bbox 3219 4335 3534 4389; x_wconf 82' lang='lat' dir='ltr'><strong>vulneratus</strong></span> 
     </span>
    </p>
   </div>
   <div class='ocr_carea' id='block_1_104' title="bbox 1974 4429 3538 4504">
    <p class='ocr_par' dir='ltr' id='par_1_104' title="bbox 1974 4429 3538 4504">
     <span class='ocr_line' id='line_1_104' title="bbox 1974 4429 3538 4504; baseline -0.006 -14"><span class='ocrx_word' id='word_1_775' title='bbox 1974 4435 2118 4504; x_wconf 87' lang='lat' dir='ltr'><strong>cepit</strong></span> <span class='ocrx_word' id='word_1_776' title='bbox 2169 4448 2328 4502; x_wconf 89' lang='lat' dir='ltr'><strong>quem</strong></span> <span class='ocrx_word' id='word_1_777' title='bbox 2367 4433 2604 4487; x_wconf 81' lang='lat' dir='ltr'><strong>amabat.</strong></span> <span class='ocrx_word' id='word_1_778' title='bbox 2659 4431 2780 4484; x_wconf 85' lang='lat' dir='ltr'><strong>Alia</strong></span> <span class='ocrx_word' id='word_1_779' title='bbox 2811 4429 2955 4483; x_wconf 88' lang='lat' dir='ltr'><strong>enim</strong></span> <span class='ocrx_word' id='word_1_780' title='bbox 3006 4429 3073 4484; x_wconf 89' lang='lat' dir='ltr'><strong>de</strong></span> <span class='ocrx_word' id='word_1_781' title='bbox 3122 4443 3286 4483; x_wconf 84' lang='lat' dir='ltr'><strong>causa</strong></span> <span class='ocrx_word' id='word_1_782' title='bbox 3359 4430 3538 4482; x_wconf 84' lang='lat' dir='ltr'><strong>adhuc</strong></span> 
     </span>
    </p>
   </div>
   <div class='ocr_carea' id='block_1_105' title="bbox 1974 4520 3540 4588">
    <p class='ocr_par' dir='ltr' id='par_1_105' title="bbox 1974 4520 3540 4588">
     <span class='ocr_line' id='line_1_105' title="bbox 1974 4520 3540 4588; baseline -0.005 -8"><span class='ocrx_word' id='word_1_783' title='bbox 1974 4535 2230 4580; x_wconf 88' lang='lat' dir='ltr'><strong>constare</strong></span> <span class='ocrx_word' id='word_1_784' title='bbox 2271 4524 2556 4577; x_wconf 84' lang='lat' dir='ltr'><strong>vulnerum</strong></span> <span class='ocrx_word' id='word_1_785' title='bbox 2591 4522 2925 4575; x_wconf 88' lang='lat' dir='ltr'><strong>monimenta</strong></span> <span class='ocrx_word' id='word_1_786' title='bbox 2957 4521 3012 4573; x_wconf 90' lang='lat' dir='ltr'><strong>in</strong></span> <span class='ocrx_word' id='word_1_787' title='bbox 3041 4533 3274 4588; x_wconf 85' lang='lat' dir='ltr'><strong>corpore</strong></span> <span class='ocrx_word' id='word_1_788' title='bbox 3317 4520 3540 4572; x_wconf 87' lang='lat' dir='ltr'><strong>immor-</strong></span> 
     </span>
    </p>
   </div>
   <div class='ocr_carea' id='block_1_106' title="bbox 1973 4609 3540 4684">
    <p class='ocr_par' dir='ltr' id='par_1_106' title="bbox 1973 4609 3540 4684">
     <span class='ocr_line' id='line_1_106' title="bbox 1973 4609 3540 4684; baseline -0.006 -16"><span class='ocrx_word' id='word_1_789' title='bbox 1973 4616 2067 4669; x_wconf 87' lang='lat' dir='ltr'><strong>tali</strong></span> <span class='ocrx_word' id='word_1_790' title='bbox 2103 4613 2378 4684; x_wconf 82' lang='lat' dir='ltr'><strong>quomodo</strong></span> <span class='ocrx_word' id='word_1_791' title='bbox 2420 4623 2844 4667; x_wconf 86' lang='lat' dir='ltr'><strong>consentaneum</strong></span> <span class='ocrx_word' id='word_1_792' title='bbox 2893 4611 3107 4672; x_wconf 73' lang='lat' dir='ltr'><strong>fuisset,</strong></span> <span class='ocrx_word' id='word_1_793' title='bbox 3159 4625 3282 4661; x_wconf 90' lang='lat' dir='ltr'><strong>cum</strong></span> <span class='ocrx_word' id='word_1_794' title='bbox 3332 4624 3391 4661; x_wconf 90' lang='lat' dir='ltr'><strong>ea</strong></span> <span class='ocrx_word' id='word_1_795' title='bbox 3437 4609 3540 4661; x_wconf 86' lang='lat' dir='ltr'><strong>ali-</strong></span> 
     </span>
    </p>
   </div>
   <div class='ocr_carea' id='block_1_107' title="bbox 1971 4700 3541 4776">
    <p class='ocr_par' dir='ltr' id='par_1_107' title="bbox 1971 4700 3541 4776">
     <span class='ocr_line' id='line_1_107' title="bbox 1971 4700 3541 4776; baseline -0.004 -16"><span class='ocrx_word' id='word_1_796' title='bbox 1971 4707 2192 4776; x_wconf 88' lang='lat' dir='ltr'><strong>quando</strong></span> <span class='ocrx_word' id='word_1_797' title='bbox 2226 4705 2634 4758; x_wconf 85' lang='lat' dir='ltr'><strong>inmortalibus</strong></span> <span class='ocrx_word' id='word_1_798' title='bbox 2672 4713 2726 4756; x_wconf 90' lang='lat' dir='ltr'><strong>et</strong></span> <span class='ocrx_word' id='word_1_799' title='bbox 2776 4701 3017 4755; x_wconf 88' lang='lat' dir='ltr'><strong>interitui</strong></span> <span class='ocrx_word' id='word_1_800' title='bbox 3063 4700 3325 4766; x_wconf 88' lang='lat' dir='ltr'><strong>subjectis</strong></span> <span class='ocrx_word' id='word_1_801' title='bbox 3355 4715 3446 4754; x_wconf 86' lang='lat' dir='ltr'><strong>ars</strong></span> <span class='ocrx_word' id='word_1_802' title='bbox 3485 4711 3541 4755; x_wconf 80' lang='lat' dir='ltr'><strong>et</strong></span> 
     </span>
    </p>
   </div>
   <div class='ocr_carea' id='block_1_108' title="bbox 1973 4791 3538 4864">
    <p class='ocr_par' dir='ltr' id='par_1_108' title="bbox 1973 4791 3538 4864">
     <span class='ocr_line' id='line_1_108' title="bbox 1973 4791 3538 4864; baseline -0.004 -12"><span class='ocrx_word' id='word_1_803' title='bbox 1973 4808 2164 4852; x_wconf 90' lang='lat' dir='ltr'><strong>natura</strong></span> <span class='ocrx_word' id='word_1_804' title='bbox 2191 4797 2466 4850; x_wconf 85' lang='lat' dir='ltr'><strong>obducant</strong></span> <span class='ocrx_word' id='word_1_805' title='bbox 2488 4805 2649 4864; x_wconf 86' lang='lat' dir='ltr'><strong>atque</strong></span> <span class='ocrx_word' id='word_1_806' title='bbox 2675 4792 2928 4847; x_wconf 85' lang='lat' dir='ltr'><strong>deleant?</strong></span> <span class='ocrx_word' id='word_1_807' title='bbox 2957 4791 3175 4854; x_wconf 81' lang='lat' dir='ltr'><strong>Verum,</strong></span> <span class='ocrx_word' id='word_1_808' title='bbox 3201 4801 3258 4844; x_wconf 92' lang='lat' dir='ltr'><strong>ut</strong></span> <span class='ocrx_word' id='word_1_809' title='bbox 3288 4803 3538 4862; x_wconf 72' lang='lat' dir='ltr'><strong>apparet,</strong></span> 
     </span>
    </p>
   </div>
   <div class='ocr_carea' id='block_1_109' title="bbox 1975 4884 3537 4956">
    <p class='ocr_par' dir='ltr' id='par_1_109' title="bbox 1975 4884 3537 4956">
     <span class='ocr_line' id='line_1_109' title="bbox 1975 4884 3537 4956; baseline -0.004 -16"><span class='ocrx_word' id='word_1_810' title='bbox 1975 4903 2075 4956; x_wconf 88' lang='lat' dir='ltr'><strong>pro</strong></span> <span class='ocrx_word' id='word_1_811' title='bbox 2124 4888 2284 4942; x_wconf 86' lang='lat' dir='ltr'><strong>nobis</strong></span> <span class='ocrx_word' id='word_1_812' title='bbox 2332 4887 2534 4956; x_wconf 84' lang='lat' dir='ltr'><strong>saepius</strong></span> <span class='ocrx_word' id='word_1_813' title='bbox 2563 4886 2868 4939; x_wconf 77' lang='lat' dir='ltr'><strong>excruciari</strong></span> <span class='ocrx_word' id='word_1_814' title='bbox 2906 4884 3196 4952; x_wconf 87' lang='lat' dir='ltr'><strong>cupiebat:</strong></span> <span class='ocrx_word' id='word_1_815' title='bbox 3227 4884 3368 4952; x_wconf 90' lang='lat' dir='ltr'><strong>quod</strong></span> <span class='ocrx_word' id='word_1_816' title='bbox 3408 4884 3537 4952; x_wconf 80' lang='lat' dir='ltr'><strong>quia</strong></span> 
     </span>
    </p>
   </div>
   <div class='ocr_carea' id='block_1_110' title="bbox 1976 4974 3537 5049">
    <p class='ocr_par' dir='ltr' id='par_1_110' title="bbox 1976 4974 3537 5049">
     <span class='ocr_line' id='line_1_110' title="bbox 1976 4974 3537 5049; baseline -0.005 -16"><span class='ocrx_word' id='word_1_817' title='bbox 1976 4995 2086 5034; x_wconf 90' lang='lat' dir='ltr'><strong>non</strong></span> <span class='ocrx_word' id='word_1_818' title='bbox 2117 4990 2351 5048; x_wconf 86' lang='lat' dir='ltr'><strong>poterat,</strong></span> <span class='ocrx_word' id='word_1_819' title='bbox 2377 4980 2522 5049; x_wconf 90' lang='lat' dir='ltr'><strong>quod</strong></span> <span class='ocrx_word' id='word_1_820' title='bbox 2557 4993 2757 5047; x_wconf 87' lang='lat' dir='ltr'><strong>corpus</strong></span> <span class='ocrx_word' id='word_1_821' title='bbox 2788 4977 2905 5047; x_wconf 85' lang='lat' dir='ltr'><strong>ejus</strong></span> <span class='ocrx_word' id='word_1_822' title='bbox 2933 4977 3340 5044; x_wconf 85' lang='lat' dir='ltr'><strong>corruptionem</strong></span> <span class='ocrx_word' id='word_1_823' title='bbox 3374 4974 3537 5028; x_wconf 87' lang='lat' dir='ltr'><strong>semel</strong></span> 
     </span>
    </p>
   </div>
   <div class='ocr_carea' id='block_1_111' title="bbox 1977 5068 3580 5139">
    <p class='ocr_par' dir='ltr' id='par_1_111' title="bbox 1977 5068 3580 5139">
     <span class='ocr_line' id='line_1_111' title="bbox 1977 5068 3580 5139; baseline -0.004 -16"><span class='ocrx_word' id='word_1_824' title='bbox 1977 5071 2284 5139; x_wconf 78' lang='lat' dir='ltr'><strong>eﬂugisset,</strong></span> <span class='ocrx_word' id='word_1_825' title='bbox 2319 5083 2370 5126; x_wconf 86' lang='lat' dir='ltr'><strong>et</strong></span> <span class='ocrx_word' id='word_1_826' title='bbox 2404 5070 2565 5125; x_wconf 88' lang='lat' dir='ltr'><strong>simul</strong></span> <span class='ocrx_word' id='word_1_827' title='bbox 2599 5071 2941 5138; x_wconf 89' lang='lat' dir='ltr'><strong>percussuris</strong></span> <span class='ocrx_word' id='word_1_828' title='bbox 2973 5084 3030 5122; x_wconf 85' lang='lat' dir='ltr'><strong>se</strong></span> <span class='ocrx_word' id='word_1_829' title='bbox 3063 5068 3382 5120; x_wconf 81' lang='lat' dir='ltr'><strong>hominibus</strong></span> <span class='ocrx_word' id='word_1_830' title='bbox 3411 5081 3539 5131; x_wconf 85' lang='lat' dir='ltr'><strong>par-</strong></span> <span class='ocrx_word' id='word_1_831' title='bbox 3571 5105 3580 5108; x_wconf 90' lang='lat'><strong>-</strong></span> 
     </span>
    </p>
   </div>
   <div class='ocr_carea' id='block_1_112' title="bbox 1979 5159 3545 5226">
    <p class='ocr_par' dir='ltr' id='par_1_112' title="bbox 1979 5159 3545 5226">
     <span class='ocr_line' id='line_1_112' title="bbox 1979 5159 3545 5226; baseline -0.007 -11"><span class='ocrx_word' id='word_1_832' title='bbox 1979 5175 2104 5215; x_wconf 88' lang='lat' dir='ltr'><strong>cere</strong></span> <span class='ocrx_word' id='word_1_833' title='bbox 2135 5163 2343 5226; x_wconf 89' lang='lat' dir='ltr'><strong>volens,</strong></span> <span class='ocrx_word' id='word_1_834' title='bbox 2372 5164 2561 5217; x_wconf 86' lang='lat' dir='ltr'><strong>saltem</strong></span> <span class='ocrx_word' id='word_1_835' title='bbox 2591 5171 2747 5215; x_wconf 77' lang='lat' dir='ltr'><strong>natas</strong></span> <span class='ocrx_word' id='word_1_836' title='bbox 2772 5175 2884 5214; x_wconf 64' lang='lat' dir='ltr'><strong>suae</strong></span> <span class='ocrx_word' id='word_1_837' title='bbox 2913 5159 3060 5214; x_wconf 88' lang='lat' dir='ltr'><strong>necis</strong></span> <span class='ocrx_word' id='word_1_838' title='bbox 3083 5159 3135 5211; x_wconf 93' lang='lat' dir='ltr'><strong>in</strong></span> <span class='ocrx_word' id='word_1_839' title='bbox 3169 5171 3397 5225; x_wconf 88' lang='lat' dir='ltr'><strong>corpore</strong></span> <span class='ocrx_word' id='word_1_840' title='bbox 3424 5169 3545 5206; x_wconf 85' lang='lat' dir='ltr'><strong>ser-</strong></span> 
     </span>
    </p>
   </div>
   <div class='ocr_carea' id='block_1_113' title="bbox 1976 5242 3538 5324">
    <p class='ocr_par' dir='ltr' id='par_1_113' title="bbox 1976 5242 3538 5324">
     <span class='ocr_line' id='line_1_113' title="bbox 1976 5242 3538 5324; baseline -0.008 -17"><span class='ocrx_word' id='word_1_841' title='bbox 1976 5255 2203 5318; x_wconf 90' lang='lat' dir='ltr'><strong>vandas,</strong></span> <span class='ocrx_word' id='word_1_842' title='bbox 2251 5264 2307 5308; x_wconf 80' lang='lat' dir='ltr'><strong>et</strong></span> <span class='ocrx_word' id='word_1_843' title='bbox 2350 5253 2581 5324; x_wconf 79' lang='lat' dir='ltr'><strong>vestigia</strong></span> <span class='ocrx_word' id='word_1_844' title='bbox 2636 5253 2945 5316; x_wconf 89' lang='lat' dir='ltr'><strong>vulnerum,</strong></span> <span class='ocrx_word' id='word_1_845' title='bbox 3003 5265 3125 5318; x_wconf 66' lang='lat' dir='ltr'><strong>qua)</strong></span> <span class='ocrx_word' id='word_1_846' title='bbox 3172 5248 3336 5303; x_wconf 89' lang='lat' dir='ltr'><strong>semel</strong></span> <span class='ocrx_word' id='word_1_847' title='bbox 3386 5242 3538 5297; x_wconf 89' lang='lat' dir='ltr'><strong>cruci</strong></span> 
     </span>
    </p>
   </div>
   <div class='ocr_carea' id='block_1_114' title="bbox 1979 5337 3530 5414">
    <p class='ocr_par' dir='ltr' id='par_1_114' title="bbox 1979 5337 3530 5414">
     <span class='ocr_line' id='line_1_114' title="bbox 1979 5337 3530 5414; baseline -0.011 -11"><span class='ocrx_word' id='word_1_848' title='bbox 1979 5346 2170 5403; x_wconf 78' lang='lat' dir='ltr'><strong>aﬂlxus</strong></span> <span class='ocrx_word' id='word_1_849' title='bbox 2199 5346 2520 5414; x_wconf 83' lang='lat' dir='ltr'><strong>accepisset,</strong></span> <span class='ocrx_word' id='word_1_850' title='bbox 2562 5346 2838 5414; x_wconf 84' lang='lat' dir='ltr'><strong>perpetuis</strong></span> <span class='ocrx_word' id='word_1_851' title='bbox 2874 5342 3090 5396; x_wconf 51' lang='lat' dir='ltr'><strong>sreculis</strong></span> <span class='ocrx_word' id='word_1_852' title='bbox 3114 5337 3370 5407; x_wconf 80' lang='lat' dir='ltr'><strong>gestanda</strong></span> <span class='ocrx_word' id='word_1_853' title='bbox 3403 5350 3530 5387; x_wconf 85' lang='lat' dir='ltr'><strong>cen-</strong></span> 
     </span>
    </p>
   </div>
   <div class='ocr_carea' id='block_1_115' title="bbox 1981 5427 3536 5506">
    <p class='ocr_par' dir='ltr' id='par_1_115' title="bbox 1981 5427 3536 5506">
     <span class='ocr_line' id='line_1_115' title="bbox 1981 5427 3536 5506; baseline -0.012 -10"><span class='ocrx_word' id='word_1_854' title='bbox 1981 5440 2090 5496; x_wconf 86' lang='lat' dir='ltr'><strong>suit</strong></span> <span class='ocrx_word' id='word_1_855' title='bbox 2127 5455 2142 5492; x_wconf 92' lang='lat'><strong>:</strong></span> <span class='ocrx_word' id='word_1_856' title='bbox 2176 5449 2233 5492; x_wconf 91' lang='lat' dir='ltr'><strong>ut</strong></span> <span class='ocrx_word' id='word_1_857' title='bbox 2279 5445 2492 5506; x_wconf 85' lang='lat' dir='ltr'><strong>pateret</strong></span> <span class='ocrx_word' id='word_1_858' title='bbox 2523 5438 2796 5498; x_wconf 86' lang='lat' dir='ltr'><strong>omnibus,</strong></span> <span class='ocrx_word' id='word_1_859' title='bbox 2835 5449 2933 5503; x_wconf 89' lang='lat' dir='ltr'><strong>pro</strong></span> <span class='ocrx_word' id='word_1_860' title='bbox 2972 5432 3143 5487; x_wconf 88' lang='lat' dir='ltr'><strong>servis</strong></span> <span class='ocrx_word' id='word_1_861' title='bbox 3186 5427 3536 5488; x_wconf 72' lang='lat' dir='ltr'><strong>cruciﬁxum,</strong></span> 
     </span>
    </p>
   </div>
   <div class='ocr_carea' id='block_1_116' title="bbox 1977 5527 3536 5595">
    <p class='ocr_par' dir='ltr' id='par_1_116' title="bbox 1977 5527 3536 5595">
     <span class='ocr_line' id='line_1_116' title="bbox 1977 5527 3536 5595; baseline -0.01 -9"><span class='ocrx_word' id='word_1_862' title='bbox 1977 5542 2031 5587; x_wconf 87' lang='lat' dir='ltr'><strong>et</strong></span> <span class='ocrx_word' id='word_1_863' title='bbox 2057 5533 2245 5586; x_wconf 83' lang='lat' dir='ltr'><strong>lancea</strong></span> <span class='ocrx_word' id='word_1_864' title='bbox 2292 5531 2432 5585; x_wconf 87' lang='lat' dir='ltr'><strong>latus</strong></span> <span class='ocrx_word' id='word_1_865' title='bbox 2468 5529 2572 5584; x_wconf 86' lang='lat' dir='ltr'><strong>sibi</strong></span> <span class='ocrx_word' id='word_1_866' title='bbox 2605 5528 2820 5584; x_wconf 85' lang='lat' dir='ltr'><strong>eminus</strong></span> <span class='ocrx_word' id='word_1_867' title='bbox 2867 5533 3114 5595; x_wconf 87' lang='lat' dir='ltr'><strong>apertum</strong></span> <span class='ocrx_word' id='word_1_868' title='bbox 3146 5533 3289 5587; x_wconf 85' lang='lat' dir='ltr'><strong>esse,</strong></span> <span class='ocrx_word' id='word_1_869' title='bbox 3322 5527 3377 5574; x_wconf 84' lang='lat' dir='ltr'><strong>ct</strong></span> <span class='ocrx_word' id='word_1_870' title='bbox 3411 5531 3536 5574; x_wconf 82' lang='lat' dir='ltr'><strong>cum</strong></span> 
     </span>
    </p>
   </div>
  </div>
