3982 6208
433 264 546 335 64⁸1

1691 257 2008 344 ΝΙΟΟῙιΙΑῙ
2047 253 2442 318 ΟᾹΒΑΞΙῙΔΞ

3588 241 3699 315 6t8

438 378 731 452 splendore
769 375 860 432 illo
883 373 1141 432 inen‘abili
1170 373 1333 427 etiam
1369 371 1488 426 haec
1531 384 1709 442 regem
1740 342 2005 426 condeco-

2117 383 2253 433 ποςς
2287 366 2370 430 τίς
2399 363 2546 419 οὕτω
2587 364 2773 436 μήτηρ
2812 342 3169 435 φιλόστοργος
3203 363 3236 436 ἢ
3271 362 3454 434 πατὴρ
3485 365 3699 434 φιλότε-

439 478 650 525 rarent.
683 467 827 534 Quid
854 483 982 522 cum
1017 467 1122 520 hoc
1147 477 1338 518 amore
1366 462 1852 531 comparabimus!
1877 461 2010 530 quid

437 562 695 616 similiter
719 558 1014 628 aliquando
1036 555 1225 610 dilexit
1253 555 1417 608 homo
1441 553 1464 606 ?
1496 553 1629 619 Quae
1667 561 1846 607 mater
1895 561 2009 606 tam

435 662 646 716 tenere,
679 661 734 706 et
757 651 1008 704 ardenter
1032 663 1098 701 ex
1125 661 1185 701 se
1226 645 1444 715 genitos
1470 661 1487 709 ;
1527 644 1654 713 quis
1684 653 1839 714 pater
1870 643 2010 698 adeo

437 746 759 814 complexus
781 753 867 797 est
911 741 1186 795 ﬁlios?aut
1223 741 1345 808 quis
1372 738 1593 792 tandem
1636 737 2008 807 quodcunque

439 834 643 886 bonum
674 843 780 885 tam
815 831 1009 886 insano
1038 845 1230 885 amore
1275 839 1360 884 est
1393 837 1738 899 prosecutus,
1785 837 1846 882 ut
1882 840 2012 897 pro-

436 934 626 991 pter-ea
649 923 792 991 quod
819 923 1096 990 diligebat,
1119 923 1172 975 id
1197 936 1356 991 aequo
1380 921 1562 974 animo
1586 936 1695 975 non
1718 918 2013 975 sustineret

437 1013 638 1074 solum,
671 1023 721 1066 et
749 1028 993 1067 antorem
1025 1029 1185 1066 suum
1207 1027 1336 1082 erga
1360 1014 1638 1082 ingratum
1687 1027 1795 1066 non
1831 1023 2014 1065 muta-

436 1115 542 1166 ret.
562 1105 660 1160 sed
687 1106 802 1173 ipsa
831 1120 1046 1174 quoque
1069 1105 1290 1158 vulnera
1315 1105 1536 1158 maximi
1562 1104 1764 1159 faceret
1781 1105 1803 1158 ἲ
1823 1103 2013 1170 Quan-

434 1213 598 1264 quam
645 1198 760 1251 haec
782 1213 887 1250 non
912 1209 1118 1252 tantum
1149 1197 1397 1267 impense
1417 1198 1684 1261 amantis,
1723 1199 1818 1253 sed
1844 1199 2014 1253 mira-

435 1289 618 1343 biliter
680 1291 846 1344 etiam
914 1291 1234 1344 honoraritis
1316 1299 1470 1354 sunt,
1519 1290 1794 1360 siquidem
1869 1293 2013 1347 istuc

432 1379 634 1433 summi
697 1380 926 1434 honoris
985 1389 1094 1444 est,
1144 1393 1358 1450 natura:
1410 1393 1614 1437 nostra
1666 1382 2011 1438 inﬁrmitates

435 1489 545 1526 non
576 1473 1041 1537 crubescere,sed
1079 1489 1203 1528 cum
1243 1475 1376 1542 ipsis
1415 1475 1701 1528 vulnerum
1745 1475 2008 1538 vestigiis,

431 1581 559 1634 quae
604 1576 664 1619 ut
704 1567 913 1621 homini
957 1576 1012 1621 et
1061 1568 1278 1620 inlirme
1325 1567 1697 1636 contigerunt,
1743 1567 1797 1620 in
1841 1567 2010 1636 regali

433 1659 633 1713 throno
673 1659 982 1713 considere.
1037 1656 1227 1727 Neque
1272 1673 1404 1712 vero
1442 1666 1696 1712 naturam
1756 1658 2012 1712 universe

2113 459 2336 530 κνοςςῆ
2381 458 2467 521 τίς
2512 457 2624 514 τῶν
2668 457 2854 511 καλῶν
2907 457 3222 511 οὑτινοσοῦν
3272 457 3448 522 οὕτως
3502 459 3698 514 ἔλασεν

2107 556 2296 626 ἔρωτα
2319 555 2572 626 μανικὸν,
2597 553 2742 608 ὥστε
2767 554 2850 606 ότι
2873 554 3021 622 φιλεῖ
3044 553 3174 621 παρ’
3199 553 3365 606 αὐτοῦ
3392 553 3485 607 τοῦ
3513 555 3700 627 φιλου-

2114 648 2282 715 μένου
2316 646 2547 717 πληγεὶς
2567 647 2672 699 οὐκ
2690 645 3030 716 ἀνασχέσθαι
3058 645 3221 715 μόνον
3241 645 3364 699 οὐδὲ
3386 646 3446 700 τὸ
3476 650 3697 720 φίλτρον

2111 735 2196 789 ἔτι
2227 738 2356 808 περὶ
2399 739 2491 790 τὸν
2525 738 2818 807 ἀγνώμονα
2850 734 3067 800 σώζειν,
3104 737 3242 790 ἀλλὰ
3284 739 3377 791 καὶ
3412 740 3553 796 αύτά
3601 743 3695 798 τοῦ

2115 835 2322 891 παντὸς
2346 829 2598 898 ἡγεῖσθαι
2623 829 2693 881 τὰ
2717 827 3010 898 τραύματα
3033 845 3048 892 ;
3077 829 3267 881 Καίτοι
3295 830 3467 884 ταῦτα
3492 834 3694 901 γένοιτ’

2110 920 2181 974 ἂν
2209 921 2272 972 οὐ
2312 921 2596 989 φιλοῦντος
2633 921 2817 989 μόνον,
2851 920 2984 973 ἀλλὰ
3035 919 3131 972 καὶ
3164 923 3369 992 σφόδρα
3401 926 3694 994 τιμῶντος,

2112 1016 2162 1066 εἰ
2193 1013 2257 1082 δὴ
2290 1013 2390 1082 τῆς
2423 1013 2659 1082 ἐσχάτης
2691 1011 2850 1065 τοῦτο
2878 1014 3068 1082 τιμῆς,
3104 1013 3164 1064 τὸ
3193 1015 3332 1084 μηδὲ
3361 1020 3474 1079 τοῖς
3510 1019 3692 1089 appo-

2112 1109 2356 1177 στήμασι
2390 1107 2488 1173 τῆς
2519 1105 2734 1173 φύσεως
2767 1106 3220 1174 ἐπαισχύνεσθαι,
3251 1109 3386 1160 ἀλλὰ
3414 1111 3554 1176 μετὰ
3588 1113 3696 1164 τῶν

2112 1200 2423 1270 μωλώπων,
2449 1194 2523 1250 ὧν
2551 1199 2651 1267 τῆς
2680 1198 3031 1267 ἀνθρωπίνης
3064 1199 3506 1270 ἐκληρονόμησεν
3535 1205 3694 1258 ἀσθε-

2113 1290 2281 1354 νείας,
2317 1291 2409 1342 ἐπὶ
2458 1289 2551 1341 τοῦ
2599 1289 2880 1358 βασιλείου
2909 1288 3184 1359 καθῆσθαι
3213 1289 3406 1358 θρόνου
3433 1308 3445 1322 ·
3488 1293 3582 1345 καὶ
3631 1297 3693 1347 ού

2111 1382 2212 1451 τὴν
2243 1380 2405 1444 φύσιν
2435 1381 2537 1449 μὲν
2580 1381 2858 1433 τοσούτων
2889 1381 3114 1450 ἠξίωσε,
3168 1383 3297 1444 τοὺς
3355 1382 3480 1435 καθ’
3512 1383 3610 1436 ἕνα
3639 1384 3696 1436 δὲ

2115 1475 2410 1546 περιεῖδεν,
2440 1471 2562 1527 ἀλλ’
2588 1472 2682 1526 ἐπὶ
2712 1474 2774 1526 τὸ
2803 1475 3045 1544 διάδημα
3074 1473 3234 1527 τοῦτο
3268 1477 3478 1538 πάντας
3517 1477 3691 1541 καλε-ἰ,

2107 1564 2358 1628 δουλείας
2387 1563 2627 1632 ἀφῆκεν,
2656 1565 2808 1628 υἱοὺς
2837 1564 3088 1635 εποίησε,
3124 1566 3214 1618 τὸν
3241 1567 3469 1635 οὐρανὸν
3492 1568 3694 1638 ἀνέῳξε

2115 1663 2271 1726 πᾶσι,
2295 1661 2389 1714 καὶ
2407 1661 2506 1731 τὴν
2526 1662 2647 1716 όδδν
2674 1660 3078 1726 ὑποδείξας-καὶ
3098 1662 3251 1724 ὅπως
3277 1661 3425 1717 ἔστιν
3453 1665 3696 1734 ἀναπτῆ-

434 1761 546 1807 tam
587 1755 789 1809 eximie
820 1755 1224 1820 cohonestavit,
1262 1765 1350 1810 ast
1391 1755 1642 1826 singulos
1689 1758 1999 1827 neglectum

2111 1774 2219 1821 ναι,
2249 1755 2346 1809 καὶ
2370 1754 2551 1826 πτερὰ
2583 1755 2816 1821 δέδωκε,
2849 1754 2945 1807 καὶ
2966 1753 3077 1808 οὐκ
3099 1755 3408 1824 ἠγάπησεν,
3437 1756 3576 1810 ἀλλὰ
3605 1758 3696 1811 καὶ

433 1845 555 1908 ivit,
587 1845 684 1899 sed
717 1846 786 1899 ad
818 1846 925 1900 hoc
953 1847 1204 1900 diadema
1231 1861 1419 1902 omnes
1439 1847 1717 1910 invitavit,
1745 1848 2009 1903 servitute

429 1938 660 2001 exemit,
709 1937 851 1992 {ilius
904 1938 1164 2002 reddidit,
1210 1938 1412 1993 caelum
1463 1939 1724 1994 cantibus
1769 1939 2009 2009 aperuit,

431 2030 630 2099 viaque
657 2038 1101 2092 eommonstrata,
1123 2039 1182 2085 et
1195 2033 1466 2099 quomodo
1484 2046 1550 2086 eo
1573 2031 1865 2087 subvolare
1889 2031 2015 2086 lice-

432 2131 540 2184 ret,
575 2123 802 2192 insuper
845 2124 958 2178 alas
987 2123 1156 2176 dedit.
1220 2121 1330 2178 Nec
1379 2123 1466 2178 bis
1528 2134 1845 2184 contentus,
1897 2122 2015 2190 ipse

433 2213 790 2269 nihilominus
824 2215 996 2284 praeit,
1032 2224 1086 2268 et
1112 2224 1401 2278 sustentat,
1439 2223 1495 2269 et
1532 2215 1750 2270 desides
1810 2214 2014 2268 adhor-

431 2316 600 2360 tatur.
675 2305 931 2362 Nondum
954 2309 1117 2362 attuli
1146 2309 1291 2376 quod
1322 2309 1502 2376 majus
1525 2317 1633 2362 est.
1657 2307 1773 2361 Non
1801 2316 2014 2360 tantum

432 2400 628 2451 horum
655 2406 808 2452 tenus
837 2414 962 2453 cum
991 2401 1162 2454 servis
1184 2382 2012 2468 estDouii'nus,quu’queeorum

430 2499 565 2542 sunt
601 2490 908 2559 participat,
954 2507 1131 2560 neque
1171 2507 1394 2546 manuni
1443 2493 1734 2552 duntaxat.
1785 2490 1882 2544 sed
1921 2505 2016 2545 se-

433 2578 613 2648 ipsum
662 2581 824 2636 nobis
897 2592 1142 2650 quantus
1201 2593 1443 2652 quantus
1500 2583 1673 2636 dedit.
1741 2580 2013 2648 Quocirca

2110 1851 2276 1913 αὐτὸς
2322 1851 2540 1918 ἡγεῖται
2595 1851 2694 1903 καὶ
2733 1848 2996 1919 ύπανέχει
3032 1848 3125 1902 καὶ
3177 1851 3490 1919 παρακαλεῖ
3523 1851 3695 1922 ρᾳθυ-

2111 1941 2373 2011 μοῦντας.
2424 1941 2536 1995 Καὶ
2565 1940 2720 1994 οὔπω
2751 1941 2814 1994 τὸ
2860 1941 3048 2011 μεῖζον
3079 1937 3233 1995 εἷπον
3256 1958 3269 1971 ·
3300 1943 3364 1995 ού
3389 1943 3501 2013 γὰρ
3531 1945 3692 2015 μέχρι

2110 2031 2367 2085 τοσούτου
2398 2035 2513 2095 τοῖς
2542 2031 2758 2095 δούλοις
2790 2033 3041 2087 σύνεστιν
3071 2037 3101 2087 ό
3133 2036 3410 2105 Δεσπότης
3453 2037 3548 2089 καὶ
3583 2053 3696 2089 κοι-

2118 2126 2274 2178 νωνεί
2312 2123 2421 2176 τῶν
2473 2124 2643 2177 αὐτοῦ
2695 2123 2823 2177 οὐδὲ
2874 2127 3038 2197 χεῖρα
3091 2125 3281 2178 δίδωσι
3335 2126 3522 2195 μόνον,
3577 2129 3694 2182 ἀλλ’

2113 2217 2306 2290 ἑαυτὸν
2369 2216 2505 2285 ἡμῖν
2558 2215 2680 2267 ὅλον
2729 2216 3025 2285 παρέσχεν,
3076 2215 3219 2284 ὑπὲρ
3252 2209 3312 2268 οὗ
3359 2216 3494 2279 νεὼς
3523 2217 3696 2288 ἐσμεν

2111 2307 2248 2360 Θεοῦ
2280 2305 2483 2370 ζῶντος
2504 2321 2518 2336 ·
2550 2305 2793 2374 Χριστοῦ
2826 2305 2966 2374 μέλη
2996 2305 3172 2359 ταῦτα
3201 2307 3269 2360 τὰ
3303 2307 3464 2377 μέλη,
3488 2307 3695 2361 τούτων

2111 2399 2220 2450 τῶν
2247 2396 2429 2465 μελῶν
2461 2396 2562 2466 τὴν
2600 2397 2848 2467 κεφαλὴν
2883 2397 2952 2450 τὰ
2978 2399 3262 2469 Χερουϐὶμ
3295 2402 3616 2467 προσκυνεῖ,
3641 2403 3696 2454 οἱ

2114 2490 2276 2552 πόδες
2295 2483 2469 2553 οὗτοι,
2498 2491 2557 2545 al
2583 2491 2769 2561 χεῖρες
2798 2481 2958 2542 αὗται
2991 2489 3209 2561 ἐκείνης
3240 2491 3572 2562 ὲξήρτηνται
3596 2493 3696 2563 τῆς

2113 2583 2362 2651 καρδίας.

431 2673 692 2742 templum
734 2689 924 2730 sumus
980 2675 1074 2730 Dei
1106 2678 1354 2742 viventis,
1386 2686 1442 2731 et
1470 2678 1712 2730 membra
1755 2676 1871 2730 haec
1905 2675 2114 2730 Christi
2169 2677 2412 2730 membra
2442 2685 2598 2730 sunt.
2638 2673 3005 2730 Membrorum
3049 2673 3280 2730 istorum
3299 2687 3462 2746 caput
3493 2677 3695 2733 cineru-

432 2764 542 2818 bim
573 2766 826 2822 adorant.
853 2770 916 2821 Hi
955 2769 1141 2839 pedes,
1175 2771 1260 2823 hae
1284 2785 1482 2824 manus
1511 2770 1584 2823 ah
1616 2769 1708 2822 illo
1741 2769 1908 2823 corde
1936 2781 2198 2837 reguntur
2227 2783 2291 2823 ac
2331 2769 2587 2838 pendent.

506 2858 632 2916 llaec
667 2862 856 2916 auium
889 2877 1078 2917 secum
1134 2865 1381 2918 volutare
1409 2872 1524 2918 tam
1575 2863 1732 2928 utile,
1776 2873 2005 2931 tamque

427 2951 734 3020 jucundum
793 2963 895 3017 est,
944 2965 1004 3010 ut
1054 2957 1190 3011 nihil
1244 2971 1431 3025 supra.
1473 2956 1597 3012 Haec
1646 2957 1790 3011 enim
1844 2955 2007 3011 nobis

432 3045 990 3112 perpendentihus,et
1011 3048 1162 3102 hisee
1199 3049 1755 3105 commentationibus
1783 3049 1841 3104 in
1879 3049 2003 3103 ani-

2178 2863 2357 2915 Τίνων
2399 2863 2500 2931 μὲν
2527 2863 2588 2915 ού
2633 2861 3081 2933 λυσιτελέστερα,
3120 2863 3282 2916 τίνων
3338 2863 3394 2917 δὲ
3424 2863 3524 2932 οὐχ
3553 2863 3696 2933 ἡδίω

2101 2951 2278 3007 ταῦτα
2310 2951 2622 3019 λογίζεσθες
2648 2951 2834 3005 Ταῦτα
2854 2953 2962 3023 γὰρ
2986 2952 3336 3006 σκοπούντων
3360 2953 3454 3006 καὶ
3476 2954 3697 3008 τούτων

2104 3043 2165 3094 ἐν
2190 3045 2256 3111 τῇ
2284 3041 2432 3113 ψυχῇ
2488 3042 2837 3111 κρατούντων
2875 3042 2986 3094 τῶν
3019 3042 3299 3111 λογισμῶν
3331 3043 3551 3112 πρῶτον
3585 3044 3696 3113 μὲν

432 3150 524 3188 ma
565 3136 1051 3203 invalescentibus,
1093 3140 1334 3209 primum
1373 3142 1600 3210 quidem
1644 3142 1781 3197 nulli
1816 3157 2000 3212 pravae

2107 3137 2206 3186 οὐκ
2263 3133 2331 3186 ἂν
2360 3133 2450 3203 είη
2483 3132 2721 3204 πάροδος
2775 3135 2832 3186 ὲν
2872 3135 3006 3204 ἡμῖν
3054 3135 3164 3188 τῶν
3197 3135 3448 3204 πονηρῶν
3479 3135 3690 3200 οὐδενὶ,

432 3225 756 3292 cogitationi
790 3227 971 3282 aditus
999 3230 1231 3297 patebit.
1261 3229 1469 3284 Deinde
1497 3233 1801 3301 perspectis
1837 3235 2003 3290 bene-

431 3316 572 3371 ﬂciis
599 3333 846 3372 amorem
871 3335 996 3390 erga
1021 3322 1158 3376 bene
1195 3323 1447 3377 meritum
1480 3326 1763 3380 cumulare
1794 3326 2000 3384 licebit.

429 3408 572 3462 Cum
603 3412 681 3464 sic
725 3411 950 3466 miriﬁce
985 3413 1358 3476 dilexerimus,
1385 3415 1544 3468 etiam
1587 3417 1857 3474 mandatis
1886 3420 2005 3490 ejus

429 3500 954 3566 obtemperabimus,
982 3510 1039 3557 et
1080 3503 1218 3558 velle
1251 3513 1499 3558 nostrum
1529 3504 1597 3558 ad
1651 3506 1801 3562 illius
1851 3509 2003 3563 arbi-

432 3593 600 3647 trium
632 3596 1162 3664 aggregabimus.Ait
1189 3595 1332 3649 enim
1361 3614 1380 3653 ξ
1419 3615 1438 3648 ‹
1460 3596 1518 3651 Si
1538 3597 1661 3665 quis
1690 3599 1864 3670 diligit
1893 3616 2000 3668 me,

431 3698 743 3740 sermonem
812 3703 992 3740 meum
1040 3685 1378 3742 servabit‘h
1423 3686 1506 3741 Ad
1555 3686 1672 3742 haec
1716 3689 2002 3758 dignitatis

433 3789 638 3831 nosam
674 3778 1054 3833 excellentiam
1109 3787 1486 3849 agnoscentes,
1547 3794 1672 3834 eam
1710 3780 2001 3838 diﬂiculter

434 3877 810 3946 prodigemus;
838 3893 936 3932 nec
953 3879 1156 3934 servire
1169 3895 1326 3935 servo
1347 3880 1573 3952 fugitivo
1585 3882 1999 3946 sustinebimus,

435 3978 626 4038 utpote
677 3970 832 4038 regni
858 3972 1039 4042 adepti
1072 3973 1231 4028 nobis
1251 3973 1485 4029 conscii.
1519 3973 1596 4030 0s
1621 3975 1689 4030 ad
1720 3990 2001 4030 sermones

431 4076 560 4115 cum
611 4063 820 4117 scelere
853 4063 1176 4133 coniunctos
1208 4082 1315 4119 non
1345 4067 1678 4133 aperiemus,
1703 4069 1755 4121 si
1793 4079 2002 4120 mensa:

435 4155 870 4220 recordabimur,
913 4157 1172 4225 et'qualis
1197 4157 1418 4226 sanguis
1442 4158 1678 4225 linguam
1703 4158 1846 4212 hanc
1871 4173 2002 4227 pur-

435 4249 732 4316 puraverit.
764 4249 965 4304 Oculos
1015 4249 1222 4303 illicitis
1253 4250 1475 4317 quinam
1510 4251 1855 4320 adjiciemus,
1902 4265 1999 4319 per

433 4356 576 4410 quos
632 4343 890 4411 mysteria
954 4341 1232 4395 tremenda
1303 4341 1628 4395 hausimus?
1676 4342 1756 4396 Ad
1797 4342 1998 4396 malum

434 4432 601 4500 pedes
631 4448 738 4485 non
767 4431 1127 4495 movebimus,
1159 4446 1270 4484 non
1313 4447 1507 4486 manus
1547 4433 1921 4498 ostendemus,
1951 4433 1996 4488 si

2106 3224 2301 3278 ἔπειτα
2354 3223 2642 3291 περιέσται
2686 3224 2784 3286 τὰς
2815 3223 3139 3294 εὐεργεσίας
3173 3224 3568 3294 καταμαθοῦσι,
3605 3226 3688 3296 τῷ

2105 3315 2241 3382 περὶ
2269 3314 2360 3367 τὸν
2386 3315 2687 3385 εὐεργέτην
2729 3315 3057 3384 προσθεῖναι
3090 3315 3264 3385 πόθῳ,
3299 3315 3582 3384 φιλοῦντες
3629 3318 3691 3371 δὲ

2103 3407 2251 3461 οὓτω
2305 3406 2510 3476 σφόδρα
2556 3407 2654 3460 καὶ
2681 3406 2791 3460 τῶν
2848 3407 3081 3460 ἐντολῶν
3108 3409 3341 3478 ἐργάται
3379 3407 3488 3462 τῶν
3512 3408 3687 3462 αὐτοῦ

2105 3499 2201 3551 καὶ
2236 3498 2332 3567 τῆς
2354 3499 2584 3568 γνώμης
2613 3497 2853 3568 ἐσόμεθα
2877 3497 3148 3553 κοινωνοί.
3179 3517 3198 3550 ι
3228 3497 3287 3552 Ὁ
3315 3497 3424 3567 γὰρ
3449 3499 3684 3567 ἀγαπῶν

2105 3608 2200 3660 με,
2232 3591 2391 3660 φησὶ,
2415 3591 2517 3654 τὰς
2547 3591 2772 3654 ἐντολάς
2798 3608 2899 3659 μου
2921 3591 3173 3662 τηρήσει.
3205 3609 3224 3643 ι
3256 3592 3468 3655 Ἄλλως
3500 3609 3560 3644 τε
3581 3592 3684 3663 τὴν

2101 3684 2311 3737 οἰκείαν
2364 3682 2543 3749 ἀξίαν,
2603 3685 2703 3754 ὅση
2741 3684 2824 3747 τίς
2879 3684 3050 3747 ἐστιν,
3084 3684 3426 3752 ἐπιγνόντες,
3481 3685 3583 3737 οὐκ
3611 3683 3681 3737 ἂν

2104 3774 2401 3844 προόοῖμεν
2453 3773 2680 3844 ῥαδίως,
2717 3773 2825 3826 οὐδ’
2859 3773 3231 3843 ἁνασχοίμεθα
3282 3773 3566 3828 δουλεῦσαι
3600 3777 3680 3844 τῷ

2099 3864 2347 3934 δραπέτῃ
2371 3863 2566 3934 δούλῳ,
2597 3863 2882 3931 βασιλείαν
2905 3865 3310 3932 συνεγνωκότες
3339 3867 3471 3936 ἡμῖν
3495 3867 3680 3928 αὐτοῖς

2099 3955 2202 4008 οὐκ
2243 3953 2527 4023 ἀνοίεομεν
2574 3955 2635 4006 τὸ
2663 3955 2840 4023 στόμα
2897 3957 3112 4025 πονηρᾷ
3144 3955 3386 4027 γλώσσῃ,
3422 3956 3488 4010 ἂν
3514 3958 3573 4008 ὲν
3601 3957 3677 4026 νῷ

2101 4047 2202 4116 τὴν
2225 4047 2505 4117 τράπεζαν
2548 4045 2762 4117 ἔχωμεν
2794 4047 2887 4101 καὶ
2913 4043 3026 4100 οἷον
3049 4047 3112 4100 τὸ
3140 4047 3238 4118 τὴν
3263 4049 3520 4116 γλῶσσαν
3551 4050 3682 4104 ταύ-

2099 4156 2202 4210 την
2233 4140 2476 4210 φοινίξαν
2521 4134 2683 4208 αἷμα.
2722 4139 2848 4201 Πῶς
2873 4140 3194 4210 χρησόμεθα
3224 4144 3338 4203 τοίς
3377 4141 3679 4212 ὀφθαλμοῖς

2099 4231 2186 4300 ἐφ’
2215 4231 2251 4285 ἃ
2280 4232 2354 4302 μὴ
2381 4232 2481 4297 δεῖ,
2512 4231 2832 4302 μυστηρίων
2854 4231 3003 4286 οὕτω
3036 4233 3278 4301 φρικτῶν
3306 4233 3681 4288 ἀπολελαυκό-

2100 4324 2222 4377 etv!
2256 4322 2332 4376 Ού
2360 4322 2658 4392 κινήσομεν
2692 4322 2822 4384 τοὺς
2852 4323 3041 4385 πόδας,
3071 4324 3173 4375 οὐκ
3208 4325 3539 4392 ὲκτενοῦμεν
3561 4330 3683 4394 χεῖ-

2101 4433 2201 4486 ρας
2223 4415 2313 4468 ὲπί
2340 4433 2392 4469 τι
2424 4415 2684 4485 πονηρὸν,
2717 4414 2784 4467 ἂν
2814 4415 3036 4484 ἐνεργὸν
3059 4418 3118 4469 ὲν
3148 4419 3212 4485 τῇ
3241 4417 3386 4487 ψυχῇ
3418 4418 3509 4471 τὸν
3544 4422 3682 4490 περὶ

434 4525 491 4577 in
523 4524 608 4578 liis
640 4533 873 4578 mentem
907 4523 1069 4577 animi
1098 4539 1219 4578 sese
1254 4533 1596 4580 exercentem
1649 4525 1996 4580 habebimus.

2107 4507 2308 4560 τούτων
2342 4505 2756 4575 ἐχωμενλὸγον,
2782 4506 2856 4568 ὡς
2901 4507 3011 4576 ἄρα
3045 4508 3285 4577 Χριστοῦ
3317 4509 3455 4576 μέλη
3500 4509 3681 4565 ταῦτα

434 4613 592 4668 Sicut
623 4614 788 4683 igitur
820 4613 1022 4668 Christi
1053 4613 1321 4679 membra,
1375 4616 1491 4670 haec
1521 4624 1576 4670 et
1609 4627 1798 4670 sancta
1843 4625 1993 4682 sunt,

431 4715 489 4758 ct
519 4715 774 4775 tanquam
810 4705 990 4776 phiala
1026 4706 1170 4761 illius
1202 4706 1523 4774 sanguinem
1563 4710 1884 4764 continent:
1916 4709 1998 4763 vel

433 4795 618 4864 potius
644 4803 820 4849 totum
873 4796 1054 4864 ipsum
1089 4793 1426 4850 Salvatorem
1461 4796 1651 4850 induta
1680 4805 1834 4862 sunt,
1883 4811 1994 4851 non

433 4896 494 4941 ut
528 4888 935 4952 vestimentum,
959 4901 1060 4942 nec
1090 4896 1348 4956 tanquam
1382 4887 1572 4956 pellem
1592 4897 1867 4953 agitatam,
1899 4885 2002 4941 sed

432 4988 587 5035 tanto
642 4981 902 5050 penitius,
948 4989 1154 5050 quanto
1215 4981 1320 5034 hoc
1365 4979 1744 5034 indumentum
1794 4979 2002 5034 indutis

433 5071 558 5141 plus
584 5086 746 5140 quam
779 5070 909 5139 ipsa:
937 5084 1250 5140 compages,
1283 5085 1399 5140 ipsa
1425 5085 1551 5125 ossa
1596 5075 2002 5137 eoagmentatur

432 5169 490 5214 et
520 5163 799 5216 coalescit.
822 5159 956 5215 Nam
1013 5160 1130 5214 haec
1155 5161 1238 5215 vel
1288 5159 1596 5214 nolentibus
1632 5159 1755 5228 quis
1801 5173 1995 5227 ampu-

433 5253 654 5307 taverit?
680 5253 955 5308 Christum
978 5260 1159 5306 autem
1180 5250 1347 5305 semel
1373 5249 1609 5314 indutos,
1640 5262 1798 5302 nemo
1819 5262 2000 5316 neque

438 5344 742 5408 hominum,
796 5357 970 5412 neque
1018 5342 1328 5396 daemonum
1384 5341 1587 5394 invitos
1634 5353 1703 5393 ac
1753 5338 2000 5392 nolentes

433 5436 647 5488 exuerit
678 5450 692 5486 :
730 5430 874 5486 «Non
906 5431 1184 5494 instantia,
1219 5430 1390 5497 inquit
1416 5426 1637 5489 Paulus,
1658 5440 1768 5480 non
1799 5425 1998 5491 futura,

436 5535 547 5576 non
579 5521 830 5584 altitudo,
868 5534 1041 5590 neque
1067 5519 1421 5588 profundum,
1463 5531 1638 5587 neque
1676 5516 1862 5586 aliqua
1892 5515 1998 5570 alia

514 5702 556 5732 “
596 5703 750 5756 Joan.
781 5718 889 5766 xiv,
925 5700 1016 5753 2|.

2104 4601 2195 4652 καὶ
2226 4601 2342 4668 ἱερᾶ
2380 4599 2472 4650 καὶ
2523 4597 2778 4668 καθάπερ
2834 4598 3000 4668 φιάλη
3033 4600 3094 4652 τὸ
3155 4600 3369 4653 ἐκείνου
3417 4602 3683 4670 φέρουσιν

2099 4684 2264 4756 αἷμα,
2303 4688 2503 4759 μᾶλλον
2529 4687 2588 4741 δὲ
2609 4688 2732 4742 ὅλον
2766 4689 2929 4743 αὑτὸν
2970 4689 3273 4743 ὲνδέδονται
3300 4691 3392 4743 τὸν
3419 4693 3679 4763 Σωτῆρα,

2101 4781 2166 4833 ού
2196 4780 2449 4851 καθάπερ
2500 4782 2717 4850 ίμάτιον
2773 4782 2884 4835 οὐδ’
2909 4781 3100 4852 ῶσπερ
3143 4783 3279 4836 αὐτὸ
3301 4785 3362 4836 τὸ
3393 4785 3681 4853 σύμφυτον

2100 4872 2300 4943 δέρμα,
2351 4871 2741 4943 ἀκριϐέστερον
2761 4874 2818 4926 δὲ
2845 4874 3120 4938 τοσοῦτον,
3175 4877 3298 4927 ὅσον
3333 4877 3427 4929 καὶ
3461 4877 3674 4944 αὐτῶν,

2099 4964 2211 5018 τῶν
2235 4965 2429 5031 ὀστῶν,
2458 4963 2517 5017 τὸ
2547 4963 2756 5034 ἔνδυμα
2782 4965 2942 5018 τοῦτο
2971 4969 3085 5028 τοίς
3135 4966 3504 5038 ένδεδυμένοις
3533 4969 3675 5022 πολὺ

2100 5057 2429 5127 συμπέφυκε
2465 5056 2691 5123 μᾶλλον.
2721 5055 2802 5109 Τὰ
2843 5057 2946 5128 μὲν
2977 5059 3084 5128 γὰρ
3119 5057 3321 5112 δύναιτ’
3345 5060 3411 5113 ἄν
3439 5076 3523 5122 τις
3577 5061 3676 5113 καὶ

2100 5149 2178 5218 μὴ
2219 5149 2557 5219 βουλομένων
2595 5150 2912 5218 ἀποτεμεῖν,
2966 5149 3058 5203 τὸν
3106 5151 3342 5219 Χριστὸν
3362 5150 3422 5203 δὲ
3453 5151 3563 5202 οὐδ’
3599 5150 3672 5204 ἂν

2097 5234 2176 5301 εἷς
2204 5239 2263 5290 ού
2318 5239 2426 5290 τῶν
2486 5238 2793 5307 ἀνθρώπων
2826 5237 2886 5290 ού
2935 5238 3044 5290 τῶν
3075 5238 3364 5308 δαιμόνων,
3422 5255 3446 5288 ‹
3491 5238 3567 5290 Ού
3599 5239 3672 5292 τὰ

2099 5327 2391 5392 ἐνεστῶτα,
2412 5330 2544 5398 φησὶ
2561 5327 2791 5396 Παῦλος,
2811 5328 2872 5382 οὐ
2898 5328 2968 5380 τὰ
2994 5329 3274 5398 μέλλοντα,
3292 5329 3413 5382 οὗτε
3443 5327 3668 5396 ὕψωμα,

2096 5420 2218 5475 οὕτε
2253 5420 2432 5490 βάθος,
2467 5419 2578 5473 οὒτ’
2608 5421 2741 5491 ἄλλη
2787 5421 2963 5484 κτίσις
2993 5405 3179 5490 ἑτέρα,
3212 5441 3231 5474 ι
3284 5423 3388 5476 κᾶν
3417 5420 3668 5475 ὁπωσοῦν

2098 5513 2326 5583 δυνάμει
2378 5515 2575 5583 κρατῇ.
2637 5512 2758 5568 Τῶν
2805 5512 2915 5584 γὰρ
2944 5514 3039 5567 τοῦ
3091 5513 3330 5585 Χριστοῦ
3364 5512 3666 5585 μαρτύρων
