3982 6208
251 390 353 453 θίθ

1325 386 1419 446 DE
1461 386 1635 447 VITA
1680 386 1755 445 ΙΝ
1816 383 2147 445 CHRISTO
2186 382 2329 442 LIB.
2376 379 2477 440 VI.

3364 369 3467 430 (δῖ-0

256 505 354 573 μὲν
378 501 540 569 δορὰν
577 500 852 569 ἀποσύραι
878 501 971 551 καὶ
1002 500 1273 566 περιελεῖν
1306 501 1332 550 ὁ
1374 498 1609 565 Πονηρὸς
1631 496 1816 565 ἴσχυσε

1946 495 2272 555 :rcatura“,i
2307 502 2730 558 quantacunque
2788 490 2983 541 virtute
3010 489 3487 542 cxcellneritMar-

252 599 367 655 ταῖς
397 594 505 645 τῶν
537 594 814 661 τυράννων
862 594 1042 660 χερσὶ,
1097 592 1188 643 καὶ
1221 592 1551 657 κατατεμεῖν
1584 590 1649 642 τὰ
1682 590 1816 657 μέλη

254 690 344 740 καὶ
374 689 507 739 ὁστᾶ
532 685 821 754 συντρίψαι
840 684 932 735 καὶ
960 683 1149 735 τᾶνδον
1168 682 1355 750 ἐκχέαι
1382 681 1477 733 καὶ
1506 681 1817 733 ἀνασπάσαι

253 781 320 831 τὰ
347 779 664 844 σπλάγχναο
698 777 757 827 τὸ
785 776 830 827 δ’
880 774 1096 843 ἱμάτιον
1124 774 1283 824 τοῦτο
1321 772 1549 837 συλῆσαι
1585 776 1676 823 καὶ
1724 771 1817 822 τοῦ

256 870 493 939 Χριστοῦ
520 867 812 937 γυμνῶσαι
839 866 966 926 τοὺς
1000 862 1329 933 μακαρίους,
1356 860 1610 913 τοσοῦτον
1634 860 1820 925 ἐδέησε

254 964 369 1013 ταῖς
397 960 682 1020 ἐπινοίαις,
719 958 859 1009 ὥστε
888 956 1022 1008 πολὺ
1058 955 1319 1024 μᾶλλονῆ
1355 954 1611 1023 πρόσθεν,
1651 952 1718 1003 δι’
1749 944 1823 1002 ὧν

252 1051 406 1119 ᾠήθη
440 1048 744 1117 περιδῦσαι,
770 1046 1082 1114 περιϐαλὼν
1112 1045 1291 1098 ἔλαθε.

325 1310 392 1360 Τί
431 1308 522 1359 οὖν
551 1306 837 1374 ἱερώτερον
862 1306 1055 1371 γένοιτ’
1090 1307 1156 1359 ἂν
1186 1306 1281 1359 τοῦ
1327 1303 1580 1373 σώματος
1611 1304 1826 1368 τούτου,

255 1393 565 1465 ᾧφυσικής
623 1397 901 1466 συμφυΐας
958 1398 1177 1465 ἁπάσης
1238 1398 1523 1464 ὀΧριστὸς
1576 1398 1830 1463 ἐντέτηκε

258 1491 492 1557 μᾶλ).ον;
518 1490 725 1541 Οὐκοῦν
754 1488 1083 1556 αἱδεσόμεθα
1111 1490 1202 1539 καὶ
1244 1490 1557 1555 τηρήσομεν
1590 1484 1737 1553 αῦτῷ
1770 1487 1830 1536 τὸ

257 1581 480 1645 σεμνὸν,
522 1582 588 1630 ἂν
628 1577 774 1629 οὕτω
800 1576 1123 1645 θαυμαστὴν
1156 1577 1304 1643 αὑτῷ
1324 1576 1685 1645 λαμπρότητα
1711 1592 1831 1625 συν-

256 1669 483 1729 ειδότες,
518 1667 711 1718 ἔπειτα
773 1667 879 1734 πρὸ
930 1665 1037 1717 τῶν
1087 1665 1384 1733 ὀφθαλμῶν
1417 1665 1588 1734 αὐτὴν
1620 1664 1832 1733 ἔχωμεν

257 1758 521 1810 ἑκάστοτε
572 1758 668 1825 τῆς
696 1756 898 1825 ψυχῆς.
940 1758 1001 1808 Ei
1031 1756 1140 1823 γὰρ
1169 1756 1374 1824 τεμένη
1405 1756 1498 1807 καί
1532 1755 1699 1822 σκεύη
1734 1756 1831 1806 καὶ

1924 596 2103 655 tyrum
2135 584 2333 637 Christi
2383 582 2571 650 pellem.
2611 581 2915 642 detrahere,
2957 592 3007 632 et
3044 580 3298 632 nmtilare
3338 579 3487 631 Mali-

1924 692 2061 745 gous
2124 686 2473 745 tyrannorum
2538 672 2810 734 manibus,
2879 671 3118 724 membra
3179 671 3487 733 concidere,

1926 784 2046 819 ossa
2091 767 2479 829 comminuere,
2516 765 2772 819 intestina
2802 763 3104 823 effundere,
3137 762 3342 816 viscera
3372 763 3486 816 dis-

1924 861 2135 913 trahere
2168 861 2343 927 potuit
2375 858 2463 911 ille
2489 857 2711 926 quidem
2750 871 2763 907 :
2804 857 2906 909 hoc
2951 864 3134 907 autem
3183 853 3484 905 vestimen-

1928 963 2039 1004 tum
2066 951 2299 1018 eripi-re,
2342 960 2393 1003 et
2418 948 2619 1003 Christi
2673 954 2893 1001 sanctos
2930 944 3159 1007 nudare,
3207 952 3488 1011 tantopere

1927 1041 2045 1105 ejus
2075 1041 2288 1092 inventa
2321 1038 2525 1102 fefellit,
2561 1050 2613 1091 ut
2646 1052 2740 1103 per
2789 1050 2908 1102 quae
2942 1034 3064 1088 illos
3097 1048 3155 1089 se
3184 1033 3490 1087 arbitraba-

1928 1142 2015 1184 tur
2044 1146 2200 1199 pOSse
2229 1144 2449 1189 exuere,
2479 1143 2572 1195 per
2601 1142 2660 1180 ca
2695 1127 2808 1195 ipsa
2837 1126 3153 1193 imprudens
3200 1123 3374 1193 magis
3406 1122 3491 1175 in-

1928 1221 2135 1273 duc-ret.

1999 1310 2140 1375 Quid
2176 1312 2335 1379 igitur
2389 1310 2491 1362 hoc
2530 1322 2759 1375 corpore
2806 1305 3071 1366 sanctius,
3113 1305 3200 1358 cui
3237 1302 3493 1357 Christus

1932 1402 2103 1471 magis
2147 1417 2310 1469 quam
2359 1400 2469 1452 ulla
2514 1398 2793 1453 concretio
2834 1396 3099 1450 naturalis
3136 1394 3494 1469 inhmrcscit‘i

1935 1498 2087 1549 Hanc
2130 1495 2247 1561 ejus
2297 1491 2641 1559 majestatem
2687 1497 2741 1541 ct
2796 1486 3211 1542 sanctimoniam
3265 1501 3494 1539 venera-

1936 1591 2139 1649 bimur,
2222 1593 2277 1637 ct
2327 1583 2724 1645 custodiemus,
2781 1580 2827 1634 si
2888 1579 3151 1633 claritatis
3205 1577 3327 1645 ejus
3384 1588 3492 1629 tam

1932 1677 2265 1733 admirandae
2290 1676 2523 1738 conscii,
2579 1675 2765 1727 animo
2806 1686 2925 1725 eam
2963 1670 3109 1723 omni
3142 1679 3383 1740 tempore
3414 1672 3495 1722 iu—

1938 1770 2226 1823 tuebimur.
2261 1766 2317 1821 Si
2345 1768 2489 1819 enim
2523 1765 2745 1833 templa,
2788 1771 2842 1816 et
2873 1776 3020 1827 vasa,
3054 1770 3107 1814 et
3135 1762 3497 1830 quodcunque

254 1849 439 1901 ὁτιοῦν
490 1850 659 1917 ἱερὸν,
696 1850 779 1900 ὃτι
836 1847 984 1900 τοῦτ’
1043 1847 1179 1899 αὐτὸ
1230 1846 1597 1915 γινώσκομεν,
1643 1849 1716 1909 ὡς
1748 1825 1836 1915 ἄρ’

1946 1859 2283 1918 dedicatum,
2340 1854 2707 1920 quando’hoe
2756 1852 2933 1919 ipsum
2986 1850 3133 1918 (esse
3191 1850 3495 1903 dedicatum

257 1944 407 1993 ἐστὶν
469 1942 634 2009 ἱερὸν,
694 1940 894 1992 ἄσυλον
938 1936 1217 2008 τηροῦμεν
1279 1941 1343 1990 ἐκ
1377 1939 1575 2002 παντὸς
1604 1940 1828 2008 τρόπου,

260 2035 427 2104 σχολῇ
486 2052 548 2100 γε
607 2034 676 2084 τὰ
719 2033 891 2102 μείζω
925 2032 1319 2101 προδώσομενο
1382 2030 1532 2082 οὐδὲν
1576 2031 1684 2099 γὰρ
1709 2032 1832 2083 ὅσον

256 2124 549 2192 ἄνθρωπος
591 2122 757 2189 ἱερὸν,
783 2114 825 2185 ᾧ
863 2121 957 2173 καὶ
987 2120 1205 2186 φύσεως
1234 2120 1594 2187 ἐκοινώνησεν
1624 2120 1650 2169 ὁ
1678 2118 1830 2180 Θεός.

267 2214 704 2284 Ἑνθνμηθῶμεν
752 2214 880 2280 γὰρ,
936 2229 955 2261 ι
996 2214 1102 2262 τίνι
1155 2211 1252 2279 μὲν
1304 2211 1448 2263 ἅπαν
1477 2211 1603 2277 γόνυ
1628 2210 1833 2277 κάμψει

258 2308 608 2376 ἐπολρανίων
635 2306 729 2358 καὶ
762 2302 1159 2371 καταχθονίων,
1195 2320 1213 2353 ι
1236 2302 1318 2363 τίς
1344 2303 1398 2353 δὲ
1429 2303 1519 2352 ἐπὶ
1545 2302 1651 2352 τῶν
1682 2318 1837 2368 νεφε-

253 2402 365 2451 λῶν
399 2399 519 2467 ἥξει
550 2416 568 2448 ι
611 2398 750 2467 μετὰ
771 2399 1052 2467 deviasti);
1078 2395 1172 2447 καὶ
1199 2394 1355 2462 δόξης
1387 2393 1611 2459 πολλῆς,
1647 2412 1663 2443 ι
1694 2395 1835 2463 ὑπὲρ

257 2496 372 2546 πᾶν
427 2493 779 2561 παράδειγμα
840 2491 1092 2559 λάμπων,
1133 2490 1418 2560 ἄνθρωπος
1464 2482 1617 2550 οὗτος
1648 2487 1837 2557 ὥσπερ

254 2589 403 2656 δῆτα
437 2586 531 2636 καὶ
569 2585 700 2647 Θεός
718 2601 731 2615 ο
764 2584 856 2636 καὶ
888 2585 1043 2653 ἡμῶν
1070 2584 1127 2636 δὲ
1154 2585 1292 2652 ὑπὲρ
1314 2584 1404 2635 τὸν
1432 2582 1583 2652 ἥλιον
1610 2580 1835 2642 ἕκαστος

257 2679 334 2738 ὡς
372 2677 591 2747 ἀληθῶς
625 2675 853 2728 δύναται
890 2675 1152 2745 λάμψειν,
1188 2674 1417 2726 ἐπὶτῶν
1463 2673 1702 2739 νεφελῶν
1735 2673 1834 2741 ἀρ-

254 2770 447 2835 θῆναι,
479 2768 539 2818 τὸ
563 2766 723 2834 σῶμα
756 2768 886 2818 ίδείν
947 2768 1121 2818 ἐκεῖνο
1150 2764 1245 2817 τοῦ
1275 2763 1434 2828 Θεοῦ,
1492 2764 1629 2832 προς
1675 2762 1838 2815 αὑτὸν

254 2857 529 2927 ἀρθῆναι,
563 2856 697 2924 πρὸς
728 2855 890 2907 αὑτὸν
933 2856 1189 2919 πετάσαι,
1243 2851 1588 2924 προσελθεῖν,
1614 2852 1838 2921 ἡμέρως

255 2945 523 3013 ὀφθῆναι.
555 2944 793 2998 Φανέντα
832 2944 936 3012 γὰρ
968 2942 1057 2995 τὸν
1108 2944 1389 3010 Δεσπότην
1414 2943 1442 2994 ὁ
1485 2940 1592 2993 τῶν
1617 2940 1839 3009 ἀγαθῶν

254 3040 472 3093 δούλων
508 3037 905 3107 περιστήσεται
940 3036 1120 3107 χορὸς,
1154 3035 1247 3089 καὶ
1281 3035 1587 3104 λάμποντος
1630 3035 1837 3088 ἐκείνου

1934 1951 2183 2005 videlicet
2213 1949 2229 2012 )
2283 1948 2689 2016 cognoscimus,
2725 1944 2980 1996 omnibus
3010 1950 3186 1995 tutum
3222 1956 3250 1994 a
3289 1944 3497 2009 praedo-

1937 2042 2099 2095 nibus
2155 2052 2460 2099 servamus,
2526 2036 2700 2087 multo
2757 2036 2937 2089 minus
2980 2034 3248 2087 nobiliora
3303 2032 3498 2100 prazdze

1934 2144 2293 2200 exponemus.
2344 2127 2486 2179 Nihil
2538 2126 2680 2178 enim
2734 2127 2973 2180 sanctius
3032 2125 3283 2188 homine,
3340 2125 3497 2192 cujus

1939 2232 2146 2276 natura:
2189 2220 2443 2273 divinitas
2477 2230 2598 2272 sese
2641 2216 2935 2285 copulavit.
2987 2215 3306 2282 Cogitemus
3343 2214 3496 2268 enim

1936 2312 2021 2367 cui
2056 2330 2073 2362 ι
2104 2304 2359 2365 ﬂectatur
2393 2322 2556 2362 omne
2586 2321 2725 2373 genu
2754 2305 3083 2368 cmlestium,
3135 2305 3498 2369 terrestrium,

1936 2416 1989 2462 et
2012 2406 2349 2460 infernorum
2370 2404 2438 2455 “.
2497 2420 2515 2452 ο
2543 2402 2604 2454 Et
2633 2400 2758 2469 quis
2793 2410 3060 2455 venturus
3084 2400 3156 2454 sit
3186 2400 3241 2454 in
3260 2402 3501 2455 nubibus

1943 2517 1961 2547 ε
1997 2512 2121 2551 cum
2174 2496 2375 2549 virtute
2418 2504 2473 2550 et
2502 2493 2788 2562 majestate
2834 2494 3001 2548 multa
3029 2493 3099 2557 “,
3149 2511 3168 2544 ι
3224 2494 3503 2560 incompa-

1940 2588 2093 2643 rabili
2125 2586 2416 2657 splendore
2447 2584 2726 2651 praeditus.
2779 2583 2952 2638 liomo
3006 2584 3093 2638 hic
3120 2584 3244 2647 erit,
3277 2582 3504 2653 perinde

1942 2687 1999 2730 ut
2042 2676 2205 2730 Deus.
2264 2674 2329 2728 Et
2387 2673 2770 2742 unusquisque
2823 2681 3067 2727 nostrum
3126 2673 3241 2727 sole
3299 2672 3504 2726 clarius

1941 2767 2147 2837 fulgere
2178 2780 2365 2820 revera
2400 2766 2622 2834 poterit,
2668 2779 2833 2833 supra
2863 2765 3034 2820 nubes
3071 2764 3205 2828 tolli,
3255 2774 3505 2834 spectare

1940 2871 2142 2927 corpus
2187 2858 2319 2911 illud
2371 2856 2462 2910 Dei
2500 2856 2565 2910 ad
2612 2871 2671 2911 se
2712 2858 2894 2922 pansis
2925 2857 3166 2911 brachiis
3216 2858 3501 2921 accedere,

1944 2951 2263 3021 placideque
2312 2949 2532 3004 intueri.
2600 2948 2961 3019 Apparentem
3009 2948 3153 3002 enim
3211 2948 3502 3004 Dominum

1944 3044 2213 3099 bonorum
2251 3055 2533 3097 servorum
2575 3052 2777 3094 carona
2825 3040 3246 3105 circumfundet,
3298 3040 3507 3110 illoque

257 3134 360 3185 καὶ
386 3129 544 3184 αὐτοὶ
566 3129 874 3199 λάμψουσιν
900 3123 1012 3181 οἷον
1040 3128 1101 3180 τὸ
1129 3128 1334 3196 θέαμα,
1365 3129 1671 3197 φωστήρων
1700 3128 1840 3198 πλῆ-

1946 3135 2207 3204 fulgente,
2250 3131 2352 3201 ipsi
2403 3130 2605 3199 pariter
2656 3128 2960 3197 fulgebunt.
3010 3130 3180 3201 Quale
3224 3139 3508 3200 spectacu-

259 3222 358 3273 θος
395 3218 635 3288 ἀριθμοῦ
674 3221 921 3287 κρεῖττον
983 3218 1076 3269 ἐπὶ
1130 3218 1240 3270 τῶν
1297 3218 1535 3287 νεφελῶν
1567 3218 1719 3282 ἰδεῖν,
1751 3218 1841 3269 ἀι·-

261 3310 530 3379 θρώπους
576 3310 899 3379 αἰρομένους
958 3311 1268 3379 πανήγυριν
1318 3310 1674 3379 ἀνενεχθῆναι
1705 3311 1841 3378 πρὸς

260 3402 423 3453 οὐδὲν
453 3400 804 3466 παράδειγμα
828 3398 1157 3467 δυναμένην.
1182 3398 1354 3468 δῆμον
1394 3398 1533 3451 θεῶν
1568 3400 1695 3466 περὶ
1750 3398 1841 3449 τὸν

259 3495 426 3551 Θελιν,
465 3491 661 3551 καλοὺς
694 3490 823 3558 περὶ
854 3492 946 3543 τὸν
979 3489 1205 3560 ὡραῖον,
1243 3492 1460 3553 οἰκέτας
1484 3492 1616 3559 περὶ
1641 3490 1732 3542 τὸν
1753 3494 1845 3541 Δε-

262 3584 507 3648 σπότην,
526 3582 584 3633 οὐ
612 3580 971 3648 βασκαίνοντα
1002 3584 1114 3644 τοῖς
1137 3581 1362 3645 δούλοις,
1388 3584 1435 3634 εί
1462 3582 1555 3648 τῆς
1593 3583 1845 3652 λαμπρό-

263 3688 433 3737 τητος
467 3670 814 3739 κοινωνήσει,
845 3670 955 3722 οὐδ’
986 3670 1294 3739 ἡγούμενον
1329 3670 1536 3724 ἐλάττω
1564 3673 1662 3740 τὴν
1686 3672 1846 3735 δόξαν

264 3761 458 3830 ἑαυτῷ
520 3762 789 3829 ποιήσειν,
826 3760 873 3811 εί
902 3761 997 3827 τῆς
1034 3760 1313 3830 βασιλείας
1342 3763 1569 3823 πολλοὺς
1618 3761 1849 3830 λήψαιτο

267 3856 534 3923 μερίτας,
569 3852 823 3921 καθάπερ
848 3851 955 3905 τῶν
980 3852 1287 3920 ἀνθρώπων
1310 3855 1357 3903 οὶ
1380 3852 1706 3922 κρατοῦντες
1735 3856 1850 3917 τοῖς

272 3948 382 4001 ὑπὸ
441 3946 625 4014 χεῖρα,
686 3945 788 3999 κᾶν
850 3944 1031 3996 πάντα
1067 3944 1223 4006 δῶσι,
1260 3944 1367 3995 τῶν
1420 3944 1718 4012 σκήπτρων
1742 3944 1851 3994 οὐδ’

276 4042 424 4106 sup
455 4038 735 4105 ἀνέχονται
759 4036 1059 4088 κοινωνεῖν.
1088 4036 1160 4087 Οὐ
1192 4036 1302 4104 γὰρ
1331 4033 1403 4095 ὼς
1447 4033 1653 4096 δούλοις
1690 4052 1855 4102 προσ-

277 4133 425 4199 έχει,
454 4128 574 4180 οὐδὲ
612 4128 745 4196 τιμᾷ
766 4127 967 4178 δούλων
997 4127 1205 4194 τιμαῖς.
1240 4125 1426 4193 φίλους
1464 4125 1520 4177 δὲ
1550 4124 1854 4194 ἡγούμε“²’ς

271 4229 368 4277 καὶ
408 4223 612 4290 νόμους
641 4223 823 4283 αὐτοῖς
850 4222 1030 4288 φιλίας
1089 4222 1279 4282 σώζων
1310 4222 1338 4272 ὅ
1367 4238 1428 4285 γε
1461 4220 1571 4282 θεὶς
1602 4222 1659 4287 ἐξ
1682 4222 1852 4290 ἀρχῆς

274 4318 439 4369 κοινὰ
473 4316 541 4367 τὰ
567 4315 695 4365 ὄντα
731 4315 988 4372 ποιεῖται,
1012 4314 1105 4363 καὶ
1131 4313 1191 4363 οὐ
1218 4312 1375 4363 τοῦτο
1409 4313 1438 4379 ἢ
1464 4314 1641 4364 ἐκεῖνο
1671 4315 1851 4381 μόνον,

273 4410 416 4461 αλλὰ
454 4408 550 4474 τὴν
588 4405 870 4474 βασιλείαν
907 4404 1079 4472 αὐτὴν
1119 4404 1249 4454 αὐτὸ
1281 4404 1465 4455 δίδωσι
1493 4405 1553 4453 τὸ
1590 4404 1849 4469 διάδημα·

1945 3228 2079 3292 lum,
2128 3220 2545 3278 innumerabilis
2575 3220 2863 3275 multitudo
2894 3220 3162 3276 luminum
3209 3236 3373 3292 supra
3406 3238 3507 3276 nu-

1944 3320 2063 3382 bes,
2090 3315 2340 3371 homines
2372 3312 2607 3368 sublime
2657 3311 2784 3365 elati
2835 3321 2889 3366 et
2938 3313 3231 3367 volantes?
3277 3314 3509 3369 celebri-

1947 3420 2030 3463 tas
2095 3406 2254 3476 cujus
2321 3404 2528 3459 nullum
2596 3414 2771 3458 exstat
2845 3406 3189 3473 exemplum;
3273 3408 3507 3476 pepulus

1946 3502 2170 3553 deorum
2209 3498 2557 3552 circumdans
2598 3496 2804 3561 Deum;
2858 3482 3072 3565 pulchri
3119 3497 3325 3551 circum
3388 3514 3510 3568 spe-

1946 3593 2195 3656 ciosum;
2233 3589 2423 3643 famuli
2452 3590 2660 3644 circum
2693 3589 3008 3651 Dominum,
3042 3602 3151 3641 non
3180 3588 3505 3644 invidentem

1951 3684 2056 3737 illis
2109 3680 2423 3750 splendoris
2478 3679 2942 3742 communionem,
3003 3693 3101 3733 nec
3151 3680 3507 3735 arbitrantem

1950 3772 2177 3840 gloriam
2216 3785 2372 3824 suam
2404 3770 2755 3824 imminutum
2792 3769 2882 3831 iri,
2930 3770 2973 3823 si
3008 3770 3209 3824 multos
3241 3771 3390 3839 regni
3424 3771 3508 3825 sui

1952 3861 2129 3917 socios
2159 3860 2412 3928 accipiat,
2461 3860 2606 3928 quod
2658 3860 2865 3913 faciunt
2912 3856 3005 3928 qui
3052 3859 3364 3915 hominibus
3404 3861 3512 3915 im-

1953 3961 2193 4022 petrant;
2236 3952 2328 4020 qui
2362 3951 2645 4019 subjectis,
2687 3964 2998 4020 quanquam
3031 3951 3209 4006 omnia
3237 3952 3507 4014 dederint,

1955 4060 2023 4097 ne
2064 4060 2159 4112 per
2190 4042 2465 4096 somnium
2513 4042 2731 4111 quidem
2774 4042 2973 4111 sceptri
3016 4042 3330 4096 societatem
3385 4059 3514 4096 con-

1954 4135 2172 4189 cedunt.
2212 4133 2331 4187 Non
2365 4133 2507 4186 enitn
2545 4144 2602 4185 ut
2631 4148 2817 4188 servos
2847 4143 3061 4197 tractat,
3103 4146 3200 4188 nec
3229 4149 3510 4188 servorum

1956 4241 2050 4280 eos
2097 4227 2216 4279 loco
2266 4226 2461 4286 habet;
2524 4226 2613 4277 sed
2668 4225 2873 4277 amicos
2906 4239 3219 4286 numerans,
3250 4235 3302 4277 et
3345 4227 3516 4292 ipsius

1956 4318 2219 4371 amicitiae
2239 4318 2407 4386 legem
2446 4317 2549 4369 illis
2584 4331 2830 4379 servans,
2877 4331 3039 4382 quam
3084 4316 3151 4368 ab
3200 4316 3355 4369 initio
3406 4319 3516 4385 ipse

1958 4398 2263 4473 constituit,
2294 4406 2769 4463 communiafacit
2815 4407 3034 4469 omnia,
3084 4420 3259 4474 neque
3298 4407 3397 4458 hoe
3427 4416 3516 4458 aut

278 4503 373 4553 καὶ
440 4502 577 4567 πρὸς
612 4499 660 4548 τί
699 4500 805 4564 γὰρ
836 4482 975 4551 ἄλλο’
997 4497 1211 4565 βλέπων
1264 4496 1290 4545 ὁ
1322 4495 1589 4562 μακάριος
1647 4495 1841 4554 Παῦλος

1961 4503 2091 4555 illud
2124 4513 2358 4566 tantum,
2418 4504 2510 4555 sed
2559 4503 2737 4570 ipsum
2789 4516 3011 4568 regnum
3058 4508 3112 4551 et
3138 4498 3387 4553 diadema
3443 4501 3520 4551 eis

287 4612 303 4641 ι
342 4589 729 4657 κληρονόμους
769 4588 863 4653 μὲν
895 4583 1051 4646 εἶναι,
1100 4586 1256 4652 φησὶ,
1292 4584 1450 4647 Θεοῦ,
1484 4585 1848 4652 συγκληρονόο

284 4700 419 4750 μους
470 4680 526 4731 δὲ
580 4679 837 4745 Χριςτοῦ,
883 4696 897 4726 ›
940 4679 1141 4745 καὶτῷ
1173 4677 1392 4744 Χριστῷ
1434 4676 1849 4745 συμόασιλεύειν

279 4778 406 4836 τοὺς
443 4772 814 4841 μετασχόντας
847 4771 952 4820 τῶν
987 4770 1305 4837 δυσχεριῖ›ν;
1344 4768 1405 4816 Ἰ“ί
1446 4766 1700 4819 τοσοῦτον
1729 4784 1853 4833 τερ-

283 4870 443 4929 πνὸν,
468 4865 611 4915 ὣστε
646 4866 777 4928 πρὸς
806 4861 901 4929 τὴν
927 4862 1056 4912 θέαν
1086 4861 1303 4927 ἐκείνην
1330 4860 1693 4927 ἀμιλληθῆναι
1717 4877 1730 4921 ;
1753 4860 1854 4909 Χο-

286 4962 375 5024 ρὸς
412 4956 725 5025 μακαρίων.
756 4953 925 5019 δῆμος
956 4953 1288 5021 χαιρόντωνί
1325 4952 1430 5003 Καὶ
1459 4954 1486 5000 ό
1514 4951 1611 5019 μὲν
1655 4952 1858 5019 ἀστράε

284 5068 437 5103 πτων
497 5050 577 5110 είς
612 5048 707 5115 τὴν
739 5048 841 5114 γῆν
900 5048 956 5112 ἐξ
1003 5045 1237 5114 οὐρανοῦ
1290 5045 1651 5107 καταϐαίνει,
1702 5045 1773 5111 γῆ
1803 5044 1858 5094 δὲ

289 5142 476 5208 ἡλίους
514 5140 706 5199 ἄλλους
736 5139 1049 5206 ἁντανίσχει
1078 5137 1155 5206 τῷ
1192 5137 1292 5205 τῆς
1320 5119 1668 5202 δικαιοσύνης
1702 5135 1857 5203 ἡλίῳ,

293 5238 387 5283 καὶ
416 5234 597 5285 πάντα
642 5233 801 5299 γέμει
833 5236 1031 5297 φωτός.
1058 5233 1252 5285 Ἔνθεν
1273 5234 1321 5283 οἱ
1354 5232 1551 5299 μελέτῃ
1586 5233 1859 5283 καὶκακο-

296 5326 502 5392 subsiet
540 5328 630 5375 καί
668 5326 848 5384 πόνοις
879 5326 969 5375 καὶ
996 5328 1057 5391 τῇ
1109 5325 1215 5377 τῶν
1246 5324 1532 5391 ὁμοφύλων
1565 5322 1862 5391 κηδεμονία

295 5422 393 5479 τὴν
458 5416 587 5483 περ)⁵
648 5414 740 5465 τὸν
774 5415 1005 5481 Χριστὸν
1062 5414 1462 5481 ἐπιδειξάμενοι
1526 5413 1859 5482 προθυμίαν,

298 5507 506 5557 ἐκεῖθεν
551 5508 599 5555 οἱ
632 5507 725 5555 καὶ
755 5507 850 5571 τὴν
901 5505 1115 5573 σφαγὴν
1157 5506 1532 5573 μιμησάμενοι
1565 5507 1663 5571 τὴν
1696 5505 1861 5556 αὐτοῦ

301 5599 394 5646 καὶ
458 5598 594 5665 πρὸς
649 5594 777 5664 ξίφη
839 5596 1069 5663 καὶπῦρ
1106 5600 1199 5648 καὶ
1254 5596 1481 5648 θάνατον
1506 5594 1864 5652 ἐκδεδωκότες

372 5778 415 5806 ⁸⁵
450 5779 607 5831 “om.
640 5792 756 5835 rm.
783 5775 870 5828 59.
948 5779 989 5805 ”‘
1028 5776 1325 5843 I'liilipth,
1368 5775 1450 5829 10.

558 5874 825 5929 Ρηιιυι.
860 5877 971 5929 (iu.
1010 5873 1138 5929 CL.

1527 5774 1570 5803 δε
1611 5772 1796 5828 Ma'th.
1845 5788 1991 5829 XXIV.
2040 5774 2105 5827 30

1958 4592 2239 4660 prremium
2278 4592 2388 4645 dat.
2433 4589 2571 4654 Quid
2608 4592 2751 4643 enim
2784 4589 2928 4643 aliud
2964 4589 3065 4643 sibi
3108 4590 3296 4643 volens
3332 4591 3523 4643 beatae

1959 4682 2161 4736 Paulus
2186 4684 2252 4744 ",
2308 4683 2549 4735 ha‘redes
2594 4682 2811 4748 quidem
2853 4680 2943 4733 Dei
2985 4695 3107 4733 esse
3146 4680 3297 4741 dicit,
3343 4681 3517 4732 cohae-

1960 4772 2117 4825 rcdes
2154 4781 2331 4824 autem
2364 4770 2588 4833 Christi,
2627 4778 2681 4822 et
2715 4782 2944 4835 regnare
2989 4782 3114 4820 cum
3156 4768 3395 4827 Christo.
3431 4770 3520 4835 qui

1961 4878 2085 4915 cum
2116 4876 2181 4914 eo
2212 4862 2395 4928 gravia
2443 4859 2821 4927 pertulerunt?
2863 4858 3001 4922 Quid
3052 4868 3159 4909 tam
3194 4858 3521 4925 jucundum,

1962 4962 2021 5003 ut
2067 4953 2240 5019 possit
2278 4966 2401 5004 cum
2444 4950 2606 5016 huius
2645 4949 2937 5016 spectaculi
2994 4949 3341 5017 jucunditate
3393 4968 3523 5005 con-

1960 5043 2224 5096 tendere?
2258 5044 2444 5097 Cmtus
2469 5054 2550 5095 est
2586 5042 2892 5103 beatorum,
2924 5044 3156 5112 populus
3199 5044 3519 5097 laetantium.

1961 5133 2023 5185 Et
2055 5133 2141 5186 ille
2171 5134 2388 5201 quidem
2422 5146 2719 5185 coruscans
2751 5133 2802 5184 in
2834 5142 3033 5186 terram
3065 5150 3094 5187 e
3128 5135 3266 5188 caelo
3298 5135 3524 5187 descen-

1961 5229 2077 5288 dit;
2135 5235 2276 5277 terra
2324 5241 2449 5277 vero
2491 5225 2631 5277 soles
2662 5226 2798 5279 alios
2851 5226 2954 5279 soli
3003 5227 3225 5293 justitiae
3282 5227 3519 5278 vicissim

1963 5320 2230 5387 producit,
2286 5331 2335 5370 et
2372 5319 2551 5370 omnia
2603 5318 2805 5371 lumine
2849 5318 3207 5388 complentur.
3244 5317 3397 5377 Hinc,
3433 5317 3524 5383 qui

1962 5410 2368 5470 exercitatione,
2421 5408 2734 5471 afflictione,
2776 5418 2829 5461 ct
2876 5409 3175 5469 laboribus,
3226 5419 3281 5461 et
3326 5408 3527 5459 contri—

1964 5503 2168 5553 bulium
2204 5500 2568 5554 sollicitudine
2623 5501 2860 5553 studium
2908 5511 2960 5554 ct
3000 5502 3335 5553 alacritatem
3370 5514 3523 5552 suam

1964 5592 2182 5643 Christo
2216 5589 2621 5658 probaverunt;
2661 5592 2785 5644 inde
2816 5593 2908 5657 qui
2967 5592 3286 5644 morientem
3333 5592 3529 5645 imitati

2205 5773 2246 5804 ⁸⁷
2301 5773 2459 5826 Rom.
2482 5787 2597 5831 vut,
2641 5771 2725 5823 17.

3061 5864 3137 5921 ‘21
