3982 6208
449 333 550 400 651

1671 326 1978 387 NICOLM
2020 326 2406 388 CABASILE

3572 317 3672 383 659.

448 457 649 526 gladio,
703 454 833 524 igni,
897 453 1054 507 ntorti
1083 465 1200 506 sese
1249 452 1606 517 tradiderunt,
1659 450 2009 507 cicatricibus

2114 446 2330 509 αὐτοὺς,
2360 445 2457 506 τὰς
2490 442 2650 505 οὐλὰς
2673 443 2754 496 ἔτι
2781 444 3092 507 δεικνύντες
3117 444 3210 496 ἐπί⁵
3234 444 3342 498 τῶν
3362 445 3686 512 λαμπόντων

448 547 502 601 in
542 547 861 615 corporibus
893 542 1112 608 fulgidis
1159 542 1461 610 conspicui,
1505 551 1562 596 et
1607 542 1850 608 vestigiis
1892 541 2009 592 vul-

449 654 662 696 nerum.
732 645 791 690 ut
842 645 1164 701 tropaeorum
1209 633 1440 700 quadem
1501 632 1852 702 inscriptione
1920 631 2012 684 tri-

448 727 792 799 umphantes,
855 738 1057 777 corona
1137 721 1602 785 fortissimorum,
1693 721 2010 776 vulneribus

444 819 740 873 illustrium
769 854 783 879 ,
831 813 986 884 juxta
1034 828 1239 884 regem,
1279 813 1396 884 qui,
1444 813 1588 883 quod
1645 814 1864 868 occisus
1906 823 2008 877 est,

445 911 600 970 vicit,
651 917 707 961 et
763 905 906 975 quod
965 904 1166 959 Paulus
1219 904 1316 970 ait,
1386 912 1637 974 «prepter
1699 903 2007 974 passionem

443 1005 634 1061 mortis
654 1002 752 1067 ",i
787 1001 959 1071 gloria
994 1007 1048 1054 et
1082 1001 1288 1054 honore
1315 1008 1652 1054 coronatum.

516 1095 645 1149 lia‘c
669 1091 1079 1148 commentandi
1102 1099 1418 1159 argumenta
1462 1089 1621 1143 nobis
1645 1090 2012 1150 sumentilius.

441 1199 494 1242 et
516 1185 662 1240 omni
699 1197 938 1253 tempore
955 1181 1340 1251 cogitantibus,
1363 1192 1476 1236 tum
1493 1190 1698 1235 naturae
1721 1191 1919 1236 nostrae
1932 1180 2014 1235 di.-

442 1281 646 1349 gnitas,
671 1286 785 1330 tum
822 1275 912 1328 Dei
931 1274 1238 1343 benignitas
1274 1273 1526 1326 notaliet.
1549 1271 1664 1326 Hoc
1704 1271 1941 1324 maxime
1983 1285 2013 1323 a

439 1371 702 1443 pravitate
720 1383 820 1422 nos
837 1366 1061 1427 arcebit,
1077 1366 1187 1419 etsi
1205 1364 1614 1428 fortelabemur,
1634 1361 1788 1416 facile
1809 1377 2019 1430 repara-

443 1464 542 1517 bit.
579 1462 713 1514 Cum
739 1458 884 1512 enim
944 1457 1114 1511 multa
1163 1456 1272 1510 sint
1312 1471 1433 1524 quae
1486 1454 1712 1509 salutem
1771 1462 2010 1507 nostram

443 1552 720 1620 inmedire»
762 1556 990 1618 queant,
1041 1548 1378 1616 praecipuum
1425 1554 1530 1608 est,
1591 1545 1736 1615 quod
1787 1553 2014 1614 peccato

440 1653 772 1711 quocunque
826 1638 1092 1700 admisso,
1142 1651 1246 1689 non
1280 1636 1425 1689 illico
1467 1636 1532 1688 ad
1564 1635 1731 1688 Deum
1765 1632 2014 1688 conversi

441 1734 655 1788 veniam
693 1730 1031 1799 rogitamus;
1069 1727 1163 1781 sed
1190 1729 2013 1789 erubescentes,etmetucntes,

2116 537 2383 605 σωμάτων
2440 536 2533 588 καὶ
2579 533 3006 603 θριαμϐεύοντες
3052 537 3166 597 τοῖς
3193 534 3304 588 τῶν
3330 535 3558 604 πληγῶν
3589 537 3685 588 τύ-

2112 645 2232 690 ποις
2263 628 2338 690 ώς
2371 628 2650 696 ἐπιγραφῇ
2682 625 2990 689 τροπαίων,
3025 625 3225 688 κύκλος
3271 627 3542 694 ἀριστέων
3574 625 3688 679 ἀπὸ

2109 721 2443 790 τραυμάτων
2486 719 2792 787 εὐδοκιμῶν
2842 717 2996 784 παρά
3053 718 3267 788 βασιλεῖ
3296 718 3375 786 τῷ
3409 719 3687 785 σφαγῆναι

2111 811 2442 881 νενικηκότι,
2475 813 2570 864 καὶ
2600 811 2628 863 ὃ
2659 827 2794 880 φησι
2815 809 3024 872 Παῦλος
3056 828 3075 861 ι
3103 811 3191 862 διὰ
3217 809 3276 863 τὸ
3313 809 3561 886 ,πάθημα
3593 808 3688 860 τοῦ

2113 901 2346 956 Θανάτου
2375 901 2504 974 δόξῃ
2532 901 2627 952 καί⁵
2651 902 2789 971 τιμῇ
2827 900 3290 970 ἐστεφανωμένῳ.
3333 919 3348 950 ι

2183 1085 2368 1140 Ταῦτα
2391 1085 2741 1154 ποιουμένοις
2774 1082 3009 1152 μελέτην
3031 1081 3126 1135 καὶ
3148 1079 3357 1134 τούτων
3381 1077 3536 1133 οὖσιν
3565 1078 3697 1129 ὅσαι

2114 1171 2255 1247 ὧραι
2278 1178 2384 1230 τῶν
2411 1175 2714 1244 λογισμῶν,
2733 1175 2794 1227 τό
2822 1191 2881 1225 τε
2904 1172 3006 1240 τῆς
3035 1172 3248 1241 φύσεως
3278 1170 3434 1241 ἡμῶν
3472 1167 3698 1236 ἀξίωμα

2114 1269 2390 1339 γνώριμον
2411 1269 2444 1338 ἧ
2485 1285 2541 1320 τε
2564 1265 2946 1336 φιλανθρωπία
2969 1265 3101 1334 δήλη
3125 1262 3324 1332 γένοιτ’
3346 1262 3412 1315 ἂν
3437 1262 3574 1331 ἡμῖν
3600 1259 3697 1312 τοῦ

2115 1361 2275 1413 Θεοῦ.
2332 1359 2503 1412 Τοῦτο
2551 1360 2608 1412 δὲ
2647 1359 2884 1428 μάλιστα
2919 1357 3019 1428 μέν
3055 1357 3147 1408 ἐπί
3203 1373 3256 1408 τι
3289 1354 3528 1424 πονηρὸν
3565 1354 3702 1406 ἰδεῖν

2115 1456 2216 1508 οὐκ
2235 1457 2406 1519 ἐάσει,
2439 1455 2705 1514 πεσόντας
2751 1453 2828 1516 δέ,
2862 1453 2910 1505 εἰ
2940 1451 3206 1520 συμϐαίη,
3244 1448 3574 1519 ἀναλήψαιτ’
3632 1447 3702 1500 ἂν

2118 1547 2333 1618 ῥᾳδίως.
2375 1545 2594 1598 Πολλῶν
2615 1545 2724 1615 γὰρ
2754 1545 2947 1603 ὄντων,
2976 1543 3120 1609 ἅπερ
3150 1544 3214 1595 ἂν
3249 1543 3385 1611 ἡμῖν
3416 1541 3700 1609 προσταίη

2117 1643 2182 1709 τῇ
2223 1640 2487 1709 σωτηρίᾳ,
2538 1641 2794 1706 μέγιστον
2852 1636 3110 1690 ἁπάντων
3143 1636 3202 1688 τὸ
3232 1633 3703 1703 πλημμελοῦντας

2117 1730 2297 1783 ὁτιοῦν
2332 1731 2406 1800 μὴ
2443 1732 2578 1799 πρὸς
2607 1730 2696 1781 τὸν
2723 1729 2856 1781 Θεὸν
2881 1729 3044 1789 εὐθὺς
3088 1727 3464 1796 ἐπεστράφθαι
3491 1741 3704 1793 παραι-

441 1826 585 1879 viam
613 1824 676 1878 ad
706 1823 859 1876 illum
892 1819 1176 1873 molestam
1207 1833 1270 1871 ac
1299 1815 1594 1881 diflicilem,
1619 1815 1879 1882 illumque
1909 1813 1984 1866 ira

2119 1825 2436 1885 τουμένους,
2486 1823 2602 1874 ἀλλ’
2660 1821 3086 1891 αἰσχυνομένους
3120 1825 3214 1871 καὶ
3258 1818 3577 1882 δεδοικότας
3612 1821 3706 1886 ἐρ-

443 1929 560 1972 tum
592 1916 751 1969 nobis
773 1923 828 1969 et
847 1912 1152 1974 inimicum,
1180 1919 1232 1964 et
1267 1924 1390 1962 eum
1419 1907 1676 1962 accedere
1709 1906 2013 1959 volentibus

444 2005 706 2077 singulari
744 2002 1139 2074 praaparatione
1167 2015 1305 2068 opus
1327 2014 1447 2053 esse
1474 1998 1785 2062 opinamur.
1817 1994 2016 2048 Huma-

446 2103 592 2158 nitas
619 2114 784 2170 porro
809 2097 903 2152 Dei
944 2093 1258 2165 huiusmodi
1307 2095 1541 2162 cogitata
1571 2107 1635 2145 ex
1669 2091 1849 2143 anima
1886 2089 2013 2142 fun-

444 2197 595 2250 ditus
618 2191 857 2262 expellit.
888 2189 1024 2242 Nam
1059 2187 1152 2257 qui
1187 2187 1354 2256 probe
1393 2185 1647 2256 cognovit
1671 2197 1833 2252 quam
1858 2197 2013 2235 man-

444 2293 637 2344 suetus
673 2285 768 2350 sit,
801 2290 854 2335 et
887 2281 1017 2334 illud
1067 2280 1301 2348 ignorat,
1345 2296 1362 2327 ι
1399 2277 1591 2329 Adhuc
1630 2284 1680 2329 te
1729 2274 2009 2343 loquente.

444 2381 607 2442 dicet,
641 2388 769 2430 ecce
812 2373 1006 2426 adsum
1033 2369 1105 2432 ⁸⁸,
1140 2388 1158 2420 ι
1191 2367 1322 2438 quid
1375 2381 1497 2420 eum
1531 2373 1836 2420 remoretur
1881 2363 2012 2432 quin

445 2468 627 2522 statim
676 2475 736 2519 ut
764 2461 1028 2533 peccavit,
1059 2476 1184 2515 eum
1219 2458 1415 2512 adeat?
1441 2455 1564 2511 Hzec
1599 2455 1744 2510 enim
1769 2469 2012 2508 commu-

443 2559 532 2614 nis
562 2557 734 2612 hostis
764 2556 1057 2610 adversum
1108 2566 1208 2607 nos
1236 2549 1589 2614 machinatio,
1630 2556 1684 2601 et
1714 2546 1877 2602 dolus
1908 2553 2011 2610 est,

444 2650 574 2704 dum
601 2649 667 2702 ad
692 2654 975 2715 peccatum
1009 2643 1288 2707 sollicitat,
1323 2640 1708 2696 confidentiam
1739 2646 1795 2692 et
1839 2637 2015 2691 auda-

443 2740 585 2795 ciam
613 2736 856 2794 excitare
892 2751 906 2788 :
943 2733 1220 2789 teterrima
1248 2731 1360 2801 jam
1407 2731 1581 2796 ausis,
1612 2728 2010 2799 prolapsisque,

443 2829 704 2900 pudorem
763 2841 826 2880 ac
854 2826 1104 2880 timorem
1163 2821 1458 2877 absurdum
1493 2821 1738 2891 injicere,
1797 2827 1854 2873 ut
1888 2833 2010 2873 cum

443 2923 536 2976 illo
558 2905 721 2974 modo
767 2918 964 2972 cadere
995 2915 1205 2981 fecerit,
1239 2915 1343 2969 hoc
1364 2928 1665 2980 ,resurgere
1696 2927 1803 2966 non
1834 2913 2010 2976 sinat;

443 3029 541 3069 seu
569 3011 771 3082 potius,
803 3010 895 3064 illo
924 3024 953 3063 a
991 3007 1101 3062 Deo
1133 3005 1406 3070 adducat;
1440 3004 1541 3056 hoc
1564 3002 1629 3056 ad
1660 3017 1784 3055 eum
1815 3000 2012 3054 reverti

445 3121 554 3159 non
603 3103 900 3174 permittat,
931 3113 1101 3169 atque
1143 3101 1215 3154 ita
1249 3098 1352 3152 viis
1411 3095 1705 3150 contrariis
1755 3095 1811 3148 in
1841 3108 2010 3148 unum

444 3197 760 3251 barathrum
793 3191 1094 3263 pertrahat.

512 3376 620 3432 Sed
651 3377 764 3431 haec
795 3373 944 3430 omni
993 3370 1274 3442 diligentia
1325 3368 1566 3423 cavenda
1617 3378 1766 3434 sunt,
1818 3383 2011 3436 nempe

443 3475 569 3521 ante
593 3475 874 3534 peccatum
905 3461 1159 3525 audacia,
1186 3469 1240 3514 et
1268 3466 1394 3529 post
1420 3465 1700 3527 peccatum
1750 3457 1923 3524 pudor
1947 3470 2011 3509 ac

442 3561 629 3619 timor,
669 3555 802 3610 nihil
825 3555 970 3610 enim
1005 3550 1415 3610 commoditatis
1445 3549 1664 3603 habent.
1700 3548 1815 3601 Non
1866 3549 2008 3602 enim

446 3651 611 3706 timor
635 3651 734 3705 iste
762 3647 962 3710 calcar,
996 3646 1089 3700 sed
1119 3653 1310 3712 stupor
1333 3642 1554 3712 quidam
1584 3655 1647 3695 ac
1670 3630 1855 3709 torpor
1896 3640 2012 3693 ani-

445 3745 638 3800 mabus
662 3750 744 3797 est
775 3756 788 3792 :
821 3755 918 3794 nec
946 3737 1324 3798 erubescimus
1373 3733 1712 3797 vulneribus,
1742 3743 1802 3785 ut
1853 3732 2008 3785 auxi-

443 3838 512 3890 lia
538 3832 986 3900 curationemque
1023 3827 1388 3892 inveniamus,
1441 3825 1537 3881 sed
1575 3834 1631 3878 ut
1668 3823 1857 3879 oculos
1887 3821 2009 3877 Sal-

442 3925 645 3984 vatoris
679 3921 1038 3989 effugiemus;
1065 3917 1212 3972 sicut
1233 3915 1406 3970 Adam
1462 3927 1524 3969 se
1549 3910 1856 3975 abscondit,
1883 3923 2008 3978 pro-

445 4030 564 4092 pter
585 4019 785 4073 vulnus
814 4029 1034 4069 manum
1095 4011 1290 4066 medici
1347 4007 1822 4078 fugiens(propter
1865 4002 2008 4071 quod

445 4115 586 4171 enim
611 4125 854 4180 quaerere
876 4107 1131 4170 debebat,
1160 4119 1230 4159 ne
1263 4111 1542 4171 peccatum
1579 4098 1648 4151 de
1673 4098 1790 4166 ipso
1818 4093 2009 4148 trium-

447 4199 681 4271 pharet),
712 4212 937 4251 uxorem
975 4203 1157 4246 autem
1207 4187 1490 4256 objiciens,
1541 4195 1602 4239 ut
1652 4193 1913 4253 quantum
1953 4182 2007 4236 in

442 4279 561 4361 .p'so
595 4300 732 4354 erat,
763 4286 1048 4340 mollitiem
1082 4282 1246 4336 animi
1280 4281 1362 4334 sui
1415 4288 1619 4348 tegeret
1669 4291 1734 4330 ac
1781 4275 2006 4330 velaret.

442 4360 507 4436 Et
534 4383 676 4437 sicut
713 4389 833 4446 post
856 4377 1008 4431 illum
1035 4373 1169 4428 Cain
1223 4385 1474 4438 (ιιιαξι-ειιε
1523 4369 1689 4422 latere
1733 4360 2008 4436 quomodo

439 4489 500 4529 se
528 4486 688 4540 posse
713 4472 881 4523 latere
907 4466 1133 4536 putabat
1154 4479 1278 4519 eum
1307 4463 1464 4529 cujus
1482 4462 1654 4516 oculis
1679 4467 1862 4530 patent
1887 4474 2009 4514 om-

2118 1917 2264 1985 γώδη
2303 1917 2424 1968 τινὰ
2486 1914 2731 1984 νομίζειν
2794 1915 2896 1983 τὴν
2942 1915 3023 1970 εἰς
3064 1914 3269 1965 ἐκεῖνον
3302 1911 3437 1974 ὁδὸν,
3491 1914 3592 1963 καὶ
3628 1911 3705 1970 ὡς

2115 2010 2348 2080 ὀργίλως
2396 2008 2532 2074 πρὸς
2566 2009 2718 2077 ἡμᾶς
2758 2011 2851 2060 καί
2873 2007 3149 2075 δυσχερῶς
3176 2005 3289 2074 ἔχει
3319 2007 3411 2057 καὶ
3445 2004 3705 2073 μεγάλης

2115 2101 2196 2153 δεῖ
2230 2101 2346 2160 τοῖς
2371 2099 2694 2167 προσελθεῖν
2728 2097 3080 2165 βουλομένοις
3106 2096 3465 2166 Παρασκευῆς
3490 2112 3505 2126 ο
3549 2097 3586 2163 ἠ
3649 2096 3705 2147 δὲ

2113 2189 2208 2242 τοῦ
2239 2189 2375 2242 Θεοῦ
2405 2189 2789 2259 φιλανθρωπία
2813 2189 2911 2257 τῆς
2933 2188 3109 2257 ψυχῆς
3143 2187 3461 2240 παντάπασι
3498 2187 3704 2239 τοῦτον

2114 2282 2367 2335 ἐκϐάλλει
2401 2282 2494 2335 τὸν
2531 2281 2812 2351 λογισμόν.
2842 2280 2935 2349 Τῷ
2968 2281 3079 2350 γὰρ
3111 2280 3275 2332 εἰδότι
3305 2277 3513 2345 σαφῶς,
3539 2279 3706 2342 ὅτως

2116 2375 2457 2445 ἡμερότητος
2488 2373 2620 2443 ἔχει,
2652 2374 2747 2426 καὶ
2773 2374 2848 2436 ὡς
2875 2374 2958 2427 ἔτι
3018 2392 3036 2424 ι
3075 2371 3363 2433 λαλοῦντος
3390 2373 3530 2441 ἐρεῖ,
3557 2371 3705 2427 Ἰδοὺ

2084 2461 2372 2536 “πάρειμι,
2401 2485 2418 2517 ι
2449 2467 2504 2519 τί
2531 2465 2729 2532 γένοιτ’
2766 2467 2833 2518 ἂν
2865 2465 3097 2534 κώλυμα
3136 2465 3267 2534 περὶ
3293 2465 3401 2516 τῶν
3434 2466 3551 2533 ἠμα
3568 2481 3706 2534 ρτηο

2119 2559 2297 2628 μένων
2324 2559 2486 2620 εὐθὺς
2510 2557 2659 2627 αὐτῷ
2683 2557 3039 2628 προσελθεῖνς
3067 2557 3240 2612 Τοῦτο
3254 2557 3362 2628 γὰρ
3388 2557 3617 2627 μηχάνη
3632 2577 3705 2626 μα

2117 2649 2237 2700 καθ’
2269 2649 2424 2718 ἡμῶν
2455 2650 2550 2701 καὶ
2581 2649 2746 2717 τέχνη
2774 2649 2866 2702 τοῦ
2895 2649 3076 2702 κοινοῦ
3108 2649 3390 2719 πολεμίου,
3420 2652 3563 2720 πρὸς
3599 2652 3703 2719 μὲν

2114 2738 2212 2808 τὴν
2252 2739 2530 2806 ἁμαρτίαν
2565 2740 2766 2806 ἄγοντα
2797 2739 3102 2808 θρασύτητι
3133 2743 3229 2800 καὶ
3270 2740 3443 2812 τόλμῃ
3495 2745 3702 2804 κινεῖν,

2114 2831 2417 2899 τολμήσασι
2446 2831 2502 2882 δὲ
2534 2831 2605 2882 τὰ
2650 2831 2936 2884 δεινότατα
2987 2833 3082 2885 καὶ
3137 2830 3396 2883 πεσοῦσιν
3421 2833 3705 2900 αἰσχύνην

2116 2914 2208 2973 καὶ
2239 2921 2354 2983 δέος
2376 2922 2577 2975 ἄτοπον
2607 2919 2891 2983 ἐντιθέναι,
2913 2921 2987 2984 ὡς
3009 2921 3073 2974 ἂν
3101 2919 3179 2990 τῷ
3211 2921 3308 2990 μὲν
3329 2925 3701 2990 παρασκευά-

2117 3029 2182 3081 σῃ
2211 3016 2418 3076 πεσεῖν,
2451 3011 2527 3080 τῷ
2575 3011 2619 3065 δ’
2649 3012 2948 3080 ἀναστῆναι
2988 3010 3062 3081 μὴ
3107 3012 3454 3080 συγχωρήσῃ,
3488 3011 3704 3078 μᾶλλον

2107 3103 2171 3156 δέ
2199 3105 2273 3174 τῷ
2310 3105 2409 3173 μὲν
2436 3104 2700 3174 ἀπαγάγῃ
2732 3103 2894 3167 Θεοῦ,
2922 3103 2998 3170 τῷ
3024 3103 3079 3156 δέ
3104 3103 3241 3168 πρὸς
3273 3103 3432 3154 αὑτὸν
3457 3105 3706 3156 ἐπανελ-

2039 3187 2082 3242 C
2117 3196 2227 3249 θεῖν
2265 3198 2365 3250 οὐκ
2408 3197 2564 3269 ἐάσῃ,
2613 3197 2706 3249 καὶ
2761 3194 2905 3250 οὕτω
2934 3197 3020 3249 διὰ
3063 3198 3171 3248 τῶν
3204 3195 3461 3249 ἐναντίων
3493 3194 3587 3261 ἐφ’
3643 3195 3704 3248 ἓν

2116 3290 2320 3362 ἐλκύσῃ
2351 3290 2648 3361 βάραθρον.

2188 3381 2377 3435 Ταῦτα
2437 3382 2494 3434 δέ
2551 3379 2700 3451 πάσῃ
2765 3380 2966 3449 σπουδῇ
3017 3376 3381 3446 φυλάττεσθαι
3435 3376 3538 3441 δεῖ,
3599 3381 3704 3432 καὶ

2114 3474 2340 3543 φεύγειν
2394 3471 2601 3541 ὁμοίως
2665 3473 2763 3541 τήν
2813 3489 2873 3524 τε
2929 3471 3036 3543 πρὸ
3093 3474 3191 3540 τῆς
3235 3469 3511 3536 ἁμαρτίας
3565 3471 3703 3529 τόλ-

2116 3583 2224 3635 μαν
2278 3563 2376 3616 καὶ
2428 3564 2527 3634 τὴν
2582 3567 2722 3632 μετὰ
2778 3564 2982 3634 ταύτην
3039 3565 3303 3633 αἰσχύνην
3352 3563 3446 3616 καὶ
3496 3563 3700 3629 φόϐον,

2113 3650 2188 3711 ὧν
2252 3655 2404 3710 οὐδὲν
2466 3655 2682 3724 ὄφελος.
2745 3657 2818 3709 Ού
2876 3657 2985 3723 γὰρ
3038 3653 3103 3724 δὴ
3165 3654 3390 3722 κέντρον
3452 3645 3622 3714 οὗτος
3673 3653 3704 3706 δ

2116 3747 2304 3818 φόϐος,
2333 3743 2470 3800 ἀλλά
2499 3746 2676 3816 νάρκη
2709 3745 2792 3809 τίς
2817 3749 2932 3799 ἐστι
2961 3746 3081 3806 ταῖς
3103 3745 3324 3815 ψυχαῖς,
3357 3743 3464 3798 οὐδ’
3492 3747 3700 3814 αἰσχυ-

2112 3836 2320 3906 νόμεθα
2353 3836 2466 3899 τοῖς
2488 3835 2823 3905 τραύμασιν,
2847 3834 2913 3888 ἶν’
2937 3833 3249 3904 ἐξεύρωμεν
3270 3827 3313 3901 ᾧ
3345 3834 3702 3904 θεραπεύσο-

2113 3946 2234 3997 μεν,
2269 3929 2385 3984 ἀλλ’
2446 3929 2535 3981 ἵνα
2561 3928 2687 3991 τοὺς
2718 3927 2812 3981 τοῦ
2844 3927 3100 3999 Σωτῆρος
3157 3925 3419 3996 φύγωμεν
3470 3925 3699 3992 ὀφθαλ-

2111 4021 2268 4092 μοὺς,
2303 4019 2556 4090 καθάπερ
2583 4017 2758 4090 Ἀδὰμ
2777 4017 3012 4089 ἐκρύϐη,
3034 4017 3123 4072 διὰ
3139 4017 3199 4070 τὸ
3223 4017 3442 4087 τραῦμα
3463 4017 3565 4088 τὴν
3589 4020 3698 4072 τοῦ

2115 4111 2300 4182 ἰατροῦ
2347 4115 2503 4183 χεῖρα
2556 4110 2798 4179 φεύγων,
2845 4109 2985 4179 ὑπὲρ
3013 4105 3073 4165 οῦ
3106 4111 3291 4182 ζητεῖν
3331 4107 3462 4173 ἔδει,
3491 4108 3576 4177 τῷ
3613 4111 3696 4179 μὴ

2111 4201 2233 4256 κατ’
2267 4200 2429 4263 αὐτὸς
2451 4199 2617 4254 αὐτοῦ
2651 4201 3020 4271 θριαμϐεῦσαι
3049 4199 3148 4270 τὴν
3195 4200 3494 4271 ἁμαρτίαν,
3543 4200 3696 4253 ἀλλὰ

2107 4292 2209 4364 τὴν
2229 4293 2463 4360 γυναῖκα
2488 4292 2881 4362 προϊσχόμενος
2907 4291 3005 4360 τὴν
3028 4293 3124 4362 τῆς
3150 4291 3374 4361 γνώμης
3389 4289 3694 4346 ἀσθένειαν

2113 4381 2456 4451 συγκαλύψαι
2485 4384 2544 4435 τό
2575 4381 2626 4450 γ’
2661 4383 2748 4436 ἐπ’
2780 4382 2927 4452 αὐτῷ
2949 4399 2962 4413 ·
2991 4383 3092 4441 καὶ
3148 4383 3287 4436 Κάῖν
3317 4381 3436 4451 μετ’
3464 4381 3695 4434 ἐκεῖνον

2110 4474 2390 4528 λανθάνειν
2404 4472 2606 4544 ζητῶν,
2625 4467 2704 4536 οἷς
2722 4473 2874 4544 amen
2900 4473 3195 4544 δυνηθῆναι
3213 4473 3414 4535 λαθεῖν,
3430 4465 3474 4539 ᾧ
3502 4475 3696 4525 πάντα

441 4563 550 4616 nia.
586 4558 857 4614 Conducit
914 4557 1058 4610 enim
1109 4562 1159 4608 et
1215 4551 1424 4616 timere,
1460 4559 1512 4604 et
1558 4551 1898 4609 erubescere,
1953 4555 2008 4601 et

2121 4565 2226 4636 πρὸ
2255 4564 2363 4618 τῶν
2389 4564 2704 4634 ὀφθαλμῶν.
2741 4564 2896 4617 Ἔστι
2921 4567 3031 4633 γὰρ
3063 4564 3355 4624 λυσιτελῶς
3378 4570 3462 4616 κα
3496 4563 3693 4617 δεῖσαι

441 4651 710 4708 macerari
774 4649 975 4710 animo,
1032 4655 1088 4699 et
1153 4659 1351 4712 corpus
1381 4642 1719 4705 submittere,
1743 4655 1866 4694 cum
1888 4639 2006 4694 haec

439 4745 506 4800 ad
536 4742 705 4798 Deum
738 4755 838 4795 nos
865 4735 1120 4808 expedire
1149 4736 1443 4805 potuerint.
1480 4754 1498 4786 ι
1530 4735 1574 4787 A
1600 4733 1866 4788 fructibus
1912 4747 2007 4785 eo-

442 4851 584 4899 rum,
605 4827 1269 4902 inquit,cognoscetis~eos
1285 4827 1332 4858 ⁵ο
1369 4844 1390 4877 ι
1411 4825 1474 4879 Ει
1489 4825 1744 4893 quoniam
1765 4838 1872 4876 non
1888 4838 2004 4875 mo-

438 4927 508 4982 do
530 4925 710 4996 pudor.
745 4939 807 4977 ac
835 4925 1019 4987 timor,
1051 4922 1141 4975 sed
1169 4920 1349 4987 gravis
1383 4919 1509 4972 item
1560 4915 1778 4969 tristitia
1810 4928 2004 4982 pecca-

440 5015 805 5085 tum-excipit,
837 5015 1000 5068 etiam
1053 5012 1164 5065 lucc
1210 5011 1298 5063 Dei
1352 5007 1744 5062 humanitatem
1800 5005 2002 5072 optime

434 5105 893 5176 cognoscentibus
919 5102 1050 5156 nihil
1079 5100 1344 5154 nocuerit.
1379 5097 1511 5153 Nam
1543 5098 1645 5154 etsi
1666 5095 1998 5151 scelestissi-

435 5213 650 5253 morum
703 5195 1008 5251 facinorum
1049 5193 1152 5247 silli
1210 5191 1317 5244 sint
1367 5190 1596 5249 conscii,
1633 5204 1740 5242 non
1795 5189 1998 5243 idcirco

432 5305 582 5357 spem
637 5289 811 5343 veniae
858 5283 1170 5357 projicient,
1207 5283 1444 5336 scientes
1478 5278 1606 5330 nihil
1667 5277 1803 5355 adeo
1860 5277 1997 5331 indi-

432 5395 598 5450 gnum
627 5392 751 5432 esse
779 5376 952 5435 venia,
991 5383 1050 5450 ut
1076 5371 1166 5425 Dei
1197 5371 1538 5426 clementiam
1576 5368 1774 5420 vincat.
1806 5367 2001 5420 Tristi—

433 5448 504 5524 tia
529 5477 708 5524 autem
744 5448 1046 5520 afficiantur
1080 5462 1325 5525 salutari,
1353 5473 1406 5515 et
1454 5460 1742 5520 curabunt,
1794 5465 1849 5511 ut
1877 5474 1992 5512 eam

428 5562 798 5630 amplificent;
841 5557 988 5611 illam
1039 5555 1267 5608 alteram
1299 5555 1469 5607 bonas
1511 5566 1634 5620 spes
1663 5548 1995 5605 labefactan-

425 5659 534 5706 tem
562 5651 850 5720 fugaliunt.

495 5854 543 5887 ’⁸³
573 5851 738 5908 Hebr.
781 5868 840 5919 ιι,
885 5857 940 5910 9.
1014 5853 1058 5885 δ’
1106 5853 1208 5908 lsa.
1253 5866 1402 5918 Lvm,
1434 5851 1488 5907 9.
1563 5850 1607 5883 “
1648 5848 1832 5903 Matth.
1881 5865 1972 5912 vn,
2011 5850 2096 5906 l6.

2108 4655 2202 4708 καὶ
2228 4654 2586 4725 αἰσχυνθῆναι
2610 4655 2705 4707 καὶ
2729 4653 2908 4725 ψυχὴν
2934 4653 3094 4722 τῆξαι
3119 4655 3214 4707 καὶ
3237 4653 3393 4722 σῶμα
3420 4671 3696 4723 κατενεγ-

2107 4742 2245 4802 κεῖν,
2269 4740 2398 4794 ὅταν
2414 4739 2552 4809 πρὸς
2572 4739 2664 4794 τὸν
2679 4739 2814 4793 Θεὸν
2829 4741 2999 4794 ταῦτα
3019 4742 3242 4811 δύνηται
3263 4742 3471 4811 φέρειν.
3501 4761 3520 4792 ‹
3545 4743 3607 4794 Ἀ
3617 4746 3693 4797 πδ

2106 4828 2215 4898 γὰρ
2243 4827 2350 4880 τῶν
2381 4827 2608 4897 καρπῶν
2661 4829 2860 4892 αὐτῶν,
2922 4830 3108 4897 φησὶν,
3164 4830 3535 4896 ἐπιγνώσεσθε
3576 4833 3692 4883 αὑ·-

2104 4920 2232 4981 τούς
2251 4913 2274 4946 ·’
2309 4936 2328 4969 ι
2361 4919 2483 4971 ἐπεὶ
2526 4919 2570 4972 δ’
2616 4921 2714 4989 οὐχ
2755 4921 2882 4973 ὅσον
2935 4921 3166 4990 αἰσχύνη
3203 4921 3298 4974 καὶ
3343 4920 3484 4983 δέος,
3538 4921 3688 4972 ἀλλὰ

2109 5008 2302 5079 βαρεϊά
2331 5026 2412 5072 τις
2433 5009 2558 5088 ἀνία
2584 5011 2682 5079 τὴν
2714 5011 2989 5081 ἁμαρτίαν
3019 5013 3322 5080 ἐκδέχεται,
3351 5011 3443 5064 καὶ
3469 5011 3688 5082 ταύτης

2105 5098 2326 5168 οὐδεμία
2351 5100 2544 5167 γένοιτ’
2574 5099 2640 5153 ἂν
2671 5101 2845 5172 βλάϐη
2867 5104 2981 5165 τοῖς
3004 5103 3254 5172 ἀκριϐῶς
3285 5103 3383 5172 τὴν
3412 5103 3508 5154 τοῦ
3535 5101 3684 5154 Θεοῦ

2106 5191 2521 5259 φιλανθρωπίαν
2543 5194 2953 5265 ἐπισταμένοις.
2977 5194 3094 5249 Κᾶν
3121 5197 3227 5264 γὰρ
3251 5197 3316 5248 τὰ
3340 5198 3544 5264 ἐσχατα
3568 5199 3683 5249 τῶν

2103 5282 2289 5336 κακῶν
2309 5285 2492 5347 αὐτοῖς
2519 5285 2859 5353 συνειδῶσιν,
2891 5289 2990 5340 οὐκ
3017 5288 3082 5340 ἂν
3107 5289 3361 5357 πρόοιντο
3398 5291 3498 5350 τὰς
3517 5289 3675 5340 ἔλπεο

2103 5373 2198 5434 δας
2220 5391 2234 5406 ο
2261 5374 2497 5428 εἴσονται
2533 5376 2588 5429 δὲ
2629 5377 2797 5446 μηδὲν
2826 5377 2968 5430 οὕτω
3021 5379 3206 5446 μεῖζον
3230 5375 3371 5430 εἶναι
3423 5381 3679 5444 συγγνώ-

2108 5483 2234 5532 μης,
2296 5467 2436 5520 ὥστε
2490 5471 2589 5539 τῆς
2643 5470 2737 5524 τοῦ
2767 5472 2902 5524 Θεοῦ
2949 5471 3224 5540 κρατῆσαι
3274 5472 3672 5541 χρηστότητιες,

2103 5557 2280 5626 λύπην
2309 5560 2364 5612 δὲ
2416 5564 2514 5628 τὴν
2547 5563 2646 5631 μὲν
2681 5563 2890 5616 οἴσουσι
2947 5564 3043 5629 τὴν
3078 5565 3344 5631 σωτήριον
3377 5563 3471 5615 καὶ
3503 5562 3675 5630 ζητή-

2105 5662 2309 5711 σουσιν,
2343 5643 2426 5712 οἷς
2461 5652 2630 5718 μείζω
2683 5654 2997 5723 ποιήσουσι,
3047 5653 3144 5722 τὴν
3194 5654 3385 5721 ἑτέραν
3412 5653 3466 5704 δὲ
3500 5652 3668 5703 ἐκϐα-

2100 5737 2250 5790 λοῦσι
2277 5743 2397 5802 ταῖς
2430 5741 2656 5807 ἀγαθαῖς
2684 5745 2864 5796 ἐλπίσι
2899 5745 3324 5814 λυμαινομένην.
