3920 6206
362 276 463 339 653

422 390 531 443 Τοῦ
584 391 679 459 μὲν
731 384 825 445 οῦν
858 392 1040 461 διττὴν
1076 386 1216 447 εἶναι
1249 394 1348 465 τὴν
1387 397 1478 448 ἐπὶ
1522 398 1636 459 τοῖς
1671 396 1920 465 ἁμαρτή-
1958 404 1989 454 Α

360 501 489 553 μασι
524 484 724 552 λύπην,
777 485 869 535 καὶ
901 484 1000 553 τὴν
1056 486 1155 554 μὲν
1208 487 1567 561 ἐπανορθοῦν,
1603 488 1700 557 τὴν
1728 489 1783 540 δὲ
1813 490 1926 549 τοῖς

357 575 699 644 ἀνεχομένοις
727 574 961 645 δλεθρονῖ
980 575 1152 645 ἔχειν,
1197 577 1477 647 μάρτυρες
1512 582 1704 647 σαφεῖς
1734 580 1927 633 ἐκατέ-

358 664 601 736 ρων,.τοῦ
633 666 736 734 μὲν
762 668 973 736 Πέτρος
998 668 1031 719 ὅ
1060 668 1611 739 μακάριος,·θατέρου
1644 671 1700 722 δὲ
1725 669 1924 733 Ἰούδας

353 762 378 809 ὀ
410 759 639 825 μιαρός·
671 751 749 810 ὧν
774 758 853 824 τῷ
884 757 983 826 μὲν
1026 759 1257 811 διέσωσε
1308 760 1408 829 τὴν
1436 759 1665 830 γνώμην
1714 762 1746 827 ἡ
1776 761 1923 830 λύπη

354 850 447 900 καὶ
512 848 591 918 τῷ
639 849 860 917 Χριστῷ
900 852 1155 917 συνέστη,
1216 851 1460 914 κλαύσας
1514 852 1730 922 πικρῶς
1772 854 1923 922 οὐδὲν

352 936 509 1011 ἦττον
533 916 574 1008 ﬁt
597 916 723 1011 πρὶν
740 941 819 1002 είς
836 916 1050 1005 αὑτὺνέ
1062 916 1205 1011 ξαγμα
1216 945 1382 1011 ρτεῖν,
1405 944 1496 995 τὸν
1516 944 1569 996 δὲ
1599 916 1694 997 επὶ
1726 916 1923 1013 βρόχοῦ

354 1036 525 1102 ἤγαγε
554 1035 643 1085 τὸν
685 1031 912 1085 Ἰούδαν.
945 1031 1056 1084 Καὶ
1080 1032 1287 1099 ἀπῆλθε
1331 1032 1507 1102 δεσμὰ
1541 1033 1722 1103 φέρων
1748 1035 1807 1086 ὲν
1847 1033 1924 1103 τῷ

354 1124 530 1193 καιρῷ
558 1128 655 1195 τῆς
677 1123 864 1191 κοινῆς
887 1123 1226 1192 ἐλευθερίας,
1257 1125 1346 1176 ὅτε
1377 1124 1439 1176 τὸ
1468 1123 1771 1194 καθάρσιον
1822 1125 1919 1177 τοῦ

355 1218 561 1283 κόσμου
618 1214 819 1276 παντὸς
882 1216 1081 1283 ἐχεῖτο,
1126 1213 1224 1283 τὴν
1278 1212 1475 1266 ἑαυτοῦ
1503 1214 1773 1283 κάθαρσιν
1801 1214 1920 1277 ἑνὸς

350 1308 542 1376 ἀνδρὸς
592 1305 884 1373 ἀπογνούς.
932 1305 1023 1368 Ὠς
1056 1306 1121 1357 ἂν
1172 1307 1227 1358 δὲ
1278 1304 1568 1376 πόρρωθεν
1595 1306 1795 1367 εἰδότες
1820 1306 1920 1375 τὴν

352 1400 448 1467 μὲν
478 1397 866 1467 εἰσδεχώμεθα,
889 1398 988 1468 τὴν
1018 1397 1073 1449 δὲ
1100 1397 1413 1466 φεύγωμεν,
1443 1398 1551 1450 τῶν
1576 1397 1767 1451 παθῶν
1793 1399 1922 1451 ἑκαο

348 1492 508 1559 τέρου
546 1489 863 1558 προσθεῖναι
885 1490 967 1541 δεῖ
991 1491 1090 1559 τὴν
1120 1490 1410 1559 διαφορὰν,
1433 1491 1526 1543 καὶ
1550 1482 1593 1557 ᾧ
1622 1492 1683 1542 τὸ
1719 1491 1819 1559 μὲν
1856 1489 1918 1543 εὖ

350 1586 520 1635 ποιεῖν
551 1584 698 1651 ἡμᾶς
721 1582 855 1650 ἔχει,
888 1582 948 1633 τὸ
992 1582 1048 1634 δὲ
1082 1582 1288 1636 κακῶς.
1354 1582 1508 1634 Ἐπεὶ
1537 1582 1645 1652 γὰρ
1665 1582 1918 1651 ἁμαρτά-

347 1690 530 1734 νοντες
555 1671 632 1742 τῷ
657 1689 717 1724 τε
734 1670 852 1741 Θεῷ
876 1673 972 1723 καὶ
1000 1673 1133 1740 ἡμῖν
1157 1672 1342 1734 αὐτοῖς
1361 1670 1626 1742 γινόμεθα
1659 1674 1914 1741 πονηροὶ,

1402 282 1499 342 DE
1542 283 1714 343 ViTA
1756 282 1832 345 ΙΝ
1874 283 2210 344 CHRISTO
2248 284 2392 344 LIB.
2451 280 2547 343 VI.

3487 280 3595 347 655

2094 398 2378 452 Geminam
2405 398 2586 465 itaque
2621 410 2784 462 super
2811 405 3034 465 peccato
3076 402 3387 466 perpetrato
3422 401 3598 451 tristi-

2031 490 2159 545 tiam
2192 498 2244 544 et
2265 490 2509 543 dolorem
2536 502 2678 553 esse,
2726 497 2778 541 et
2808 487 3034 541 alteram
3062 488 3129 541 ad
3159 487 3597 543 emendationem

2028 581 2325 651 pertinere,
2359 580 2587 634 alteram
2615 594 2677 633 ea
2705 577 2916 633 aﬂ'ectis
2945 578 3175 633 exitium
3210 594 3401 648 parere
3435 590 3600 634 testes

2026 673 2289 729 luculenti
2318 682 2484 737 sunt;
2520 670 2720 740 prioris
2756 671 3015 725 nimirum
3053 670 3113 724 Β.
3163 671 3383 732 Petrus.
3416 682 3596 738 poste-

2028 766 2191 830 rioris
2221 765 2487 819 nefandus
2510 763 2699 826 ludas,
2730 778 2965 833 quorum
2995 762 3072 817 illi
3114 763 3311 817 bonam
3344 765 3599 819 volunta-

2028 867 2133 913 tem
2181 858 2496 912 mmstitudo
2519 855 2776 923 servavit,
2807 855 3137 925 Christoque
3179 870 3380 909 amarae
3427 856 3602 928 lacry-

2027 965 2128 1004 mae
2171 965 2324 1019 :eqne
2373 950 2811 1004 commendatum
2845 955 2897 1001 et
2936 949 3163 1001 charum
3218 942 3595 1011 reddiderunt,

2023 1052 2187 1111 atque
2212 1050 2338 1097 ante
2386 1040 2731 1108 negationem
2772 1039 2988 1104 fuerat;
3037 1039 3184 1095 hunc
3234 1040 3298 1094 ad
3341 1040 3596 1109 laqueum

2023 1134 2224 1201 adegit,
2267 1145 2320 1188 et
2373 1133 2505 1188 abiit
2538 1133 2751 1186 vincula
2783 1140 3028 1201 portans,
3069 1133 3291 1201 quando
3340 1132 3599 1186 omnibus

2024 1223 2242 1280 libertas
2266 1226 2679 1283 conciliabatnr,
2706 1239 2802 1278 sua
2832 1224 2995 1279 unius
3018 1224 3257 1279 hominis
3286 1223 3599 1293 expiatione

2023 1320 2329 1384 deSperata,
2356 1319 2577 1387 quando
2610 1319 2753 1386 quod
2779 1318 3044 1371 mundum
3074 1316 3391 1371 universum
3414 1317 3598 1385 expia-

2022 1420 2126 1474 ret,
2158 1410 2553 1463 eil'undebatur.
2611 1407 2879 1461 Caeterum
2920 1416 2979 1460 ut
3032 1406 3207 1461 multo
3271 1416 3394 1460 ante
3443 1407 3594 1476 gnari

2023 1501 2171 1555 illam
2205 1500 2580 1559 admittamus.
2618 1499 2759 1553 hanc
2785 1497 3083 1567 fugiamus.
3112 1496 3403 1565 utriusque
3471 1513 3597 1563 per-

2024 1592 2353 1645 turbationis
2413 1590 2711 1644 discrimen
2743 1589 3153 1643 consideremus
3184 1604 3198 1641 :
3254 1587 3421 1642 altera
3448 1589 3592 1643 enim

2024 1683 2128 1736 hoc
2160 1682 2344 1745 habet,
2374 1693 2433 1735 ut
2485 1680 2645 1736 nobis
2693 1680 2851 1743 bene,
2897 1680 3092 1744 altera,
3143 1688 3201 1733 ut
3231 1679 3369 1733 male
3408 1678 3598 1735 faciat.

346 1769 404 1817 τὸ
439 1766 539 1832 μὲν
592 1762 730 1833 ὑπὲρ
795 1763 893 1831 τῆς
924 1764 1005 1824 είς
1054 1764 1147 1815 τὸν
1182 1763 1463 1831 Δεσπότην
1519 1756 1915 1833 ἀγνωμοσύνης

2025 1774 2289 1840 Quoniam
2318 1773 2463 1828 enim
2495 1772 2711 1842 quoties
2748 1786 3065 1840 peccamus,
3098 1780 3153 1825 et
3182 1771 3313 1835 Deo,
3351 1780 3404 1824 et
3435 1771 3594 1825 nobis

345 1856 534 1922 ἀλγεῖν
561 1853 683 1907 οὔτε
722 1853 917 1923 βλάϐος
942 1853 1098 1906 οὐδὲν
1124 1854 1286 1914 οῐσει,
1325 1853 1420 1906 καὶ
1452 1853 1689 1922 μάλιστα
1714 1852 1913 1921 γένοιτ’

345 1951 411 2005 ἂν
438 1951 571 2018 ἡμῖν
596 1950 654 2001 ἐν
687 1947 889 2017 καιρῷ,
924 1948 983 1999 τό
1006 1963 1070 2012 γε
1101 1949 1210 2016 μὴν
1231 1948 1362 2016 περὶ⁹
1382 1948 1546 2015 ἡμῶν
1579 1949 1762 2001 αὐτῶν
1782 1946 1916 2001 θαυο

348 2043 560 2113 μαστάς
587 2056 742 2102 τινας
759 2041 972 2109 ψήφους
1005 2038 1397 2107 ὑποθεμένους,
1428 2040 1601 2094 ἔπειτ’
1630 2040 1915 2110 ἐξεληλεγ-

345 2138 513 2205 μὲνας
547 2135 805 2205 δρῶντες,
844 2132 913 2184 δι’
962 2125 1039 2186 ὧν
1071 2130 1182 2184 τῶν
1230 2131 1460 2185 δεόντων
1490 2133 1915 2202 ἡμαρτήκαμεν,

344 2227 598 2282 ἀνιᾶσθαι
635 2227 726 2279 καὶ
756 2224 1060 2280 κόπτεσθαι
1116 2226 1214 2277 καὶ
1244 2226 1432 2296 πικρῷ
1479 2241 1589 2278 τινι
1625 2225 1918 2296 μεταμέλῳ

344 2320 437 2388 την
470 2317 705 2387 καρδίαν
737 2316 969 2381 πιέζειν,
1009 2316 1084 2378 ὡς
1111 2316 1211 2369 οὐκ
1242 2315 1304 2369 δν
1354 2316 1548 2385 βιωτὸν
1577 2316 1917 2383 τηλικούτοις

346 2412 531 2472 κακοῖς
563 2409 790 2463 τοιοῖσδε
838 2408 1229 2477 περιπεσοῦσι.
1284 2407 1506 2478 Ταύτην
1533 2408 1589 2461 δὲ
1618 2407 1715 2479 τὴν
1738 2407 1918 2474 λύπην

344 2500 751 2569 ἀποτρέπεσθαι
776 2500 857 2553 δεῖ
889 2501 1122 2553 θανάτου
1182 2499 1399 2568 μητέρα
1440 2498 1697 2569 φανερῶς
1745 2495 1918 2551 οὖσαν

346 2595 518 2649 καὶτὸ
550 2594 751 2648 πολλοῦ
780 2609 925 2655 τινος
958 2593 1102 2661 ἡμᾶς
1134 2591 1332 2653 αὐτοὺς
1363 2590 1573 2655 ἀξιοῦν,
1593 2590 1692 2659 τὴν
1719 2590 1916 2657 ἑτέραν

343 2689 397 2741 δὶ
416 2690 477 2740 τὸ
510 2687 645 2757 περὶ
671 2686 763 2738 τὸν
800 2686 1079 2750 Δεσπότην
1110 2682 1319 2750 ἐγείρει
1352 2682 1578 2751 φίλτρον
1607 2684 1700 2734 καὶ
1730 2683 1791 2733 τὸ
1818 2698 1915 2732 σα-

346 2780 458 2846 φῶς
493 2779 695 2831 είδέναι
718 2776 808 2828 τὸν
838 2773 1157 2843 εὐεργέτην,
1199 2774 1294 2826 καὶ
1342 2766 1418 2826 ὧν
1451 2770 1748 2841 ὀφείλεται,
1784 2770 1920 2823 πάνυ

346 2888 434 2932 τες
492 2869 645 2938 αὐτῷ
714 2866 1091 2929 καταστάντες
1135 2863 1250 2918 οὔτ’
1290 2863 1618 2934 εἰσφέρομεν
1643 2863 1796 2916 οὐδὲν
1822 2865 1916 2917 καὶ

346 2959 480 3027 πρός
509 2976 575 3026 γε
608 2958 800 3017 κακοῖς
835 2952 1208 3025 ἀμειδόμεθα.
1268 2954 1535 3024 Καθάπερ
1565 2953 1746 3007 τοίνυν
1777 2954 1913 3007 ἀλα.

345 3052 523 3113 (avsi:
556 3048 817 3118 πονηρὸν,
845 3047 991 3111 οὕτω
1022 3046 1198 3100 καὶτὸ
1222 3047 1311 3100 διὰ
1338 3045 1545 3115 ταύτην
1572 3047 1688 3104 ταῖς
1714 3047 1914 3117 ψυχαῖς

344 3145 628 3210 γινόμενον
688 3125 873 3209 ᾶλγος
901 3142 997 3193 καὶ
1032 3136 1244 3209 αὖθιςῆ
1281 3155 1342 3192 τε
1374 3140 1506 3208 περὶ
1547 3138 1640 3191 τὸν
1685 3140 1918 3210 Χριστὸν

344 3235 529 3303 ἀγάπη
562 3233 671 3287 τῶν
702 3233 946 3303 ἐσχάτως
972 3232 1403 3299 ἐπαινουμένων,
1427 3229 1523 3283 τοῦ
1552 3248 1610 3283 τε
1639 3233 1751 3292 τοῖς
1771 3231 1916 3283 ἐκεί-

345 3325 434 3379 θεν
468 3327 650 3396 βέλεσι
678 3324 1069 3395 κεντουμένους
1085 3324 1377 3377 ὀδυνᾶσθαι
1407 3324 1505 3376 καὶ
1530 3324 1793 3393 τήκεσθαι
1819 3323 1917 3392 τὴν

344 3416 535 3485 ψυχὴν,
578 3416 996 3486 μακαριώτερον
1020 3417 1135 3477 τοῖς
1168 3414 1229 3466 εὖ
1262 3413 1553 3483 φρονοῦσιν
1577 3412 1749 3465 οὐδέν.

2020 1867 2155 1935 ipsis
2183 1881 2419 1936 nequam
2446 1881 2661 1928 sumus,
2696 1864 2764 1919 de
2799 1863 3011 1919 oﬂ‘eusa
3036 1864 3088 1917 in
3120 1863 3409 1917 Dominum
3440 1864 3594 1916 dolo~

2022 1972 2135 2011 rem
2169 1970 2383 2027 capere.
2418 1971 2521 2010 nec
2551 1956 2723 2010 ullum
2751 1956 3136 2010 detrimentum
3166 1954 3384 2020 aﬂ‘eret,
3415 1964 3470 2010 et
3501 1969 3596 2025 per

2020 2064 2184 2118 quam
2210 2058 2578 2118 opportunum
2616 2045 2803 2100 fuerit.
2849 2044 2922 2100 De
2947 2046 3105 2100 nobis
3132 2060 3259 2099 vero
3289 2045 3424 2114 ipsis
3464 2059 3590 2098 cum

2020 2138 2185 2193 nimis
2223 2138 2460 2209 gloriosa
2494 2135 2756 2207 suffragia
2790 2136 3103 2191 tulerimus.
3126 2136 3319 2193 deinde
3344 2151 3409 2191 ea
3444 2134 3594 2189 refu-

2020 2238 2131 2283 tata
2166 2227 2483 2291 viderimus,
2510 2229 2640 2295 quia
2668 2239 2789 2294 quae
2808 2223 2890 2279 fas
2923 2240 3028 2279 uon
3062 2233 3179 2279 erat
3206 2225 3491 2293 consequi,
3527 2224 3593 2278 iis

2019 2317 2411 2381 exciderimus,
2448 2317 2569 2370 ideo
2592 2316 2929 2381 contristari,
2960 2322 3014 2371 et
3042 2318 3319 2385 plangere,
3348 2325 3401 2369 et
3437 2331 3594 2370 acer-

2021 2408 2087 2462 ba
2127 2407 2467 2477 paenitudine
2500 2405 2553 2459 in
2587 2405 2841 2460 medullis
2866 2405 3123 2469 cruciari,
3156 2406 3312 2475 quasi
3343 2406 3456 2474 jam
3483 2405 3589 2459 vita

2020 2500 2199 2554 vitalis
2231 2513 2341 2552 non
2377 2499 2471 2561 sit,
2512 2498 2772 2567 quoniam
2807 2500 2860 2552 in
2895 2499 3021 2551 talia
3046 2499 3185 2551 mala
3218 2499 3593 2561 iuciderimus,

2021 2594 2161 2647 hanc
2192 2591 2491 2653 tristitiam,
2527 2600 2584 2644 ut
2618 2591 2808 2645 mortis
2836 2600 3065 2644 matrem
3096 2589 3241 2644 haud
3268 2589 3514 2655 dubiam,
3539 2602 3595 2644 et

2020 2689 2087 2740 ad
2120 2685 2329 2741 inferos
2358 2685 2647 2740 ducentem
2697 2684 2937 2739 aversari
2964 2700 3027 2739 ac
3062 2684 3325 2752 repellere
3355 2694 3590 2752 oportet.

2020 2778 2186 2833 istam
2234 2778 2436 2846 quippe
2480 2775 2817 2845 arrogantia,
2844 2784 2896 2829 et
2930 2774 3073 2844 quod
3106 2784 3326 2829 nosmet
3381 2778 3594 2846 magnis

2020 2870 2350 2940 quibusdam
2396 2870 2559 2924 rebus
2584 2868 2781 2938 dignos
2802 2869 3203 2931 existimamus,
3252 2868 3588 2938 superiorem

2020 2972 2177 3015 amor
2213 2960 2510 3031 singularis
2541 2975 2670 3028 erga
2722 2957 3013 3012 Dominum
3043 2959 3267 3023 excitat,
3292 2970 3345 3013 et
3369 2958 3594 3013 evidens

2020 3051 2280 3123 cognitio.
2328 3044 2530 3120 quanta
2582 3052 2651 3105 ab
2680 3064 2746 3104 eo
2780 3050 3041 3104 benellcia
3096 3050 3491 3118 acceperimus,
3540 3061 3597 3105 et

2024 3155 2190 3209 quam
2220 3140 2404 3194 multis
2439 3140 2753 3194 nominibus
2785 3151 2909 3192 cum
2970 3138 3045 3193 illi
3096 3138 3345 3194 obstricti
3394 3142 3592 3206 simus,

2030 3245 2132 3285 nec
2193 3246 2361 3284 unum
2400 3240 2578 3283 tamen
2629 3227 3029 3298 persolvamu‘s,
3062 3230 3155 3284 sed
3186 3231 3410 3299 insuper
3438 3230 3593 3286 malis

2021 3323 2163 3376 bona
2225 3335 2674 3390 compensemus.
2736 3319 3208 3386 Quemadmodum
3246 3321 3410 3393 igitur
3441 3337 3588 3376 arro-

2021 3412 2204 3480 gantia
2241 3411 2446 3467 crimen
2478 3419 2581 3474 est,
2619 3411 2690 3465 ita
2718 3420 2771 3466 et
2800 3412 2957 3466 dolor
2976 3412 3099 3479 ejus
3119 3428 3283 3467 causa
3316 3413 3383 3467 ab
3410 3414 3593 3468 anima

349 3525 664 3584 susceptus,
692 3514 910 3567 crimini
940 3511 1116 3565 allinis
1150 3520 1254 3565 est.
1294 3508 1359 3563 Et
1393 3525 1587 3565 rursus
1646 3517 1761 3562 tum
1827 3510 2069 3565 charitas
2124 3524 2251 3578 erga
2318 3508 2598 3562 Christum
2651 3518 2864 3563 summe
2907 3508 3249 3576 praedicanda
3310 3519 3427 3576 est;
3480 3521 3593 3567 tum

342 3609 679 3678 ejusjaculis
706 3606 1133 3671 convulneratos
1189 3604 1395 3666 dolere,
1460 3605 1748 3668 macerari,
1816 3614 1871 3655 et
1942 3602 2353 3672 colliquescere.
2415 3601 2710 3670 prudentes
2770 3616 2997 3656 summa?
3061 3600 3413 3658 bealiwdillis
3474 3606 3596 3659 ιοοο

341 3704 571 3759 ducunt.

412 3795 571 3848 Ἐπεὶ
604 3793 652 3845 δ’
678 3791 951 3862 ἐξῄρηται·
978 3788 1080 3859 μὲν
1107 3786 1208 3857 τῆς
1234 3788 1363 3859 περὶ
1389 3787 1485 3839 τὸν
1511 3788 1746 3857 Χριστὸν
1773 3789 1910 3855 ἀγά-

340 3902 451 3954 πης
482 3886 517 3953 ἡ
565 3882 807 3953 χαρίτων
864 3881 1114 3948 γέμουσα
1169 3877 1337 3944 λύπη,
1379 3878 1568 3946 ἀγάπη
1613 3877 1669 3929 δὲ
1698 3879 1807 3930 τῶν
1828 3878 1912 3930 ὲν-

337 3979 522 4035 νοιιῖιν.
552 3977 610 4029 αἱ
634 3974 727 4027 τὸν
757 3972 991 4043 Χριστὸν
1015 3971 1204 4041 ἔχουσι
1234 3973 1328 4023 καὶ
1357 3970 1456 4032 τὴν
1480 3971 1690 4022 ἐκείνου
1717 3969 1909 4038 φιλαν-

336 4068 617 4139 θρωπίαν,
649 4064 859 4127 ταύτας
893 4063 962 4117 ἂν
994 4064 1083 4131 εῐη
1121 4061 1400 4132 προῦργου
1428 4064 1493 4131 τῇ
1528 4062 1716 4131 μνήμῃ
1778 4078 1911 4114 κατ-

332 4164 486 4232 έχειν
539 4161 636 4213 καὶ
692 4156 948 4227 στρέφειν
974 4156 1032 4206 ἐν
1084 4156 1149 4225 τῇ
1189 4155 1337 4225 ψυχῇ
1367 4158 1459 4206 καὶ
1488 4155 1587 4223 τῆς
1625 4153 1912 4222 διατρισῆς

333 4254 580 4324 ταυτησὶ
613 4251 884 4322 μηδέποτε
913 4248 1107 4318 σχολὴν
1135 4248 1316 4315 ἄγειν,
1336 4248 1452 4299 ἀλλ’
1479 4247 1733 4314 ἐπίτηδες
1752 4245 1912 4299 τοῦτο

332 4346 440 4414 μὲν
486 4346 573 4411 ἐφ’
614 4341 827 4395 ἑαυτῶν
873 4340 1073 4403 αὐτοὺς
1129 4339 1289 4392 ταυτὶ
1324 4338 1553 4409 μελετᾷν
1577 4339 1673 4391 καὶ
1700 4338 1915 4406 λογίζε-

333 4438 489 4495 σθαι,
520 4433 682 4487 τοῦτο
726 4433 771 4485 δ’
800 4434 859 4484 ὲν
884 4434 1006 4494 ταῖς
1050 4430 1363 4493 συνουσίαις
1411 4429 1664 4501 γλώσσης
1697 4431 1909 4500 τρυφὴν

2090 3783 2357 3850 Quoniam
2418 3796 2545 3839 rero
2587 3781 2808 3836 tristitia
2862 3781 3061 3836 divina:
3115 3784 3304 3853 gratiae
3353 3788 3511 3857 plena
3560 3808 3588 3845 a

2024 3876 2292 3929 charitate
2320 3874 2585 3943 procedit,
2640 3871 2882 3927 charitas
2915 3880 3098 3927 autem
3138 3873 3191 3929 in
3246 3878 3595 3947 cogitationi-

2021 3966 2122 4020 bus
2149 3964 2454 4029 Christum,
2481 3964 2738 4033 illiusque
2767 3964 3157 4035 benignitatem
3183 3968 3592 4038 complectenti-

2018 4060 2120 4114 bus
2166 4059 2344 4130 posita
2393 4068 2500 4121 est,
2527 4071 2707 4126 operae
2739 4057 2973 4126 pretium
3004 4056 3168 4115 fuerit
3197 4073 3292 4116 eas
3325 4066 3588 4119 memoria

2017 4164 2071 4207 et
2096 4152 2280 4209 animo
2312 4164 2554 4216 versare,
2581 4158 2633 4203 et
2667 4150 2736 4203 ab
2764 4148 3078 4219 huiusmodi
3116 4166 3281 4220 opera
3304 4169 3584 4226 nunquam

2017 4243 2247 4307 feriari;
2305 4243 2398 4298 sed
2443 4240 2511 4295 de
2573 4239 2840 4294 industria
2892 4251 2944 4294 et
2972 4255 3069 4311 per
3091 4242 3411 4313 semetipsos
3470 4247 3589 4300 haec

2019 4335 2290 4399 meditari,
2349 4346 2648 4401 secumque
2698 4342 2971 4400 reputare,
3018 4341 3072 4387 et
3124 4334 3178 4387 in
3230 4337 3590 4392 conventibus

2018 4428 2292 4483 sermonis
2318 4424 2565 4488 delicias,
2627 4424 3147 4494 colloquiorumque
3189 4430 3470 4482 materiam
3510 4429 3590 4483 ia-

335 4530 438 4581 καὶ
461 4526 741 4593 συλλόγων
765 4523 899 4594 ὓλην
925 4521 1201 4576 ποιεῖσθαι
1231 4521 1327 4575 καὶ
1360 4524 1496 4590 πρές
1521 4537 1583 4587 γε
1615 4520 1913 4591 πειρᾶσθαι

2025 4534 2165 4579 cere,
2201 4528 2256 4571 et
2292 4517 2481 4571 conari
2529 4518 2755 4585 insuper
2784 4526 2842 4570 ut
2892 4518 3041 4570 nullo
3097 4520 3314 4587 negotio
3338 4520 3587 4577 distracti

342 4619 541 4688 μηδενὶ
562 4616 1030 4684 διακοπτομένσυς
1052 4613 1254 4683 συνεχῆ
1282 4613 1488 4680 ταύτην
1508 4610 1914 4665 ἐπιδείκνυσθαι

338 4712 444 4780 τὴν
466 4709 726 4777 σπουδὴν,
741 4710 792 4760 εί
827 4708 927 4775 μὲν
952 4701 1065 4758 οἷόν
1086 4722 1145 4757 τε
1168 4705 1258 4758 διὰ
1282 4704 1418 4776 βίου,
1440 4706 1488 4757 εἰ
1513 4702 1558 4755 δ’
1583 4700 1678 4757 οῦν
1698 4704 1910 4772 συχνὸν,

339 4798 419 4860 ὥς
452 4800 518 4851 ἂν
568 4798 866 4865 ὲντακῆναι
917 4796 1119 4866 δυνηθῇ
1150 4795 1243 4848 καὶ
1296 4794 1545 4866 κατάσχῃ
1598 4794 1915 4848 παντάπασι

339 4891 439 4960 τὴν
464 4891 715 4963 καρδίαν.
739 4888 877 4942 υῦτε
902 4889 1011 4958 γὰρ
1040 4888 1151 4957 πῦρ
1177 4886 1430 4958 δράσειεν
1456 4886 1522 4939 ἂν
1540 4886 1715 4948 οὐδὲν,
1741 4880 1823 4947 οἷς
1850 4884 1916 4938 ἂν

342 4983 585 5047 ἐπέλθοι,
621 4983 695 5052 μὴ
734 4980 975 5049 συνεχῶς
1015 4978 1308 5047 ὁμιλῆσαν,
1356 4976 1480 5030 οὒτε
1514 4976 1773 5045 λογισμὸς
1799 4975 1916 5027 δια-

342 5072 547 5125 λείπων
583 5073 717 5141 πρὸς
748 5070 927 5124 ὁτιοῦν
960 5068 1131 5131 πάθος
1161 5069 1228 5121 ἂν
1257 5066 1497 5120 διὰθοιτο
1525 5066 1626 5134 τὴν
1656 5064 1911 5133 καρδίαν,

346 5165 482 5218 ἀλλὰ
508 5166 591 5218 δεῖ
614 5164 805 5234 χρόνου
829 5161 1025 5231 συχνοῦ
1053 5177 1198 5222 τινος
1234 5158 1451 5228 ἐφεξῆς.

419 5348 478 5397 (ιι
509 5345 607 5414 μὲν
635 5340 729 5396 οὖν
764 5343 868 5393 ἀπὺ
899 5341 1008 5395 τῶν
1039 5341 1097 5392 ὲν
1131 5340 1383 5409 αἰσθήσει
1413 5337 1597 5391 καλῶν
1624 5336 1720 5390 καὶ⁵
1740 5336 1917 5406 ἡδέων

350 5440 446 5504 τὴν
478 5436 781 5496 ἐπιθυμίαν
813 5434 1059 5494 καίοντες
1086 5432 1359 5502 λογισμοὶ,
1401 5431 1536 5483 διότι
1567 5431 1664 5492 τὰς
1698 5431 1797 5496 μὲν
1828 5436 1914 5481 att-

352 5532 571 5597 σθήσεις
634 5529 892 5596 ἐνεργοὺς
939 5529 1070 5596 ἡμῖν
1104 5527 1160 5591 ἐξ
1216 5527 1391 5594 ἀρχῆς
1420 5518 1561 5575 εἶναι
1595 5520 1917 5590 συμϐαίνει,

352 5623 470 5682 τοὺς
519 5620 577 5671 δὲ
605 5618 816 5670 ὲκεὶθεν
866 5617 1165 5687 ὁρμᾶσθαι,
1200 5616 1490 5684 σύντροφοι
1515 5620 1603 5665 καί
1631 5613 1918 5682 ἡλικιῶται

353 5715 444 5769 ιιιί
476 5713 757 5774 πείθοντες
798 5713 878 5764 ἆτ’
913 5712 977 5764 ἂν
1010 5712 1283 5768 βούλοιντο
1324 5708 1543 5777 ῥᾳδίως,
1581 5706 1658 5774 τῷ
1688 5723 1745 5756 τε
1776 5706 1917 5772 ἡδεῖς

2017 4623 2082 4663 ac
2108 4607 2340 4662 districti
2379 4606 2621 4660 studium
2649 4607 2789 4659 istuc
2819 4604 3063 4668 assiduo,
3090 4607 3269 4675 quoad
3311 4610 3417 4663 vita
3457 4627 3589 4680 sup.

2018 4688 2359 4763 peditavbrit,
2418 4694 2462 4748 si
2494 4692 2608 4747 fieri
2660 4694 2854 4763 possit,
2895 4702 3225 4761 tractemus;
3257 4700 3340 4753 sin
3384 4702 3588 4765 minus,

2018 4796 2073 4840 at
2098 4785 2261 4855 longo
2290 4794 2555 4852 tempore,
2581 4792 2640 4836 ut
2665 4784 2862 4837 animae
2891 4783 3157 4838 altissime
3183 4786 3588 4855 imprimautur,

2014 4888 2070 4934 et
2133 4892 2227 4931 cor
2262 4875 2479 4945 penitus
2537 4872 2873 4942 possideant.
2932 4872 3117 4944 Neque
3150 4878 3295 4930 enim
3335 4880 3475 4945 ignis
3531 4882 3583 4935 in

2016 4982 2139 5037 qua:
2168 4966 2417 5020 inciderit
2449 4965 2501 5018 in
2530 4978 2595 5017 ea
2627 4962 2939 5032 quidquam
2961 4975 3100 5034 aget.
3129 4965 3175 5019 si
3217 4975 3284 5021 ea
3305 4971 3591 5025 continen-

2016 5068 2099 5115 ter
2123 5070 2231 5111 non
2285 5055 2590 5123 contingat,
2642 5068 2818 5121 neque
2869 5056 3130 5122 cogitatio
3189 5058 3581 5122 intermittens,

2018 5149 2256 5203 animam
2338 5147 2402 5201 ad
2458 5159 2844 5214 quamcunque
2890 5144 3231 5202 aliectionem
3298 5153 3584 5218 aptaverit,

2019 5240 2111 5295 sed
2149 5249 2357 5307 tempus
2385 5237 2611 5290 multum
2642 5236 3131 5305 continuatumque
3155 5240 3473 5307 requiritur.

2091 5328 2463 5397 Cogitationes
2497 5327 2660 5395 igitur
2686 5340 2715 5378 a
2751 5326 2908 5379 bonis
2933 5336 2985 5379 et
3013 5326 3272 5395 jucundis
3308 5329 3587 5383 sensibili-

2023 5437 2126 5481 Dus
2176 5421 2526 5490 cupiditatem
2562 5421 2904 5478 accedentes,
2931 5419 3063 5484 quia
3088 5432 3283 5472 sensus
3314 5434 3343 5472 a
3387 5420 3586 5486 princi-

2022 5518 2111 5585 pio
2147 5516 2200 5569 in
2233 5514 2388 5567 nobis
2415 5522 2735 5581 operantur,
2768 5521 2819 5564 et
2856 5510 2976 5562 illas
3005 5510 3131 5562 inde
3176 5509 3307 5562 oriri
3338 5510 3585 5581 Contigit,

2020 5605 2437 5661 contubernales
2486 5613 2708 5663 nostrae,
2747 5615 2796 5654 et
2840 5614 3033 5654 cornva:
3078 5609 3230 5663 sunt,
3271 5611 3325 5654 et
3356 5615 3588 5670 persua-

2021 5698 2149 5751 dent
2188 5694 2344 5747 facile
2373 5709 2495 5762 quae
2531 5693 2837 5755 voluerint;
2872 5701 2984 5742 tuin
3004 5692 3130 5758 quia
3158 5692 3412 5760 jueuudm
3435 5706 3585 5761 sunt,
