3982 6208
371 277 482 340 C55

1576 273 1877 333 NlCOl..-‘tl
1915 273 2306 334 CABASILIE

3511 268 3616 329 656

385 405 492 445 tum
527 391 651 461 quia
683 391 852 445 multo
885 392 994 460 jam
1046 399 1286 454 tempore
1323 385 1602 440 uobiscum
1634 399 1778 442 sunt.
1837 389 1936 453 Qui

2063 383 2176 441 ἰναι
2205 390 2280 458 τῷ
2306 406 2363 440 τε
2401 386 2568 441 πολὺν
2598 388 2727 458 ἡμῖν
2754 388 2944 456 χρόνον
2969 387 3213 438 συνεῖναι
3231 399 3245 414 ⁸
3285 384 3419 454 πρὸς
3442 383 3498 436 δὲ
3526 387 3616 438 τὸν

378 492 558 536 autem
595 483 790 535 mentis
818 481 1082 542 rationes,
1125 475 1386 543 illiusque
1418 475 1818 544 philosophiam
1857 491 1945 530 se-

379 574 496 625 rius
524 573 837 639 attigerunt,
867 569 950 620 his
985 566 1150 618 multa
1184 563 1462 633 diligentia
1496 575 1580 619 est
1612 565 1944 630 necessaria,

379 671 439 718 ut
477 665 528 716 in
583 661 730 715 brevi
767 671 1033 728 tempore,
1095 667 1147 711 et
1176 657 1398 711 assidua
1451 658 1848 712 consuetudine
1878 658 1946 712 ad

380 759 580 810 lmntnn
622 753 946 816 adiciantur,
992 752 1132 820 quod
1173 760 1398 821 repente
1426 754 1652 821 arrepit,
1697 753 1787 807 sed
1825 766 1948 806 sero

376 847 554 907 valde,
598 844 894 911 multisque
943 844 1054 913 jam
1105 842 1232 897 aliis
1263 843 1449 911 plenos
1479 843 1795 914 ingreditur.
1846 838 1946 895 Vix

376 939 520 992 enim
551 945 805 992 contenta
841 945 894 989 et
920 935 1030 989 acri
1063 935 1448 990 exercitatione
1479 936 1797 991 diuturnum
1823 952 1946 991 cum

377 1029 485 1082 illis
513 1028 636 1081 aliis
670 1027 1061 1081 commercium
1116 1028 1493 1096 prtecidentcs,
1531 1045 1658 1083 vera
1694 1029 1948 1097 Opinato-

375 1134 519 1183 rum,
585 1125 638 1168 et
694 1117 833 1169 bona
879 1115 1054 1170 solida
1100 1117 1472 1184 jucundorum
1521 1117 1640 1170 loco
1691 1117 1948 1172 inducere

373 1208 668 1276 possimus.
730 1205 888 1260 Unde
958 1223 1056 1262 ncc
1109 1206 1438 1270 mirandum,
1497 1209 1542 1261 si
1577 1209 1948 1278 cogitationes

372 1302 590 1370 optimae
619 1301 759 1354 haud
811 1299 1016 1368 ubique
1049 1301 1219 1356 malas
1248 1310 1521 1370 superent.
1547 1311 1599 1356 et
1630 1301 1946 1356 tnelioribus

373 1395 673 1446 deteriores
715 1392 850 1465 nihil
903 1392 1210 1446 cenct~dant
1258 1393 1399 1460 apud
1431 1408 1547 1454 eos,
1589 1394 1681 1462 qui
1739 1393 1977 1446 ratione

375 1494 629 1537 utuntur.
690 1482 823 1536 Nam
854 1481 980 1552 jure
1017 1483 1227 1552 optimo
1279 1482 1525 1538 suﬂiccrc
1560 1483 1737 1537 sentio
1766 1493 1823 1537 ut
1855 1484 1950 1537 bo-

373 1589 481 1626 nus
511 1589 631 1626 esse
680 1574 880 1642 possis,
919 1588 1026 1625 non
1067 1573 1174 1628 hoc
1212 1573 1389 1642 ipsum
1433 1574 1477 1627 si
1507 1574 1786 1635 didiceris,
1817 1574 1949 1643 qttid

374 1665 531 1715 nobis
565 1662 863 1715 bonitatem
902 1663 1265 1731 persuadeat;
1304 1662 1397 1716 Sed
1443 1665 1512 1723 si,
1548 1663 1693 1731 quod
1728 1679 1949 1718 necesse

373 1763 479 1817 est,
517 1753 568 1805 in
592 1768 656 1805 eo
689 1753 853 1805 etiam
881 1754 1193 1807 meditando
1219 1755 1555 1817 immoreris,
1579 1765 1631 1808 et
1655 1756 1950 1825 cogitando

373 1847 597 1901 insistas
629 1865 642 1901 :
680 1857 732 1900 et
762 1863 884 1901 cum
917 1857 1120 1901 rectam
1148 1848 1412 1901 rationem
1449 1851 1801 1920 cognoveris,
1835 1865 1943 1904 non

373 1953 492 1991 eam
528 1939 699 1992 ευιιιιιι
758 1940 898 1992 intra
952 1950 1002 1992 te
1034 1938 1272 2009 habeas;
1324 1940 1415 1994 sed
1469 1956 1529 1994 ea
1592 1955 1810 2010 quoque
1858 1942 1948 1995 ubi

375 2049 516 2105 opus
547 2044 627 2088 cst
651 2043 825 2098 utare,
885 2034 1028 2088 sicut
1083 2044 1136 2087 ct
1165 2033 1340 2096 cibus,
1391 2044 1445 2088 et
1473 2049 1647 2099 arma,
1695 2049 1749 2089 et
1779 2035 1952 2088 medi-

378 2129 528 2193 cina,
575 2138 628 2182 et
711 2128 906 2189 vestis,
977 2141 1086 2181 non
1139 2125 1461 2196 simpliciter
1495 2127 1696 2196 quibus
1731 2129 1950 2193 adsunt,

378 2222 584 2292 quique
616 2235 677 2274 ea
707 2218 1009 2288 possident,
1040 2218 1388 2272 commodum
1427 2218 1610 2272 ferunt
1677 2219 1954 2273 utentibus

379 2315 495 2383 ipse
547 2330 684 2368 usus
735 2311 1073 2367 commodat.
1107 2308 1264 2374 Quod
1312 2308 1357 2362 si
1387 2324 1569 2377 pravm
1599 2309 1954 2377 cogitationes

378 2407 760 2461 incumbentes
792 2414 1024 2458 mentem
1059 2404 1357 2466 detineant,
1395 2402 1550 2456 boum
1575 2403 1954 2456 tantummodo

374 2507 610 2565 gustata:
661 2499 994 2560 sentiantur,
1049 2494 1319 2550 deteriora
1377 2497 1622 2558 vincunt,
1681 2503 1734 2546 et
1779 2508 1956 2561 pravae

381 2592 601 2661 quidem
667 2602 902 2666 actuosae
965 2602 1088 2640 cum
1124 2587 1256 2650 sint,
1282 2586 1476 2638 animae
1506 2590 1782 2654 regionem
1821 2586 1957 2639 insi-

383 2687 536 2744 dent,
566 2683 687 2736 alia:
715 2692 772 2736 ut
802 2681 957 2734 victa:
999 2688 1053 2732 et
1083 2680 1274 2732 otiosae
1307 2692 1534 2746 prorsus
1565 2679 1950 2733 exturbantur.

383 2775 528 2828 Nihil
559 2774 721 2843 igitur
751 2785 974 2833 novum,
1017 2782 1121 2822 non
1150 2768 1424 2822 aediﬁcare
1449 2768 1833 2833 architectum,
1861 2776 1956 2822 aut

389 2865 661 2917 medicum
718 2877 823 2914 non
856 2874 1072 2924 sanare,
1133 2869 1227 2912 aut
1256 2859 1507 2925 Opiﬁcem
1572 2866 1956 2930 quemcunque

388 2969 496 3005 non
516 2965 675 3004 suum
701 2963 898 3001 munus
921 2946 1094 3010 obire,
1122 2945 1383 3014 quamdiu
1411 2955 1581 3000 artem
1603 2962 1706 2999 non
1733 2946 1956 3001 adhibet

389 3057 488 3096 nec
519 3041 648 3093 illud
701 3039 921 3100 mirum,
968 3038 1013 3090 si
1045 3037 1169 3106 quis
1195 3046 1399 3091 rectam
1429 3039 1693 3091 ratio‘uem
1725 3037 1952 3102 habens,

385 3138 635 3201 agentem
664 3143 826 3198 porro
876 3143 983 3180 nun
1021 3127 1253 3192 habens,
1300 3129 1507 3182 nullum
1537 3128 1828 3198 diligentia:
1852 3130 1933 3184 l'rn

385 3237 533 3278 ctum
560 3222 723 3288 capit.
749 3217 941 3273 Utatur
961 3218 1104 3272 enim
1125 3218 1395 3286 quispiam
1415 3219 1585 3274 armis
1605 3231 1794 3274 contra
1816 3223 1966 3275 inva-

387 3316 600 3374 dentes,
623 3322 895 3379 quatenus
924 3313 1181 3366 convenit
1215 3328 1310 3366 eos
1347 3314 1704 3380 interficiens,
1733 3327 1849 3370 arte
1869 3330 1966 3368 au-

389 3416 521 3466 tem,
537 3404 836 3455 secundum
862 3403 1035 3471 ipsam
1057 3419 1242 3472 agens.
1261 3402 1372 3459 Nos
1391 3420 1519 3461 vero
1540 3408 1964 3476 cogitationibus

385 3496 614 3566 optimis
641 3495 784 3548 sicut
805 3495 1136 3559 consiliariis
1158 3498 1380 3562 utimur,
1411 3508 1643 3553 mentem
1676 3500 1964 3554 adverten-

392 3601 496 3654 tes,
541 3601 653 3640 non
688 3595 750 3639 ut
772 3601 896 3639 cum
923 3587 1173 3642 didicerit
1202 3604 1324 3659 quae
1351 3591 1844 3660 oportet,‘.noverit,
1871 3591 1963 3644 sed

393 3690 453 3733 ut
485 3694 609 3733 cum
645 3679 979 3748 cognoverit,
1006 3684 1422 3748 persuadeatur,
1443 3697 1675 3752 vereque
1698 3683 1962 3738 bonorum

392 3789 635 3829 amorem
669 3774 981 3842 concipiat;
1007 3773 1150 3844 quod
1206 3776 1392 3829 sedula
1427 3775 1782 3830 meditatione
1820 3784 1962 3845 eget,

392 3867 613 3939 (mando
633 3875 821 3920 contra
849 3865 904 3919 in
933 3865 1090 3920 malis
1115 3867 1371 3937 occupari
1399 3877 1453 3922 et
1473 3867 1750 3922 immorari
1772 3870 1967 3922 aninue

395 3961 685 4015 exitiosum
718 3969 839 4025 est;
880 3958 1205 4029 simpliciter
1252 3968 1432 4014 autem
1469 3975 1660 4013 eorum
1693 3961 1966 4023 notiones,

396 4055 532 4109 nihil
563 4054 764 4106 habent
791 4051 946 4106 mali.
997 4049 1367 4116 Quamobrem
1419 4054 1696 4120 quomodo
1735 4051 1824 4105 hic
1884 4049 1968 4104 fu-

396 4147 611 4216 gienda,
650 4147 723 4198 ita
763 4145 874 4200 illic
905 4145 1272 4198 consectanda
1309 4153 1392 4196 est
1418 4143 1720 4198 meditatio.

473 4238 618 4290 Velle
655 4239 822 4306 igitur
855 4237 1054 4290 bonum
1103 4234 1475 4288 diﬂicultatem
1513 4248 1619 4287 non
1653 4234 1834 4298 habet,
1868 4249 1969 4288 nec

395 4331 608 4385 resista
636 4331 816 4382 studio
869 4326 1108 4379 creditur
1162 4325 1422 4394 indigere.
1482 4327 1558 4378 Ad
1591 4327 1962 4394 accipiendum

2048 481 2171 533 νοῦν
2198 476 2290 535 καὶ
2315 481 2412 550 τὴν
2435 479 2648 532 ἐκείνου
2679 478 2998 548 φιλοσοφίαν
3026 479 3206 546 χρόνῳ
3235 475 3464 544 ὕστερον
3499 475 3620 539 dot.-

2050 571 2270 638 γμένοις
2301 569 2504 638 πολλῆς
2537 569 2749 638 ἀνάγκη
2803 570 2908 637 τῆς
2940 566 3198 635 σπουδῆς,
3228 565 3303 627 ὡς
3333 565 3392 614 ὲν
3429 563 3624 632 βραχεῖ

2051 662 2226 730 χρόνῳ
2256 662 2350 712 καὶ
2381 661 2641 732 συνεχοῦς
2671 661 2985 725 συνουσίας,
3010 658 3152 711 ὥστε
3181 658 3380 710 παθεῖν
3402 675 3454 709 τι
3481 657 3626 724 πρὸς

2047 754 2108 804 τὸ
2134 753 2338 820 ἀγαθὸν
2362 753 2490 805 οὔτε
2522 753 2722 806 αὐτίκα
2746 753 2947 822 τέρπον
2979 752 3078 806 καὶ
3107 751 3205 820 ὀψὲ
3239 750 3384 820 μάλα
3411 750 3626 800 πολλῶν

2023 840 2148 917 ἠδη
2184 846 2552 914 πληρωθεῖσιν
2582 845 3067 916 ὲπεισερχόμενον.
3101 843 3270 907 Μόλις
3304 844 3413 912 γὰρ
3445 843 3512 896 ἂν
3547 841 3629 911 τῷ

2035 931 2289 1008 ’συντόνῳ
2315 938 2416 1006 τῆς
2453 938 2686 1008 μελέτης
2709 936 2769 990 τὸ
2803 939 3013 1008 μακρὸν
3046 937 3146 1006 τῆς
3183 937 3408 990 ἐκείνων
3443 933 3629 988 διακόο

2047 1027 2249 1096 ψαντες
2277 1029 2565 1096 συνηθείας
2579 1029 2792 1100 τάληθῆ
2818 1030 2916 1099 μὲν
2933 1030 3041 1082 τῶν
3066 1028 3388 1092 δοκούντων,
3407 1026 3633 1094 τάγαθὰ

2047 1121 2104 1174 δὲ
2130 1120 2236 1174 τῶν
2269 1121 2439 1190 ἡδέων
2477 1123 2901 1190 ἀντεισαγαγεῖν
2955 1121 3314 1188 δυνηθεῖμεν·
3349 1119 3474 1172 ὅθεν
3502 1118 3634 1172 οὐδὲ

2050 1213 2153 1281 χρὴ
2187 1211 2514 1280 θαυμάζειν,
2547 1215 2595 1266 εἰ
2626 1213 2736 1265 τῶν
2767 1212 3049 1280 λογισμῶν
3075 1214 3122 1264 οἱ
3146 1212 3358 1281 ἄριστοι
3388 1211 3496 1262 τῶν
3526 1228 3636 1262 πο-

2028 1321 2110 1381 ’νη
2121 1303 2228 1370 ρῶν
2262 1306 2321 1356 ού
2356 1303 2618 1373 κρατοῦσι
2673 1303 2975 1374 πανταχοῦ,
3007 1303 3104 1357 καὶ
3134 1303 3244 1356 τῶν
3269 1303 3535 1371 χειρόνων
3567 1302 3634 1354 οὐ

2049 1396 2215 1448 πλέον
2243 1397 2462 1466 ἔχουσιν
2491 1398 2537 1448 οἱ
2572 1395 2824 1458 καλλίους
2855 1396 3006 1462 παρά
3035 1397 3146 1455 τοῖς
3179 1398 3237 1447 ὲν
3257 1395 3403 1462 λόγῳ
3433 1394 3634 1458 ζῶσιν.

2063 1486 2322 1557 Ἀρκέσαι
2374 1488 2484 1556 γὰρ
2513 1489 2580 1541 ἂν
2629 1488 2854 1550 εἰκότως
2891 1482 3050 1556 οἶμαι
3080 1487 3217 1555 πρὸς
3242 1487 3304 1538 τὸ
3331 1486 3640 1554 δυνηθῆναι

2050 1579 2299 1645 γενέσθαι
2349 1577 2607 1649 χρηστὸν,
2664 1580 2726 1632 οὐ
2761 1578 2908 1630 τοῦτ’
2948 1579 3080 1630 αὐτὸ
3121 1577 3346 1647 μαθεῖν,
3413 1578 3540 1628 ὅθεν
3567 1575 3641 1628 ἂν

2051 1670 2262 1734 γένοιτο
2297 1670 2587 1737 πεισθῆναι
2619 1669 2876 1736 γενέσθαι
2908 1670 3170 1739 χρηστὸν,
3205 1669 3418 1738 ἀνάγκη
3454 1669 3509 1720 δὲ
3537 1670 3643 1718 καὶ

2059 1759 2404 1830 μελετῶντας
2431 1761 2715 1829 διατρῖψαι
2754 1762 2848 1812 καὶ
2878 1765 3059 1830 μεῖναι
3096 1761 3446 1828 λογιζομένου
3459 1781 3504 1820 :,
3534 1762 3644 1812 καὶ

2055 1855 2148 1906 τὸν
2197 1853 2356 1923 ὀρθὸν
2390 1852 2548 1920 λόγον
2583 1854 2641 1906 οὐ
2675 1853 2918 1922 μαθόντα
2948 1854 3256 1923 κτήσασθαι
3291 1855 3472 1922 μόνον,
3493 1853 3645 1906 ἀλλὰ

2058 1947 2150 1998 καὶ
2202 1947 2514 2016 χρήσασθαι
2549 1947 2688 2016 πρὸς
2719 1946 2753 2000 ἃ
2781 1948 2883 2010 δεῖ,
2913 1949 3168 2018 καθάπερ
3211 1953 3300 2002 καὶ
3330 1949 3500 2001 σιτίον
3536 1950 3647 2000 καὶ

2057 2038 2219 2091 ὅπλον
2263 2040 2359 2092 καὶ
2400 2039 2693 2108 φάρμακον
2746 2040 2842 2092 atad.
2889 2041 3102 2108 ἱμάτιον
3135 2040 3197 2094 ού
3230 2045 3340 2102 τοῖς
3375 2042 3646 2095 συνοῦσιν

2058 2127 2244 2189 ἁπλῶς
2273 2129 2366 2179 καὶ
2393 2127 2755 2197 κεκτημένοις
2784 2129 2975 2196 ὕφελος
3003 2131 3140 2199 ἔχει,
3172 2133 3284 2194 τοῖς
3318 2133 3647 2201 χριομένοις

2058 2220 2114 2272 δὲ
2151 2221 2220 2272 τά
2244 2210 2542 2290 γιγνόμῖενα
2573 2221 2778 2291 βοηθεῖ.
2822 2223 2887 2275 Εἰ
2918 2223 2977 2276 δὲ
3002 2223 3110 2276 τῶν
3133 2223 3412 2292 λογισμῶν
3439 2229 3489 2274 ot
3530 2225 3647 2291 μὲν

2061 2311 2253 2379 φαῦλοι
2287 2294 2383 2364 τὸν
2411 2313 2533 2364 νοῦν
2572 2314 2652 2375 είς
2697 2315 2924 2377 ἑαυτοὺς
2985 2316 3262 2385 ἀσχολοῖεν
3290 2318 3644 2384 ἐγκείμενοι,

2061 2404 2168 2456 τῶν
2204 2403 2249 2456 δ’
2303 2405 2524 2472 ἀγαθῶν
2579 2405 2705 2458 ὅσον
2760 2406 3044 2460 αἰσθέσθαι
3085 2411 3408 2476 γεγευμένοι
3468 2411 3650 2476 μόνον

2061 2495 2454 2566 ἀποπηδῶμεν,
2510 2498 2560 2551 τί
2601 2500 2786 2552 καινὸν
2815 2501 2883 2554 τὰ
2905 2501 3073 2571 χείρω
3102 2505 3346 2571 κρατεῖν,
3376 2504 3472 2554 καὶ
3505 2504 3650 2564 τοὺς

2064 2587 2165 2656 μὲν
2198 2594 2469 2658 πονηροὺς
2499 2593 2790 2660 κατασχεῖν
2816 2593 2916 2661 τὴν
2947 2593 3042 2660 τῆς
3072 2593 3250 2664 ψυχῆς
3269 2593 3452 2663 χώραν
3477 2596 3649 2662 coep-

2061 2680 2193 2745 γοὺς
2227 2679 2409 2744 ὄντας,
2447 2685 2570 2744 τοὺς
2604 2682 2650 2735 δ’
2683 2682 3041 2752 ἐκϐεϐλῆσθαι
3079 2685 3428 2737 παντάπασιν
3464 2686 3653 2750 ἡττη-

2066 2771 2259 2838 μένους
2311 2771 2470 2835 όντας
2525 2775 2764 2853 ἀργούςς
2823 2774 2958 2827 Οὔτε
3005 2777 3186 2828 τοίνυν
3213 2776 3289 2846 μὴ
3321 2776 3652 2845 οἰκοδομεῖν

2062 2861 2265 2925 εἰδότα,
2294 2865 2326 2936 ἢ
2359 2865 2432 2936 μὴ
2461 2866 2551 2919 τὸν
2592 2867 2776 2937 ἰατρὸν
2803 2866 3048 2934 ὑγιάζειν
3078 2867 3111 2937 ἦ
3137 2868 3250 2921 τῶν
3278 2869 3651 2938 δημιουργῶν

2061 2956 2309 3009 ὁντινοῦν
2332 2958 2408 3028 μὴ
2435 2965 2502 3013 τὰ
2522 2960 2690 3013 αὐτοῦ
2720 2962 2920 3025 ποιεῖν,
2952 2962 3053 3023 ἕως
3075 2963 3135 3013 οὐ
3161 2963 3340 3032 χρῷτο
3359 2966 3422 3032 τῇ
3443 2965 3646 3033 τέχνῃ,

2063 3050 2254 3104 καινὸν
2279 3051 2454 3116 οὐδὲν,
2491 3050 2615 3104 οὔτε
2655 3052 2832 3110 έκεῖνο
2860 3051 3192 3121 θαυμαστὸν,
3219 3055 3271 3105 εί
3298 3069 3381 3116 τις
3403 3055 3497 3106 τὸν
3533 3056 3646 3123 ὀρ-

2067 3143 2157 3195 θὸν
2190 3142 2347 3211 λόγον
2377 3143 2539 3212 ἔχων,
2576 3143 2798 3212 ἐνεργὸν
2823 3143 2880 3197 δὲ
2907 3144 3008 3197 οὐκ
3035 3144 3176 3213 ἔχων
3196 3145 3348 3198 οὐδὲν
3372 3147 3652 3199 ἀπώνατο

2064 3236 2166 3302 τῆς
2202 3235 2460 3304 σπουδῆς.
2501 3236 2784 3306 Χρὴσαιτο
2819 3237 2927 3307 γὰρ
2963 3239 3030 3292 ἄν
3053 3255 3140 3301 τις
3175 3241 3288 3302 τοῖς
3321 3239 3418 3308 μὲν
3442 3241 3651 3304 ὅπλοις

2067 3326 2204 3394 πρὸς
2256 3327 2386 3387 τοὺς
2439 3328 2694 3388 ἐπιόντας
2839 3329 3086 3398 προσῆκε
3138 3328 3510 3399 διαχειρίζων,
3564 3334 3648 3401 τῇ

2065 3419 2228 3489 τέχνῃ
2261 3417 2317 3469 δὲ
2353 3419 2470 3469 κατ’
2496 3417 2667 3486 αὐτὴν
2688 3418 2956 3488 ἐνεργῶν⁸
2991 3419 3100 3472 τῶν
3129 3421 3186 3473 δὲ
3215 3419 3493 3489 λογισμῶν
3518 3426 3649 3485 τοῖς

2065 3509 2336 3577 ἀρίστοις,
2366 3508 2620 3578 καθάπερ
2651 3512 2762 3572 τοῖς
2789 3510 3116 3580 συμϐούλοις
3147 3512 3429 3582 χρώμεθα,
3459 3530 3649 3577 προτ-

2066 3598 2204 3668 έχων
2227 3598 2315 3651 τὸν
2338 3599 2483 3662 νοῦν,
2515 3600 2612 3669 οὐχ
2643 3600 2769 3655 ὅσον
2797 3599 2834 3652 ἃ
2877 3598 2960 3652 δεῖ
2992 3601 3234 3670 μαθόντα
3263 3601 3489 3668 γνῶναι,
3513 3599 3649 3652 ἀλλ’

2066 3691 2206 3744 ὥστε
2264 3691 2461 3758 γνόντα
2513 3691 2806 3760 πεισθῆναι
2835 3692 2932 3745 καὶ
2957 3694 3066 3746 τῶν
3095 3693 3170 3756 ὡς
3201 3692 3417 3762 ἀληθῶς
3451 3692 3653 3746 καλῶν

2066 3786 2247 3853 ἔρωτα
2296 3784 2466 3848 σχεῖν,
2493 3783 2520 3836 ὃ
2551 3783 2849 3853 περιέργου
2881 3785 3313 3853 δεῖται-μελέτης
3338 3801 3352 3814 ·
3391 3784 3514 3836 ἐπεὶ
3538 3787 3652 3840 καὶ

2066 3876 2380 3928 τούναντίον
2409 3877 2502 3928 ἐπὶ
2535 3876 2646 3928 τῶν
2687 3876 2910 3942 φαύλων
2946 3877 3011 3929 τὸ
3032 3877 3131 3945 μὲν
3165 3874 3511 3945 ἀσχολεῖσθαι
3540 3878 3660 3929 καὶ·

2067 3966 2368 4038 διατρίϐειν
2403 3970 2469 4037 τῇ
2495 3967 2640 4037 ψυχῇ
2672 3968 2762 4020 τὸν
2792 3967 3038 4038 ϐλεθρον,
3066 3968 3126 4019 τὸ
3145 3968 3190 4020 δ’
3222 3968 3407 4029 ἁπλῶς
3432 3967 3652 4020 οὑτωσὶ

2068 4061 2269 4127 γνῶναι
2294 4060 2469 4113 δεινὸν
2485 4059 2659 4123 οὐδὲν,
2678 4058 2805 4111 ὅθεν
2822 4061 3038 4129 ἀνάγκη
3063 4060 3162 4128 τὴν
3189 4060 3420 4128 μελέτην
3443 4058 3602 4111 ὥσπε
3612 4076 3652 4128 ρ

2068 4153 2184 4203 ἐκεῖ
2212 4152 2457 4218 φεύγειν,
2497 4150 2672 4214 οὕτως
2701 4150 2938 4204 ἐνταῦθα
2968 4151 3203 4205 διώκειν.

2140 4241 2216 4296 Τὸ
2246 4244 2347 4311 μὲν
2371 4242 2464 4295 οὖν
2495 4242 2703 4296 ἐθέλειν
2731 4243 2988 4311 τάγαθὸν,
3013 4243 3166 4295 οὐδὲν
3193 4242 3376 4312 ἔργον,
3408 4241 3651 4308 οὐδεμία

2072 4338 2179 4405 γὰρ
2215 4337 2308 4389 τοῦ
2365 4338 2694 4405 πράγματος
2739 4338 2960 4406 ἡγεῖται
3024 4337 3262 4404 σπουδή·
3314 4335 3454 4404 πρὸς
3491 4335 3552 4387 δὲ
3581 4335 3653 4388 τὸ

399 4433 578 4478 autem
603 4419 1152 4485 conservandumque
1176 4433 1300 4470 cum
1329 4418 1479 4471 labor
1505 4419 1576 4471 sit
1600 4421 1958 4482 necessarius,

2074 4429 2255 4479 λαϐεῖν
2285 4427 2381 4478 καὶ
2415 4428 2597 4479 σῶσαι
2623 4428 2786 4479 πόνου
2812 4427 3091 4499 δεόμενον,
3124 4423 3506 4494 πραγματείας
3546 4425 3655 4474 καὶ

400 4516 582 4570 studio
617 4529 679 4566 ac
714 4513 794 4564 via
826 4510 1062 4580 quadam
1093 4524 1232 4576 opus
1287 4521 1392 4575 est,
1427 4524 1534 4579 qua
1565 4510 1633 4562 ad
1668 4512 1967 4566 certamina

405 4610 517 4659 lucc
573 4606 816 4655 volentes
866 4600 1269 4670 aggrediamur,
1323 4601 1765 4668 quandoquidem
1823 4602 1969 4656 haud

402 4697 558 4748 facile
584 4693 709 4747 talis
742 4694 895 4745 labor
924 4693 1247 4768 capessitur.
1281 4690 1434 4754 Quod
1464 4701 1644 4744 autem
1677 4694 1879 4760 ubique
1901 4695 1966 4749 ad

402 4786 700 4837 t't'l'ttttllitttl
733 4783 875 4836 velut
927 4783 1186 4837 athletam
1240 4782 1412 4851 ungit.
1456 4799 1606 4838 amor
1638 4794 1720 4838 est
1757 4801 1970 4850 eorum,

406 4894 503 4945 pro
532 4875 732 4944 quibus
761 4886 1054 4928 certamus.
1087 4871 1181 4926 llic
1206 4872 1350 4926 enim
1385 4873 1615 4937 labores,
1647 4881 1749 4928 etsi
1782 4877 1974 4930 admo-

406 4975 534 5021 dum
573 4967 897 5020 cruciabiles
927 4963 1199 5018 suavitate
1253 4965 1460 5018 condit.
1491 4965 1743 5020 Amorem
1793 4981 1973 5022 autem

409 5061 763 5113 honestorum
795 5057 930 5109 nihil
958 5055 1107 5109 aliud
1154 5057 1430 5116 accendit.
1466 5072 1631 5126 quam
1693 5060 1972 5113 attendere

405 5155 509 5208 illis
548 5151 813 5214 animum,
857 5160 1124 5203 eteorum
1158 5149 1484 5218 elegantiam
1525 5152 1854 5218 perspicere.
1907 5151 1992 5208 Et.

403 5248 492 5299 hic
524 5253 608 5297 est
640 5243 802 5312 ignis,
843 5240 935 5309 qui
985 5256 1048 5293 ex
1101 5240 1452 5293 meditatione
1532 5243 1622 5296 Dei
1683 5245 1737 5296 in
1790 5244 1971 5296 anima

407 5339 689 5407 Propheta:
719 5332 982 5387 exarsit“
1016 5351 1033 5381 ‹
1065 5331 1130 5384 Ει
1153 5332 1204 5384 in
1229 5333 1577 5388 meditatione
1603 5349 1739 5397 mea,
1773 5336 1970 5404 inquit,

408 5430 730 5486 exardescet
753 5425 917 5496 ignis.
956 5445 972 5475 ι
1006 5425 1143 5491 Quia
1171 5425 1298 5478 alibi
1329 5426 1641 5488 ostendens,
1671 5427 1814 5479 circa
1840 5427 1970 5494 quid

410 5522 688 5575 meditatio
715 5530 984 5582 versetur,
1023 5527 1075 5570 et
1109 5517 1265 5586 cujus
1301 5518 1398 5570 viri
1435 5519 1504 5572 sit
1529 5533 1685 5586 opus,
1712 5521 1810 5572 hoc
1848 5521 1968 5588 qui-

477 5696 518 5726 ⁸³
571 5695 711 5750 l‘sal.
756 5711 982 5759 xxxwu,
1021 5694 1074 5745 4.

2080 4519 2305 4588 μεθόδου
2370 4520 2529 4586 χρεία
2591 4517 2758 4581 τινὸς,
2821 4517 2937 4580 πῶς
2968 4517 3034 4570 ἂν
3085 4517 3301 4576 ἑκόντες
3342 4509 3481 4565 εἶναι
3515 4515 3652 4575 τοὺς

2076 4610 2292 4677 ἀγῶνας
2345 4609 2669 4674 ἀνελοίμεθα
2703 4607 2948 4668 τούτους,
2977 4606 3052 4666 ὡς
3087 4605 3188 4657 οὐκ
3213 4604 3273 4656 ὃν
3307 4604 3487 4673 ῥᾴδιον
3525 4604 3653 4652 ἐλέ-

2075 4702 2199 4754 σθαι
2235 4704 2447 4763 πονεῖν;
2481 4702 2639 4752 Ἔστι
2683 4699 2739 4750 δὲ
2771 4700 2832 4751 τό
2879 4698 2976 4766 μὲν
3008 4693 3324 4764 ἁπανταχοῦ
3358 4693 3494 4763 πρὸς
3515 4693 3651 4753 τοὺς

2071 4794 2290 4861 ἀγῶνας
2309 4794 2530 4858 ἀλείφον
2548 4795 2574 4844 ὁ
2601 4809 2668 4844 πε
2678 4794 2733 4860 pl
2755 4786 2831 4845 ὧν
2852 4787 3238 4858 ἀγωνιζόμεθα
3261 4786 3424 4847 πόθος
3449 4802 3463 4816 ’
3484 4778 3650 4845 οὗτος

2072 4889 2180 4954 γὰρ
2204 4886 2351 4953 ἡδεῖς
2371 4888 2516 4938 ποιεῖ
2543 4888 2670 4948 τοὺς
2707 4885 2920 4945 πόνους,
2954 4882 3058 4934 κᾶν
3081 4897 3186 4933 ωσι
3220 4880 3340 4932 λίαν
3366 4879 3649 4947 όδυνηροὶ.

2072 4977 2160 5029 τὸν
2192 4977 2372 5046 ἔρωτα
2402 4978 2457 5029 δὲ
2509 4978 2616 5028 τῶν
2653 4976 2838 5028 καλῶν
2867 4977 2975 5029 τῶν
2999 4975 3176 5027 ἄλλων
3213 4974 3311 5040 μὲν
3339 4971 3511 5033 οὐδὲν,
3582 4973 3648 5018 το

2084 5071 2341 5138 προσχεῖν
2370 5069 2426 5121 δὲ
2456 5069 2547 5121 τόν
2576 5068 2700 5121 νοῦν
2723 5069 2907 5130 αὐτοῖς
2936 5071 3028 5120 καὶ
3060 5067 3402 5132 καταμαθεῖν
3427 5065 3486 5114 τὸ
3510 5064 3614 5113 κάλ

2081 5159 2169 5222 λος
2200 5161 2464 5212 ἀνάπτει·
2509 5162 2602 5212 καὶ
2635 5160 2793 5211 τοῦτό
2823 5162 2940 5210 ἐστι
2971 5158 3031 5209 τὸ
3075 5157 3209 5224 πῦρ,
3241 5157 3378 5222 ὅπερ
3402 5152 3510 5205 ἀπὸ
3543 5150 3646 5218 τῆς

2081 5248 2211 5315 περὶ
2239 5248 2374 5300 Θεὸν
2406 5249 2634 5318 μελέτης
2663 5247 2880 5317 ἀνήφθη
2913 5249 2979 5316 τῇ
3015 5247 3109 5299 τοῦ
3147 5247 3429 5314 προφήτου
3473 5248 3646 5309 ψυχῇ.

2091 5357 2108 5388 ι
2139 5340 2246 5390 Καὶ
2273 5343 2330 5390 ἐν
2356 5344 2419 5407 τῇ
2453 5341 2652 5410 μελέτῃ
2676 5357 2796 5408 μου,
2820 5341 3005 5407 φησὶν,
3035 5337 3430 5402 ἐκκαυθήσεται
3462 5335 3596 5400 πῦρ·
3625 5354 3643 5378 ρ

2079 5429 2134 5488 ὃ,
2158 5430 2384 5500 ἑτέρωθι
2403 5435 2639 5495 δεικνὺς,
2666 5434 2790 5500 περὶ
2808 5433 2908 5483 ὅτε
2932 5434 2964 5500 ἡ
2994 5431 3188 5497 μελέτη
3217 5427 3465 5488 κείτίνος
3487 5427 3644 5490 ἔργον

2079 5520 2290 5590 ἀνδρὸς,
2324 5524 2411 5576 τόν
2437 5525 2534 5592 μέν
2555 5541 2686 5591 φησι
2713 5525 2801 5575 τὸν
2826 5523 3090 5590 μακάριον
3109 5525 3391 5572 ivvenis-cev
3410 5513 3566 5578 εἶναι,
3585 5529 3642 5566 τε
