3982 6208
375 273 479 335 657

1361 288 1456 349 DE
1493 293 1669 355 VlTA
1707 295 1786 355 IN
1827 296 2154 362 CllRlSTO
2219 305 2362 365 LIB.
2399 306 2503 369 VI.

3497 320 3604 382 658

371 388 423 440 δὲ
457 388 550 440 τὸν
576 389 670 442 τοῦ
696 391 830 446 Θεοῦ
857 395 1017 466 νόμον
1046 417 1055 426 σ
1088 399 1114 452 ό
1141 400 1247 470 γὰρ
1281 405 1551 474 μακάριος
1573 407 1715 496 ἀνὴρ
1736 409 1916 479 ἡμέρα

2052 414 2171 468 dem
2203 417 2279 470 ait
2302 418 2444 472 beati
2479 419 2598 483 viri,
2625 420 2753 474 illud
2805 421 2893 477 llei
2926 423 3117 492 legem.
3161 427 3356 484 Beatus
3395 432 3498 496 vir,
3530 434 3622 488 in?

370 479 461 529 καὶ
488 479 682 541 νυκτὸς
704 483 763 534 ὲν
786 483 862 553 τῷ
896 486 1042 557 νόμῳ
1069 488 1160 540 τοῦ
1182 489 1340 556 Θεοῦ,
1365 496 1520 564 φησί,
1552 486 1863 568 μελετήσει.

439 569 501 620 Εἰ
528 568 584 621 δὲ
613 573 644 639 ή
689 576 821 643 περὶ⁸
855 576 946 629 τὸν
999 580 1244 646 γραπτὸν
1291 584 1457 655 νόμον
1493 587 1692 660 μελέτη
1732 590 1794 643 τὸ
1825 591 1936 662 πῦρ

367 659 632 714 ἀνάπτειν
662 663 886 720 δύναται
914 668 1092 736 τοῦτο,
1129 673 1182 725 τί
1220 691 1350 728 ποτε
1391 677 1498 749 χρὴ
1542 680 1737 750 δρᾶσαι
1777 685 1938 753 νομί-

370 769 457 804 σαι
523 754 617 807 τὸν
672 759 837 826 νόμον
885 760 981 815 τοῦ
1031 765 1366 836 πνεύματος,
1424 771 1484 834 ὃς
1529 773 1622 825 τὸν
1684 774 1937 847 ἀληθινὸν

368 842 544 937 ἔρωτα
581 848 676 900 τοῦ
709 850 848 905 Θεοῦ
881 857 996 919 τοῖς
1028 857 1338 928 ἀνθρώποις
1372 864 1611 935 ἐνέθηκε
1651 842 1813 937 μόνος
1843 871 1936 925 καὶ

367 935 479 1007 πῦρ
511 938 685 1009 ἀνῆψε
720 945 886 998 πόθου
921 947 1220 1019 σϐεσθῆναι
1259 957 1454 1024 μηδενὶ
1480 935 1812 1032 δυναμένην,
1871 965 1933 1018 οὔ

368 1030 477 1082 τῶν
539 1033 744 1104 ἑτέρως
793 1038 1047 1107 ἐχόντων,
1099 1047 1160 1097 ού
1211 1048 1322 1100 τῶν
1368 1051 1680 1107 ἐνεστώτων
1724 1056 1785 1109 οὐ
1824 1058 1933 1112 τῶν

369 1121 705 1188 μελλόντωνί
750 1127 918 1201 ’Υπὲρ
971 1126 1031 1186 οὗ
1088 1152 1180 1204 μοι
1216 1138 1368 1194 δοκεῖ
1416 1143 1508 1196 καὶ
1539 1147 1794 1214 πυρίναις
1837 1167 1936 1218 φα-

368 1212 524 1278 νῆναι
573 1216 851 1284 γλώσσαις
887 1224 1218 1297 εἰσενεχθείς
1250 1231 1332 1285 ὅτι
1387 1233 1485 1302 τὴν
1549 1212 1721 1308 πυρὸς
1776 1212 1934 1311 δίκην

328 1304 545 1367 ,πάντα
599 1310 887 1378 τολμῶσαν
960 1318 1187 1390 ἀγάπην
1244 1325 1584 1395 εἰσήνεγκεν,
1629 1304 1788 1385 *ἐπεὶ
1837 1304 1934 1388 καὶ

366 1395 583 1466 πρῶτον
616 1399 778 1454 αὑτὸν
804 1403 897 1457 τοῦ
932 1407 1111 1477 νόμου·
1150 1414 1451 1486 νομοθέτην
1479 1419 1670 1491 ἀγάπη
1701 1425 1932 1494 κεκόμι-

367 1503 458 1538 κεν
494 1490 572 1586 εἰς
596 1490 696 1562 τὴν
720 1494 846 1564 γῆν,
898 1500 990 1551 καὶ¹
1044 1502 1176 1556 αὐτὸ
1204 1506 1264 1558 τὸ
1297 1507 1390 1560 τοῦ
1442 1513 1733 1582 νομοθέτου
1769 1490 1929 1586 carpat

367 1579 776 1649 φιλανθρωπίας
830 1588 949 1642 ἐστὶ
1004 1594 1238 1662 καρπὸς,
1288 1601 1382 1652 καὶ
1425 1579 1604 1666 ἄλλως
1629 1605 1686 1658 δὲ
1724 1579 1874 1678 αὐτῷ
1904 1609 1933 1660 ὁ

363 1670 525 1738 νόμος
561 1673 939 1764 ἃπαςᾼέρωτος
966 1683 1123 1754 γέμει
1156 1687 1248 1741 καὶ
1275 1689 1465 1746 τοῦτον
1497 1694 1600 1764 μὲν
1623 1670 1932 1752 ἐπιδείκνυ-

363 1779 452 1858 ται
485 1766 650 1820 πᾶσιν
681 1762 763 1831 οἷς
795 1770 931 1842 ἔχει,
966 1775 1156 1830 τοῦτον
1177 1778 1234 1832 δὲ
1266 1762 1508 1853 εἰσάγει,
1529 1785 1706 1858 τούτῳ
1729 1788 1785 1841 δὲ
1811 1790 1933 1844 πεί-

365 1851 465 1916 θει,
506 1855 696 1950 τοῦτον
715 1860 774 1912 δὲ
809 1865 939 1934 παρ’
969 1867 1128 1938 ἡμῶν
1175 1870 1371 1942 δῶρον,
1404 1851 1564 1946 νὺπὲρ
1601 1851 1689 1932 ὧν.
1709 1880 1929 1950 ἔδωκεν,

361 1945 624 2017 ἀποχρῶν
674 1953 894 2022 ἡγεῖται
947 1957 1149 2016 λαϐών.
1186 1965 1260 2016 Οὐ
1290 1965 1401 2036 γὰρ
1430 1945 1714 2026 ἐπιτάττει
1755 1945 1929 2031 mea;

361 2053 475 2142 περ
486 2039 764 2142 ὀφείλουσι
795 2048 1026 2142 δούλοις,
1060 2055 1177 2109 ἀλλ’
1203 2057 1395 2133 ὥσπερ
1426 2062 1643 2119 πολλῶν
1669 2067 1770 2138 μὲν
1798 2069 1930 2142 παρ’

362 2126 526 2229 ἡμῶν
561 2132 698 2229 ⁴πρὸς
753 2135 918 2192 αὐτὸν
964 2141 1142 2197 πόνων
1183 2126 1574 2221 ἡγησαμένων,
1636 2126 1838 2229 πολλῆς
1871 2126 1927 2212 δὲ

364 2220 656 2314 συνηθείας
711 2230 806 2286 καὶ
862 2232 1123 2304 φίλτρων,
1184 2237 1275 2293 ἐπὶ
1323 2242 1422 2314 τὴν
1451 2220 1740 2301 κοινωνίαν
1771 2220 1930 2304 καλεῖ

359 2311 465 2412 τῶν
498 2315 662 2370 αὐτοῦ
705 2323 1031 2390 προσιόντας
1084 2329 1248 2394 εὐθὺς
1289 2334 1347 2400 ἐξ
1379 2311 1588 2408 τάρχῆς
1616 2356 1630 2369 ο
1667 2339 1778 2409 ἐγὼ
1827 2343 1928 2412 μὲν

362 2402 496 2506 ύπὲρ
543 2408 646 2478 τῆς
694 2409 973 2481 βασιλείας
1010 2418 1324 2492 ἠγώνισμαι
1371 2402 1733 2496 καί-πολλοῖς
1759 2402 1924 2506 φησιν

359 2494 553 2560 ἔπλεξα
613 2501 708 2554 τὸν
757 2506 1024 2576 στέφανον
1081 2515 1283 2583 πόνοις,
1347 2519 1504 2589 ὑμεῖς
1570 2523 1627 2576 δὲ
1690 2526 1925 2600 ἀπονητὶ

359 2585 590 2688 δέξεσθε,
621 2593 757 2649 αἰτῶ
787 2598 843 2650 δὲ
875 2602 1007 2671 παρ’
1046 2604 1199 2674 ὑμῶν
1229 2609 1349 2662 ἀντὶ
1380 2585 1606 2679 τούτων,
1638 2614 1686 2670 έί
1718 2585 1923 2688 mittite

360 2681 518 2736 πλέον
549 2687 720 2744 οὐδέν.

430 2774 494 2826 Ὢ
523 2776 626 2846 τῆς
650 2782 914 2874 Δἀρρήτου
954 2792 1340 2863 χρηστότητος,
1390 2799 1438 2850 εἰ
1477 2800 1552 2871 μὴ
1587 2800 1734 2870 φιλεί
1759 2805 1922 2874 μόνον

358 2862 512 2968 ιῦτω.
541 2871 785 2942 σφοδρῶς
826 2877 966 2933 ἀλλά
1001 2882 1094 2936 καὶ
1146 2862 1222 2937 τδ
1256 2862 1703 2965 φιλετσοὲιίτὲαρτ
1759 2862 1922 2968 ημῶν

357 2959 610 3015 τοσούτου
669 2969 897 3036 τιμᾶται
955 2974 1049 3027 καὶ
1102 2975 1241 3050 ὑπὲρ
1293 2982 1485 3037 τούτου
1521 2987 1699 3042 πάντα
1731 2994 1916 3047 ποιεῖι

2042 507 2178 575 quit,
2207 509 2321 563 dies
2354 520 2407 564 et
2432 520 2618 566 noctes
2652 513 2704 566 in
2731 514 2844 580 lege
2871 516 2961 570 Dei
2999 520 3347 575 meditabitur
3374 524 3442 577 ⁵³.

2113 591 2232 648 Jam
2263 611 2391 650 vero
2421 598 2466 651 si
2517 601 2796 656 meditatio
2827 604 2969 659 circa
3013 606 3246 663 litteram
3284 612 3415 680 legis
3468 615 3610 670 hunc

2045 685 2218 754 ignem
2248 690 2546 745 accendere
2579 701 2776 760 potest,
2813 696 2939 764 quid
2966 696 3234 754 facturam
3267 705 3608 761 existimabi-

2045 791 2166 832 mus
2190 777 2360 848 legem
2396 781 2623 850 spiritus
2645 827 2659 850 ,
2694 800 2813 853 qum
2853 788 2968 840 sola
3002 805 3188 844 verum
3219 793 3308 846 Dei
3360 811 3602 851 amorem

2047 868 2360 925 hominibus
2396 873 2648 938 inseruit,
2673 884 2726 928 et
2757 891 2949 944 rogum
2981 881 3270 947 quemdam
3295 887 3500 941 amoris
3527 889 3607 940 iu-

2044 958 2367 1030 ﬂammavit,
2397 981 2559 1034 quam
2588 967 2735 1022 nulla
2758 983 2844 1023 res
2871 973 3068 1038 poterit
3103 976 3468 1045 exstinguere,
3497 997 3602 1035 non

2046 1066 2258 1120 aspera,
2317 1071 2428 1112 non
2480 1057 2744 1126 jucunda,
2789 1077 2895 1116 non
2957 1064 3192 1132 instans,
3227 1084 3333 1123 non
3387 1071 3600 1127 futura!

2044 1142 2214 1208 Quam
2245 1147 2318 1200 ob
2348 1163 2569 1202 causam
2604 1151 2742 1205 coelo
2771 1151 3044 1208 demissus
3082 1155 3281 1224 linguis
3304 1159 3474 1228 igneis
3505 1180 3605 1231 ap-

2040 1234 2292 1302 paruisse
2322 1237 2454 1292 mihi
2488 1239 2719 1304 videtur,
2747 1244 3004 1310 quoniam
3059 1245 3378 1302 charitatem
3431 1251 3604 1313 instar

2037 1324 2181 1394 ignis
2215 1330 2394 1383 omnia
2445 1329 2825 1399 depascentem
2865 1333 3065 1400 intulit,
3095 1337 3360 1407 siquidem
3388 1353 3440 1395 et
3467 1346 3602 1411 ‘pri-

2040 1435 2190 1472 mum
2228 1420 2597 1490 legislatorem
2627 1425 2804 1492 ipsum
2837 1427 3076 1482 Charitas
3115 1428 3170 1482 in
3214 1441 3387 1488 terras
3412 1448 3604 1500 apper-

2039 1511 2192 1576 tavit,
2243 1523 2294 1566 et
2340 1512 2517 1582 ipsum
2571 1515 2898 1584 legislatoris
2952 1533 3176 1588 corpus,
3246 1519 3603 1578 humanitatis

2042 1603 2162 1673 ejus
2196 1605 2392 1675 pignus
2418 1623 2481 1661 ac
2510 1607 2720 1665 fructus
2743 1619 2825 1665 est
2851 1627 2866 1676 ;
2903 1621 2957 1667 et
3004 1623 3262 1681 praeterea
3290 1616 3460 1683 ipsius
3516 1616 3601 1669 lt-x

2044 1702 2153 1749 tota
2183 1710 2370 1751 amore
2403 1707 2614 1766 scatet;
2645 1710 2700 1754 et
2730 1701 2876 1756 hunc
2908 1704 3168 1776 omnibus
3199 1706 3396 1774 quibus
3427 1717 3604 1773 potest

2034 1788 2212 1842 modis
2269 1790 2529 1855 ostendit,
2593 1791 2737 1846 hunc
2803 1779 3124 1860 introducit,
3180 1797 3326 1852 hunc
3388 1801 3599 1863 suadet,

2033 1875 2180 1933 hunc
2207 1894 2236 1933 a
2273 1880 2430 1936 nobis
2453 1881 2500 1938 si
2541 1883 2812 1949 retulerit,
2873 1887 3161 1942 sullicicnti
3221 1904 3448 1944 munere
3495 1891 3598 1944 sibi

2032 1979 2132 2020 sua
2160 1964 2216 2019 in
2245 1979 2346 2023 nos
2374 1969 2564 2024 merita
2589 1983 2944 2040 compensata
2978 1975 3288 2031 arbitratur.
3316 1975 3431 2031 Non
3454 1978 3596 2032 enim

2030 2055 2188 2125 quasi
2224 2059 2403 2114 servis
2460 2060 2720 2132 obligatis
2767 2063 3020 2133 imperat,
3065 2068 3159 2122 sed
3217 2069 3375 2138 quasi
3411 2071 3598 2126 multis

2031 2158 2253 2219 propter
2285 2152 2467 2222 ipsum
2501 2152 2984 2226 defatigationibus
3034 2158 3370 2229 perlunctos,
3411 2163 3597 2234 longa-

2028 2253 2136 2310 que
2158 2243 2552 2299 consuetudine
2581 2255 2630 2300 et
2664 2261 2850 2303 amore
2875 2249 3176 2318 devinctos,
3210 2253 3390 2308 statim
3433 2263 3489 2309 ut
3528 2256 3593 2310 ad

2031 2346 2156 2385 eum
2193 2349 2251 2388 se
2278 2337 2625 2408 contulerint,
2678 2338 2744 2392 ad
2785 2337 3218 2398 communionem
3257 2361 3436 2401 rerum
3469 2362 3593 2401 sua-

2029 2439 2147 2478 rum
2176 2438 2356 2481 vocat.
2385 2427 2494 2498 Ego
2515 2431 2733 2499 quidem
2763 2448 2860 2503 pro
2888 2450 3053 2505 regno
3077 2436 3367 2503 decertavi,
3396 2439 3592 2510 inquit,

2029 2518 2320 2590 multisque
2387 2522 2670 2579 laboribus
2726 2541 2983 2582 coronam
3043 2531 3225 2594 nexui,
3275 2549 3437 2602 quam
3499 2549 3594 2588 vos

2027 2611 2161 2665 citra
2198 2612 2440 2670 laborem
2496 2617 2799 2685 accipietis.
2843 2618 2948 2674 Pro
2995 2621 3077 2677 bis
3104 2623 3252 2679 aliud
3308 2625 3382 2679 nil
3412 2627 3590 2699 exigo,

2027 2703 2130 2758 nisi
2156 2713 2216 2759 ut
2246 2721 2329 2759 me
2358 2708 2575 2762 ametis.

2099 2799 2142 2853 Ο
2174 2799 2608 2869 inexpliCabilem
2629 2802 2956 2858 bonitatem!
2993 2821 3097 2860 non
3133 2808 3308 2863 solum
3346 2818 3452 2862 tam
3478 2814 3594 2864 cxi-

2024 2891 2132 2946 mie
2164 2892 2360 2962 diligit,
2394 2893 2488 2946 sed
2530 2894 2692 2948 etiam
2725 2894 2897 2950 amari
2930 2911 2958 2950 a
2986 2899 3143 2953 nobis
3177 2901 3310 2953 tanti
3337 2900 3589 2962 :estimat,

2023 2983 2169 3052 quod
2206 2993 2264 3038 ut
2291 2995 2681 3054 consequatur,
2709 2987 2841 3042 nihil
2873 2991 3096 3044 omittit.
3133 2992 3262 3044 Nam
3293 2993 3420 3065 quid
3443 2994 3589 3048 aliud

360 3048 460 3152 καὶ
495 3053 637 3116 τίνος
668 3058 776 3128 γὰρ
809 3061 997 3117 ἕνεκεν
1030 3048 1368 3142 ’ᾠκόδομησε
1417 3075 1519 3144 μὲν
1549 3079 1777 3148 οὐρανὸν
1825 3087 1916 3138 καὶ

2027 3072 2234 3128 fuitcur
2254 3077 2472 3143 ccelum,
2497 3082 2714 3144 terram,
2740 3079 2933 3143 solem,
2956 3089 3010 3136 et
3029 3084 3406 3154 aspectabileut
3432 3103 3592 3140 mun-

358 3141 456 3248 γῆν
487 3147 580 3198 καὶ
603 3146 754 3215 ἥλιον
809 3154 901 3206 καί
935 3157 1026 3210 τὸν
1052 3141 1326 3231 ὁρώμενον
1372 3141 1727 3238 κόσμονίτοῦ
1761 3175 1917 3248 δὲμὴ

358 3234 631 3339 ὁρωμένου
682 3241 742 3294 τὸ
796 3245 1012 3312 κάλλος,
1045 3246 1156 3305 οἷον
1192 3256 1284 3308 καὶ
1326 3234 1652 3335 ὅπωςναύτῷ
1685 3234 1918 3341 συνέστη

357 3324 579 3395 νεύματι
608 3333 775 3404 μόνῳ,
811 3340 904 3392 καὶ
928 3342 1027 3410 τὴν
1055 3344 1292 3402 ἐνταῦθα
1331 3353 1512 3407 πᾶσαν
1535 3356 1776 3415 διδάσκει
1825 3380 1915 3430 φι-

355 3417 628 3518 λοσοφίαν,
664 3427 696 3496 ἢ
729 3427 824 3482 τοῦ
852 3449 914 3500 γε
947 3435 1082 3503 πρὸς
1129 3438 1322 3494 ἑαυτὸν
1367 3446 1704 3518 ἐπιστρέψας
1731 3417 1917 3508 πεῖσαι

358 3511 562 3582 msh;
607 3519 702 3572 καὶ
744 3522 884 3586 ὅλως
932 3527 1182 3600 καθάπερ
1222 3533 1270 3585 ot
1299 3534 1493 3612 θερμοὶ
1669 3511 1918 3612 ἐραστῶν

355 3605 449 3671 τὴν
485 3609 678 3675 σοφίαν
712 3613 843 3682 ἡμῖν
874 3615 1243 3675 ἐπιδείκνυται
1295 3605 1411 3679 καλιῇ
1446 3630 1542 3700 τὴν
1571 3605 1916 3711 χρηστότητα

355 3697 442 3748 καὶ
485 3701 584 3771 τὴν
615 3704 834 3776 τέχνην,
878 3710 944 3762 ἵν’
981 3713 1214 3770 ἐνθεῖναι
1249 3718 1340 3771 τὸν
1375 3697 1676 3786 ἔρωτα
1714 3697 1910 3785 ἑαυτοῦ

351 3790 568 3864 δυνηθῇ.
598 3797 707 3849 Καὶ
731 3799 913 3854 τοίνυν
944 3808 1175 3860 ποιεῖται
1193 3811 1444 3866 τοσοῦτον
1469 3815 1560 3868 τοῦ
1586 3821 1914 3890 πράγματος

351 3884 500 3951 λόγον
533 3889 627 3942 καὶ
653 3891 826 3956 οὕτως
857 3895 980 3965 ἄγει
1011 3900 1207 3956 πολλοῦ
1229 3920 1393 3970 τινος,
1414 3905 1544 3961 ὥσθ’
1563 3912 1700 3982 ὑπὲρ
1725 3916 1912 3970 τούτου

350 3980 523 4034 πάντα
549 3986 816 4056 πονήσας,
861 3987 896 4041 ἃ
935 3991 1072 4046 Θεοῦ
1113 3995 1271 4063 φύσει
1306 4001 1602 4071 προσῆκεν,
1643 4007 1743 4061 οὐκ
1774 4012 1910 4078 ἀγα-

347 4073 541 4140 πῆσαι,
571 4077 708 4132 ἀλλά
744 4081 881 4150 πρὸς
930 4084 1122 4154 ἑτέραν
1180 4089 1342 4157 φύσιν
1404 4092 1554 4160 ἰδεῖν,
1617 4073 1909 4156 ὥστεςκαὶ

261 4235 270 4244 Ι
348 4165 514 4238 ταύτῃ
574 4168 712 4236 πρὸς
763 4171 924 4226 τοῦτο
983 4175 1312 4245 χρήσασθαι,
1366 4183 1432 4234 ἵν’
1484 4184 1628 4259 ἅπερ
1655 4190 1756 4242 ούκ
1793 4188 1906 4264 εἶχε

347 4258 550 4312 πείθειν
601 4262 677 4332 τῷ
718 4265 851 4328 Θεὸς
884 4263 1042 4336 εἶναι,
1074 4270 1246 4324 ταῦτα
1281 4276 1572 4350 γενόμενος
1623 4258 1907 4356 ἄνθρωπος

344 4349 562 4423 δυνηθῇ,
596 4357 690 4407 καὶ
722 4357 789 4409 δι’
815 4360 1112 4430 ἑκατέρων,
1139 4356 1212 4418 ὧν
1246 4384 1304 4419 τε
1363 4370 1576 4425 οἴκοθεν
1601 4371 1706 4446 ἧκε
1750 4381 1909 4450 κομί-

347 4441 472 4507 ζων,
511 4438 589 4500 ὧν
615 4464 673 4499 τε
721 4447 919 4512 ἔξωθεν
961 4453 1194 4524 εἰλήφει,
1229 4457 1320 4510 τὸν
1358 4438 1636 4532 ἐρώμενον
1666 4438 1907 4541 ἀναρτὴ-

347 4554 525 4603 σηται.
583 4541 767 4605 Οὕτως
796 4545 824 4595 ό
856 4543 946 4596 τοῦ
994 4549 1308 4617 πνεύματος
1336 4553 1497 4620 νόμος
1525 4557 1708 4624 φιλίας
1739 4561 1909 4615 ἐπιει-

347 4630 454 4691 κῶς
517 4633 636 4685 ἐστι
683 4636 848 4704 νόμος
905 4637 998 4689 καὶ
1046 4641 1180 4708 πρὸς
1217 4645 1638 4719 εὐγνωμοσύνην
1684 4634 1908 4710 αὐτόθεν

345 4723 519 4775 ἀσκεῖ.
546 4725 644 4777 Διά
672 4727 830 4779 τοῦτο
877 4734 1207 4798 προσεκτέον
1241 4736 1389 4806 αὐτῷ
1424 4741 1515 4792 τὸν
1567 4745 1690 4796 νοῦν
1713 4761 1726 4774 ·
1753 4748 1905 4816 πρῶ-

343 4831 430 4864 τον
483 4815 583 4884 μὲν
630 4818 712 4869 ὅτι
743 4819 862 4871 οὐδὲ
901 4821 1062 4891 ἱδρώς
1115 4826 1264 4878 ἐστιν
1293 4830 1527 4884 ἐνταῦθα
1562 4836 1758 4903 οὐδεὶς,
1785 4815 1905 4893 οὐδὲ

343 4907 419 4959 δεῖ
451 4913 631 4962 πονεῖν
652 4911 770 4964 οὐδὲ
793 4913 1056 4983 χρήματα
1086 4918 1420 4986 ἀναλίσκειν,
1454 4926 1568 4977 οὐδ’
1595 4927 1779 4994 ἀδοξία
1810 4933 1904 4998 γέ-

343 5002 466 5052 νοιτ’
513 5002 580 5054 ἂν
626 5003 737 5056 οὐδ’
791 5007 1048 5077 αἰσχύνη,
1078 5009 1188 5062 οὐδ’
1218 5010 1347 5064 ἄλλο
1379 5031 1440 5080 γε
1470 5016 1619 5069 οὐδὲν
1671 5023 1907 5090 ἐσόμεθα

343 5091 580 5161 χείρους,
602 5094 739 5148 ἀλλὰ
770 5098 864 5148 καὶ
890 5096 1106 5168 τέχναις
1131 5099 1248 5153 ἔστι
1277 5104 1590 5173 χρήσασθαι
1625 5111 1782 5163 οὐδὲν
1810 5107 1906 5183 ἦτο

342 5200 453 5246 τον,
487 5185 582 5237 καὶ
612 5188 745 5256 πρὸς
771 5189 1112 5259 ἐπιτήδευμα
1159 5193 1342 5247 ὁτιοῦν
1397 5196 1542 5266 ἔχειν
1600 5201 1752 5254 οὐδὲν
1802 5205 1907 5257 κὼ-

343 5276 508 5345 λυμα,
541 5279 634 5331 καὶ
665 5281 1030 5350 στρατηγήσει
1066 5285 1170 5353 μὲν
1195 5288 1222 5337 ὁ
1256 5291 1583 5358 στρατηγὸς,
1614 5295 1706 5346 καὶ
1733 5313 1905 5368 γεωρ-

344 5371 500 5438 γήσει
538 5371 594 5423 δὲ
625 5374 652 5424 ό
685 5373 952 5442 γεωργὸς,
1007 5377 1101 5428 καὶ
1152 5376 1483 5449 δημιουργὸς
1533 5387 1904 5453 προστήσεται

345 5461 448 5511 τῶν
483 5461 660 5528 ἔργων
683 5463 776 5515 καὶ
803 5464 864 5516 οὐ
887 5466 1070 5536 δεήσει
1098 5483 1160 5534 γε
1191 5469 1368 5522 οὐδενὶ
1419 5473 1529 5526 τῶν
1560 5480 1905 5546 γιγνομένων

345 5549 428 5602 διὰ
478 5554 728 5605 τουτουσὶ
749 5557 874 5616 τοὺς
920 5554 1131 5624 λόγους.
1159 5559 1232 5611 Οὐ
1257 5560 1365 5629 γὰρ
1393 5563 1652 5632 ἐσχατιὰν
1690 5571 1902 5639 ἀνάγκη

351 5642 704 5708 munem,
740 5647 847 5698 οὐδ’
887 5648 1029 5719 ἀήθη
1062 5650 1181 5702 τινὰ
1217 5651 1515 5718 προσέσθαι
1548 5658 1749 5726 τροφὴν
1795 5663 1904 5714 οὐδ’

419 5761 458 5789 δ’
487 5763 624 5817 l'sal.
660 5778 693 5828 1,
730 5763 774 5828 Ι,
815 5764 870 5817 2.

2023 3172 2150 3222 dum
2185 3169 2485 3224 conderet?
2523 3169 2656 3240 Ejus
2691 3189 2820 3228 vero
2845 3174 2938 3244 qui
2977 3190 3085 3230 non
3121 3178 3385 3243 cernitur,
3411 3180 3588 3248 qualis

2023 3262 2394 3331 pulchritudo,
2426 3275 2480 3320 et
2514 3268 2790 3337 quomodo
2821 3268 2889 3323 ab
2919 3284 2986 3324 eo
3047 3279 3184 3324 nutu
3237 3271 3354 3325 solo
3382 3274 3587 3326 consti-

2023 3363 2173 3410 tutus
2201 3357 2293 3423 sit,
2322 3369 2375 3413 et
2404 3373 2624 3415 omnem
2676 3377 2839 3430 quam
2880 3363 2932 3415 in
2964 3362 3362 3430 hiecint'eiiora
3396 3379 3584 3418 curam

2021 3448 2288 3515 conferat,
2322 3465 2430 3505 non
2462 3451 2568 3507 alio
2592 3453 2698 3506 line
2750 3453 2928 3516 docet,
2964 3469 3126 3522 quam
3180 3465 3237 3508 ut
3268 3455 3332 3507 ad
3369 3470 3428 3510 se
3458 3471 3588 3509 con-

2021 3539 2196 3595 versis
2228 3555 2467 3596 amorem
2515 3543 2599 3597 sui
2649 3544 2896 3598 suadeat.
2947 3543 3012 3597 Et
3067 3545 3308 3609 omnino,
3345 3543 3486 3599 sicut
3530 3547 3583 3598 in

2020 3647 2206 3688 amore
2245 3634 2538 3703 ferventes.
2573 3635 2919 3703 sapientiam,
2959 3635 3278 3697 bonitatem,
3323 3646 3376 3690 et
3409 3644 3580 3689 artem

2019 3700 2384 3789 demonstrat,
2440 3733 2499 3779 ut
2528 3725 2754 3796 injicere
2794 3725 2951 3780 nobis
2992 3726 3076 3780 sui
3121 3741 3360 3779 amorem
3389 3727 3580 3796 pes~it.

2021 3815 2254 3871 Proinde
2291 3817 2368 3871 rei
2405 3813 2570 3886 hujus
2619 3825 2826 3871 tantam
2863 3817 3130 3871 rationein
3163 3817 3331 3883 ducit,
3367 3827 3420 3872 et
3449 3819 3584 3874 adeo

2019 3908 2200 3979 magni
2224 3924 2344 3964 eam
2373 3910 2630 3976 aestimat,
2657 3919 2715 3964 ut
2738 3925 2862 3966 cum
2903 3925 3002 3980 pro
3032 3925 3093 3964 ea
3129 3909 3344 3964 fecisset
3379 3911 3578 3976 omnia,

2016 4017 2138 4071 qua:
2172 4001 2262 4056 Dei
2313 4011 2508 4056 natura
2554 4002 2877 4072 patiebatur,
2933 4016 3038 4055 non
3100 4003 3437 4071 quit-sceret;
3482 4004 3577 4056 sed

2015 4095 2080 4149 ad
2131 4093 2293 4148 aliam
2325 4104 2580 4148 naturam
2646 4109 2704 4147 se
2754 4093 2927 4159 daret,
2972 4110 3079 4163 qua
3133 4096 3199 4148 ad
3232 4095 3373 4148 idem
3427 4110 3579 4163 aeque

2013 4195 2282 4251 uteretur,
2320 4193 2378 4240 ut
2404 4200 2524 4256 qua:
2555 4186 2882 4255 persuadere
2913 4201 3018 4239 nou
3074 4197 3305 4256 poterat,
3331 4205 3393 4239 uo
3432 4188 3576 4257 qttud

2013 4281 2157 4337 Deus
2186 4291 2352 4344 esset,
2377 4294 2439 4334 ea
2473 4279 2636 4334 homo
2690 4279 2863 4335 factus
2897 4290 3100 4349 posset,
3135 4294 3186 4335 et
3223 4296 3315 4347 per
3345 4290 3575 4348 uitaque

2013 4384 2125 4431 tum
2155 4375 2474 4439 domestica,
2498 4390 2620 4443 qua:
2642 4374 2860 4428 veniens
2879 4373 3154 4430 afferebat.
3180 4384 3290 4426 tum
3316 4386 3579 4440 extranea

2012 4482 2134 4538 qua:
2165 4474 2560 4535 assumpserat,
2596 4467 2821 4518 charum
2855 4465 2957 4519 sibi
2986 4466 3050 4519 ad
3085 4465 3382 4524 amicitiam
3420 4488 3575 4524 suam

2012 4559 2354 4628 adjungeret.
2383 4556 2470 4611 Sic
2513 4557 2600 4611 lex
2631 4557 2877 4625 spiritus,
2907 4556 3029 4625 jure
3057 4557 3135 4611 lex
3185 4571 3265 4614 cst
3299 4562 3576 4628 amicitiae,

2011 4653 2248 4720 indeque
2299 4651 2362 4703 ad
2426 4651 2684 4705 beneﬁcia
2757 4651 3102 4719 agnoscenda
3160 4669 3262 4708 nos
3337 4667 3576 4712 οδω-ουτ.

2010 4744 2189 4809 Quare
2206 4744 2447 4797 studiose
2477 4743 2530 4796 in
2565 4757 2684 4796 eam
2735 4741 3160 4796 incuutbendum
3194 4757 3294 4800 est.
3334 4749 3574 4801 Primum

2010 4835 2252 4905 quidem.
2279 4835 2538 4904 quoniam
2587 4849 2761 4902 neque
2790 4835 2960 4888 sudor
2987 4836 3072 4889 hic
3099 4836 3264 4897 ullus,
3292 4854 3390 4891 nec
3428 4840 3577 4893 labor

2009 4940 2112 4994 est,
2152 4945 2251 4983 nec
2274 4938 2542 4993 sumptus,
2568 4943 2666 4982 nec
2705 4927 3008 4993 infamiam,
3043 4939 3136 4982 aut
3166 4932 3426 4998 probrum
3482 4949 3575 5001 pa-

2012 5024 2100 5086 rit,
2142 5039 2240 5076 nec
2273 5023 2341 5076 ob
2371 5021 2516 5075 aliud
2561 5021 2708 5075 illius
2747 5021 3024 5090 quippiam
3089 5023 3315 5078 viliores
3345 5041 3569 5086 smnus;

2013 5117 2106 5169 sed
2138 5125 2191 5170 et
2223 5124 2368 5168 artes
2413 5123 2648 5167 tractare
2710 5113 3064 5168 nihilominus
3109 5116 3318 5168 licitum
3371 5125 3473 5179 est,
3521 5128 3573 5170 ct

2009 5208 2376 5278 quodcunque
2433 5195 2673 5259 studium
2733 5204 2928 5258 sectari
2975 5205 3108 5258 nihil
3141 5215 3304 5258 vetat.
3349 5205 3413 5258 Et
3466 5207 3570 5258 dux

2009 5302 2310 5354 exercitum
2361 5299 2539 5362 ducet,
2585 5308 2640 5351 et
2679 5297 2916 5364 agricola
2949 5309 3147 5350 terram
3187 5298 3350 5358 colet,
3377 5305 3430 5348 et
3458 5297 3573 5360 opi-

2010 5393 2095 5446 l‘ex
2139 5390 2351 5459 urgebit
2395 5405 2552 5458 opus,
2610 5399 2661 5442 et
2723 5388 2824 5441 hac
2865 5387 3085 5454 quidem
3134 5387 3199 5440 de
3232 5400 3392 5439 causa
3435 5387 3571 5438 nihil

2007 5499 2344 5551 eorumquze
2400 5483 2578 5536 facere
2622 5481 2930 5543 consuevit,
2996 5480 3389 5548 prmtermittct.
3450 5478 3565 5532 Non

2009 5578 2062 5631 in
2099 5575 2464 5630 rcn'iottssi‘ma
2521 5574 2633 5626 loca
2694 5569 3028 5634 abeundum,
3080 5583 3179 5624 nec
3228 5570 3439 5624 insueta
3477 5573 3572 5625 ali-

2011 5668 2187 5720 munia
2221 5665 2548 5726 mlhibcndu,
2593 5677 2690 5716 nec
2722 5661 3076 5731 permutanda
3116 5659 3296 5724 vestis,
3332 5677 3429 5734 nec
3453 5680 3572 5717 cur-
