3920 6206
481 289 590 354 659

1723 289 2036 358 NlCOLAl
2077 291 2340 354 CABASI
2352 296 2466 355 ΙηΕ
3561 305 3644 368 66)

476 400 777 471 rumpenda
828 401 1101 468 valetudo,
1143 416 1243 456 nec
1275 400 1422 461 aliud
1455 399 1762 463 audendum
1795 399 2046 468 facinus;

2159 405 2390 474 ἀμεῖψαι
2421 404 2726 476 θοίμάτιον,
2763 406 2872 462 οὐδ’
2904 406 3092 474 ὑγείαν
3111 406 3415 478 διαφθεῖραι,
3437 411 3524 465 οὐδ’
3547 416 3647 468 ἄλλο)

475 493 569 548 sed
611 494 738 547 licet
791 493 938 554 domi
988 508 1101 554 sum
1137 502 1469 556 manentem,
1533 492 1778 563 nihilque
1829 510 2051 549 suarum

474 585 794 641 facultatum
855 586 1215 649 amittentem,
1252 601 1376 640 cum
1443 586 1594 640 hisce
1626 587 2055 657 cogitationibus

475 678 856 747 quotidianum
892 677 1092 730 habere
1121 678 1542 736 commercium.
1599 675 1739 744 Quid
1767 694 1898 748 ergo
1926 680 2052 734 talia

476 757 619 824 bona
651 766 767 822 ﬁeri
798 767 1074 840 prohibet,
1107 783 1206 838 pro
1238 769 1439 838 quibus
1468 769 1632 822 etiam
1659 769 1873 824 labores
1927 786 2052 840 per-

473 859 615 914 ferre
646 873 862 927 aequum
901 867 1036 924 erat,
1071 859 1118 913 si
1153 861 1224 914 ita
1265 875 1353 914 res
1382 861 1642 915 tulisset?
1675 859 1731 915 Si
1771 862 1916 916 enim
1951 863 2054 916 ho-

476 949 652 1005 mines
699 959 883 1014 natos,
927 959 983 1005 et
1020 950 1074 1005 vi
1129 950 1400 1021 cogitandi
1451 953 1728 1022 praeditos,
1787 953 2055 1024 quidquid

475 1043 713 1107 tandem,
742 1051 796 1097 et
819 1041 1203 1113 qualecunque
1230 1044 1474 1120 cogitare
1517 1055 1754 1114 Oportet,
1781 1046 2056 1114 quomodo

475 1152 584 1190 non
633 1137 840 1204 optima
877 1152 1107 1207 qumque
1147 1137 1433 1208 cogitanda
1468 1138 1627 1191 sunt?
1659 1137 1744 1202 Et,
1779 1135 1825 1191 si
1869 1137 2054 1191 inania

474 1228 821 1300 abiectaque,
858 1236 912 1284 ct
936 1243 1001 1283 ex
1037 1228 1240 1298 quibus
1261 1231 1565 1298 cogitantes
1602 1228 1892 1282 utilitatem
1931 1227 2055 1281 nul-

474 1322 582 1376 lam
607 1330 1040 1392 consequuntur,
1065 1335 1344 1392 nunquam
1383 1320 1688 1378 existimata
1731 1328 1860 1378 sunt
1883 1319 2056 1375 fortu-

474 1428 625 1478 nam,
681 1422 775 1467 aut
804 1421 1001 1476 artem,
1055 1421 1150 1466 aut
1206 1411 1415 1482 c0pias,
1450 1422 1545 1467 aut
1581 1411 1948 1481 quodcunque
1987 1410 2054 1464 ad

473 1507 642 1560 vitam
689 1505 977 1568 conferens
1023 1504 1118 1562 ulli
1162 1505 1436 1562 deteriora
1493 1505 1774 1570 effectura,
1827 1505 2056 1560 minime

475 1601 724 1656 cinuium
755 1600 928 1655 bonas
980 1600 1343 1671 cogitationes
1370 1600 1426 1655 in
1461 1599 1564 1654 hoc
1597 1598 1806 1653 crimen
1836 1612 2052 1660 vocare.

417 1745 422 1748 .
475 1704 530 1748 et
569 1693 711 1763 quod
745 1694 945 1748 bonum
977 1701 1079 1758 est,
1137 1709 1236 1764 pro
1282 1695 1425 1748 malo
1481 1707 1743 1747 accusare
1789 1706 1890 1762 par
1947 1702 2050 1746 est.

477 1786 644 1856 Atqui
690 1788 800 1842 isto
843 1785 1003 1840 modo
1056 1785 1262 1841 bellare
1321 1784 1528 1840 nemini
1580 1784 1819 1854 expedit.
1882 1781 2054 1838 Porro

480 1876 618 1932 nihil
647 1892 872 1946 prorsus
899 1876 1269 1941 insuavitatis,
1309 1890 1370 1929 ac
1399 1872 1661 1940 molestia:
1686 1872 1907 1935 habent,
1945 1885 2053 1923 non

480 1969 658 2038 magis
683 1985 847 2039 quam
900 1971 1078 2038 ipsum
1124 1967 1413 2039 gaudium,
1461 1965 1606 2037 quod
1634 1980 1760 2019 vere
1794 1962 2056 2042 appellari

482 2069 736 2128 possunt,
771 2057 900 2114 Sive
949 2059 1094 2114 enim
1131 2059 1354 2128 optimis
1393 2058 1664 2124 lsetamur,
1732 2057 1806 2110 nil
1863 2054 2057 2109 melius

483 2151 599 2206 lieri
633 2151 833 2220 poterit
871 2150 1323 2221 cogitationibus,
1357 2166 1480 2220 qua:
1503 2148 1803 2216 Christum,
1835 2156 1888 2201 ct
1914 2145 2058 2200 illius

482 2242 878 2313 benignitatem
913 2241 1376 2313 complectuntur,
1403 2241 1665 2310 quoniam
1702 2255 1880 2307 neque
1915 2239 2059 2308 ipsa-

478 2350 599 2402 _.°um
624 2351 829 2400 rerum,
856 2335 908 2389 in
928 2335 1128 2404 quibus
1144 2344 1228 2389 est
1246 2335 1472 2388 ultimus
1495 2334 1763 2398 bonorum
1787 2331 1933 2394 linis,
1964 2345 2059 2384 ne—

478 2444 586 2499 que
610 2426 890 2497 proprium
923 2422 1224 2496 quidquam
1253 2437 1420 2479 suave
1451 2431 1506 2478 et
1527 2422 1786 2486 amicum,
1809 2417 2061 2490 quamvis

482 2520 656 2575 inulto
681 2518 868 2573 labore
898 2517 1190 2588 quresitum
1216 2516 1487 2582 invenias,
1536 2511 1685 2584 quod
1740 2511 1897 2566 nobis
1949 2524 2060 2579 prae

478 2613 600 2667 istis
656 2610 968 2672 conveniat.
999 2607 1115 2664 Non
1156 2608 1301 2666 enim
1365 2607 1666 2661 secundum
1732 2601 2055 2672 sanguinem

477 2705 859 2760 tantummodo
901 2701 1120 2772 genitis,
1144 2717 1243 2756 nec
1267 2700 1402 2771 ipsis
1421 2698 1765 2768 genitoribus
1790 2695 2057 2765 simplici-

477 2809 582 2861 ter,
621 2799 715 2853 sed
742 2797 854 2866 jam
889 2795 1056 2850 etiam
1109 2794 1267 2850 nobis
1298 2793 1432 2861 ipsis
1465 2793 1750 2860 cognatior
1806 2789 2058 2844 Christus

477 2900 583 2953 est.
612 2899 666 2943 nt
691 2899 852 2946 antea
879 2887 1195 2945 docuimus.
1218 2884 1356 2940 llinc
1381 2884 1578 2939 anima:
1598 2880 1897 2952 cogitatrici
1927 2879 2060 2933 nihil

479 2982 814 3054 pi'culiarius
840 2996 1002 3050 quam
1033 2981 1087 3034 in
1111 2980 1228 3050 ipso
1250 2990 1568 3048 occupatam
1613 2991 1757 3031 esse.
1789 2975 1978 3044 itaque
2007 2981 2062 3026 et

479 3089 575 3144 pi-r
609 3089 731 3141 qua:
772 3071 1059 3127 familiaris
1089 3080 1143 3125 et
1196 3081 1464 3139 cognatus
1515 3069 1671 3130 nobis
1701 3077 1806 3132 est,
1859 3077 1912 3121 ct
1939 3080 2062 3135 quae

480 3169 688 3236 optima
726 3175 782 3220 ct
839 3167 1086 3220 omnium
1115 3165 1410 3235 jucundior
1456 3172 1540 3216 est
1586 3159 1928 3220 consuetudo
1965 3159 2060 3212 ba-

479 3258 701 3330 ptizatis
729 3257 1038 3321 animabus,
1074 3271 1237 3323 quam
1275 3256 1380 3309 alia
1411 3269 1755 3323 quzecunque
1795 3253 2012 3322 tandem
2041 3266 2057 3315 ;

481 3350 730 3419 intelligo
762 3358 944 3403 autem
1003 3358 1126 3419 post
1155 3347 1435 3402 lavacrum
1471 3355 1575 3398 non
1613 3344 1766 3398 valde
1795 3341 2060 3412 squalen-

482 3445 653 3504 tibus.
682 3443 825 3500 sicut
855 3441 1090 3508 Hebraii,
1142 3457 1284 3514 quos
1332 3440 1671 3510 admirabilis
1709 3437 1800 3491 ille
1831 3436 2061 3502 Stepha-

481 3551 588 3596 nus
620 3535 1041 3590 incircumcisos
1066 3533 1230 3590 corde
1263 3541 1319 3588 et
1362 3533 1587 3586 auribus
1628 3529 1956 3584 nominabat
1987 3528 2054 3582 ⁵³.

478 3629 590 3684 Nec
639 3627 899 3682 damnum
966 3625 1134 3696 igitur
1200 3625 1367 3679 ullum
1430 3625 1682 3678 humana:
1742 3621 1867 3676 vitae
1937 3633 2060 3688 pro-

479 3733 598 3792 pter
657 3722 792 3776 istas
839 3719 1202 3792 c0gitationes
1249 3716 1556 3787 importari,
1605 3725 1659 3769 et
1705 3714 1777 3767 in-
1824 3712 1890 3768 iis
1921 3725 2058 3781 gau-

477 3815 629 3874 dium
672 3830 738 3870 ac
767 3812 1099 3882 voluptatem
1149 3811 1349 3874 inesse,
1411 3825 1475 3862 ex
1541 3807 1703 3862 dictis
1753 3814 1926 3876 patet.
1975 3803 2057 3856 An

478 3921 612 3962 vero
639 3903 850 3960 utilitas
873 3920 1093 3976 quoque
1118 3903 1271 3968 insit,
1303 3911 1357 3957 et
1380 3900 1591 3968 iuvent,
1631 3899 2058 3964 contineaotque

478 3998 848 4070 pulcherrima
876 4005 932 4052 et
961 3997 1427 4067 opportunissima
1455 3992 1723 4054 omnium,
1750 3991 1802 4045 id
1837 3996 2057 4060 quoque

474 4089 587 4159 jam
618 4087 816 4158 patuit,
841 4096 896 4141 et
938 4084 1502 4156 apparebitdeinceps
1543 4082 1878 4152 evidentius,
1930 4095 2054 4134 cum

478 4182 792 4237 accuratius
813 4180 881 4235 de
907 4180 1042 4247 ipsis
1064 4178 1421 4233 disseremus.

549 4274 792 4328 Primum
824 4271 966 4326 enim
1001 4270 1158 4324 bonis
1190 4267 1615 4338 cogitationibus
1675 4266 1912 4320 animam
1969 4264 2054 4318 di-

476 4367 692 4426 stineri.
727 4367 830 4419 hoc
867 4365 1042 4433 ipsum
1073 4363 1337 4416 malarum
1367 4359 1757 4432 cogitationum
1789 4356 2053 4410 cessatio-

2158 513 2208 550 τι
2239 498 2511 568 τολμῆσαι
2534 497 2821 570 τόλμημα,
2854 499 2968 553 ἀλλ’
3002 501 3152 553 ἐστιν
3183 499 3310 552 οἶκοι
3348 503 3540 570 μένοντα
3577 512 3648 561 καὶ

2161 587 2328 656 μηδὲν
2357 588 2665 642 ἀπολλύντα
2697 589 2808 642 τῶν
2843 589 3195 660 ὑπαρχόντων
3242 592 3426 654 τούτοις
3450 593 3522 646 ἀεὶ
3550 612 3646 649 aw-

2157 681 2299 732 εἶναι
2348 682 2462 743 τοῖς
2508 679 2810 753 λογισμοῖς.
2871 681 2938 734 Τί
2994 679 3089 736 οὖν
3131 680 3319 735 κωλύει
3363 686 3571 752 γενέσθαι
3603 689 3656 741 τὰ

2155 771 2384 826 τοιαῦτα
2419 773 2680 844 χρηστὸν,
2721 773 2861 841 ὑπὲρ
2892 767 2967 836 ὧν
2993 774 3088 827 καὶ
3117 773 3302 837 πόνους
3333 776 3461 840 elato;
3488 774 3543 849 ἦν
3571 781 3659 832 ἐνέ-

2157 879 2292 930 γκαι
2319 864 2556 932 δεῆσανς
2590 865 2652 918 El
2678 865 2786 936 γὰρ
2809 865 3132 939 ἀνθρώπους
3163 866 3311 929 ὄντας
3350 869 3435 927 καὶ
3479 869 3654 937 λογίζε-

2157 957 2281 1008 σθαι
2309 956 2643 1026 δυναμένους
2674 958 2854 1012 ὁτιοῦν
2905 959 3121 1029 ἀνάγκη
3153 959 3463 1028 λογίζεσθαι,
3492 963 3585 1026 πῶς
3615 966 3661 1016 οὐ

2156 1047 2224 1100 τὰ
2268 1047 2518 1118 βέλτιστα
2575 1049 2680 1119 χρὴ
2726 1049 3080 1118 λογίζεσθαι;
3133 1052 3225 1104 καὶ
3276 1053 3321 1104 εί
3364 1052 3543 1122 μάταια
3588 1054 3662 1106 καὶ

2156 1139 2335 1209 φαῦλα
2363 1140 2457 1195 καὶ
2487 1135 2566 1195 ὧν
2614 1141 2809 1211 ὄφελος
2849 1142 3002 1196 οὐδὲν
3035 1143 3152 1205 τοῖς
3204 1141 3539 1213 λογιζομένοις
3574 1143 3666 1196 οὐδὲ

2155 1231 2379 1284 πώποτε
2411 1231 2695 1302 ἐνομίσθη,
2734 1231 2902 1303 τύχην
2938 1233 2971 1304 ἢ
3012 1234 3214 1304 τέχνην
3261 1233 3411 1304 ἢτὴν
3456 1233 3612 1286 οὐσίαν
3645 1233 3670 1302 ἢ

2155 1324 2335 1376 ὁτιοῦν
2374 1323 2484 1375 τῶν
2511 1325 2657 1377 κατᾶ
2704 1325 2798 1377 τὸν
2857 1324 2973 1394 βίον
3023 1324 3200 1379 οὐδενὶ
3249 1324 3427 1395 χείρω,
3469 1325 3671 1393 ποιήσειν

2154 1414 2360 1484 ἣκιστα
2410 1414 2474 1486 δὴ
2537 1415 2762 1469 πάντων
2812 1420 2934 1480 ταῖς
2987 1417 3226 1485 ἀγαθαῖς
3276 1417 3491 1478 ἐννοίαις
3539 1413 3674 1466 ταῦτα

2109 1551 2114 1556 .
2160 1505 2492 1577 μεμψόμεθα
2543 1508 2639 1560 καὶ
2691 1508 2932 1578 τάγαθὸν
2981 1509 3246 1580 διώξομεν
3294 1509 3558 1580 πονηρίας.
3591 1506 3676 1562 Καὶ

2159 1599 2266 1669 μὴν
2295 1597 2438 1662 οὕτω
2469 1599 2568 1670 μὲν
2595 1601 2779 1655 οὐδενὶ
2813 1601 3087 1656 λυσιτελεῖ
3138 1601 3446 1673 πολεμοῦσι,
3500 1601 3678 1654 σύνεστι

2156 1692 2213 1746 δέ
2238 1709 2324 1756 τις
2354 1694 2547 1758 αὐταῖς
2593 1694 2756 1764 ἀηδία
2803 1694 2968 1765 σχολῇ
3030 1710 3117 1763 γε,
3156 1694 3215 1747 ού
3279 1691 3466 1764 μᾶλλον
3492 1693 3518 1760 ἦ
3546 1693 3679 1760 αὐτὴν

2157 1781 2332 1838 ταῦτα
2376 1784 2442 1838 ἂν
2489 1784 2636 1837 εῖποι
2669 1802 2751 1848 τις
2782 1785 2882 1855 τὴν
2908 1785 3084 1856 χκράν
3109 1800 3124 1815 ·
3161 1783 3271 1837 εἴτε
3309 1787 3412 1853 γὰρ
3438 1785 3538 1846 τοῖς
3584 1783 3681 1852 ἀρί-

2161 1892 2312 1940 στοις
2369 1877 2658 1949 χαίρομεν,
2713 1879 2928 1948 βέλτιον
2965 1877 3170 1947 γένοιτ’
3226 1877 3292 1932 ἂν
3337 1876 3478 1930 οὐδὲν
3504 1875 3595 1928 τῶν
3616 1877 3683 1925 ἐν·

2158 1967 2338 2029 νοιῶν.
2376 1968 2432 2022 αἳ
2463 1969 2556 2022 τὸν
2587 1967 2827 2040 Χριστὸν
2852 1969 3038 2041 ἔχουσι
3065 1971 3159 2030 καὶ
3187 1969 3285 2039 τὴν
3315 1968 3511 2032 ἐκείνου
3535 1969 3687 2035 φιλαν-

2160 2061 2435 2131 θρωπίαν,
2467 2063 2548 2116 ὅτι
2583 2062 2719 2133 μηδὲ
2751 2063 2935 2116 αὐτῶν
2970 2063 3079 2116 τῶν
3138 2064 3492 2132 πραγμάτων,
3541 2062 3588 2121 ὲν
3625 2053 3687 2118 οἷς

2160 2154 2325 2214 αὑτός
2348 2157 2494 2209 ἐστιν
2522 2156 2549 2207 ό
2577 2155 2892 2222 τελευταῖος
2921 2157 3018 2226 τῆς
3049 2156 3417 2228 χρηστότητος
3443 2155 3571 2224 ὅρος.
3596 2152 3681 2204 εἴτε

2159 2247 2220 2300 τὸ
2251 2249 2452 2301 οἰκεῖον
2483 2247 2587 2318 ἡδὺ
2624 2248 2722 2301 καὶ
2746 2251 2922 2317 φίλον,
2974 2249 3186 2300 τούτων
3236 2251 3366 2319 ἡμῖν
3397 2247 3422 2300 ὅ
3468 2250 3690 2317 προσήκει

2163 2339 2387 2411 μᾶλλον,
2420 2339 2528 2393 οὐδ’
2575 2340 2641 2394 ἂν
2686 2336 2766 2405 εἷς
2818 2341 2970 2411 εὕροι
3033 2340 3211 2402 πολλὰ
3269 2340 3475 2413 καμὼν.
3513 2340 3578 2392 Ού
3610 2339 3694 2406 γὰρ

2162 2434 2273 2488 τῶν
2325 2434 2669 2504 γιγνομένων
2733 2434 2855 2487 καθ’
2905 2430 3045 2505 αἷμα
3096 2434 3261 2503 μόνον
3302 2433 3575 2495 ἀπλῶς,ού
3609 2428 3693 2481 τῶν

2161 2527 2575 2596 γεγεννηκότων
2634 2525 2836 2590 αὐτῶν,
2891 2525 3010 2580 ἀλλ’
3040 2527 3144 2598 ἢδη
3201 2527 3296 2581 καλ
3348 2526 3500 2602 ἡμῶν
3549 2523 3696 2578 αὐτῶν

2165 2619 2597 2688 συγγενέστερος
2626 2619 2652 2669 ὁ
2683 2618 2920 2688 Χριστὸς
2952 2619 3059 2673 ἀπὸ
3090 2620 3206 2672 τῶν
3229 2618 3504 2689 προτέρων
3525 2615 3696 2668 suam

2161 2733 2252 2770 ται
2295 2715 2493 2781 λόγων.
2539 2714 2704 2766 Ὅθεν
2772 2712 3087 2782 συμϐαίνει,
3133 2714 3233 2767 καὶ
3281 2711 3360 2782 τῷ
3413 2707 3700 2775 λογιζομένῳ

2162 2810 2261 2878 τῆς
2289 2807 2469 2877 ψυχῆς
2495 2807 2604 2860 τῶν
2637 2807 2766 2875 περὶ
2800 2804 2965 2860 αὐτοῦ
2996 2807 3172 2874 λόγων
3205 2806 3374 2876 μηδὲν
3407 2799 3698 2867 οίκειότερον

2165 2898 2331 2968 εἶναι,
2363 2901 2510 2957 ὥστε
2545 2901 2640 2954 καὶ
2689 2899 2760 2953 δι’
2812 2893 2890 2952 ὧν
2930 2901 3155 2963 οἰκείως
3183 2900 3320 2969 ἡμῖν
3346 2898 3438 2950 καὶ
3465 2887 3703 2959 συγγενῶς

2166 2996 2303 3064 ἔχει,
2341 2995 2436 3046 καὶ
2484 2987 2567 3056 οἷς
2613 2991 2810 3062 ἀρίστη
2840 2991 3028 3048 πασῶν
3069 2991 3250 3054 ἐστιν,
3294 2988 3427 3058 ἡδίω
3457 2985 3701 3054 χαρίεντος

2167 3089 2292 3139 ὅτου
2321 3102 2403 3147 τις
2437 3085 2503 3137 ἂν
2534 3083 2704 3145 εἴποι,
2753 3082 2852 3153 τὴν
2907 3081 3200 3152 διατριϐὴν
3252 3080 3458 3148 ταύτην
3479 3071 3604 3128 εἶναι
3638 3070 3707 3140 βε·

2164 3172 2565 3240 ϐαπτισμὲναις
2602 3170 2826 3240 ψυχαῖς.
2861 3171 3020 3237 Λέγω
3052 3169 3163 3241 γὰρ
3189 3171 3306 3232 τοῖς
3351 3165 3483 3237 μετᾶ
3521 3163 3575 3215 τὸ
3613 3160 3707 3211 lou-

2163 3266 2290 3332 τρδιν
2328 3265 2399 3334 μὴ
2422 3264 2544 3317 λίαν
2578 3264 2886 3333 αὐχμῶσιν,
2924 3261 3118 3330 ὥσπερ
3159 3260 3256 3324 οὓς
3315 3260 3423 3313 τῶν
3478 3253 3708 3327 Ἐδραῖων

2164 3353 2436 3419 Στέφανος
2486 3352 2514 3403 ό
2563 3349 2866 3420 θαυμάσιος
2902 3350 3178 3405 ἀπεκάλει
3235 3349 3628 3421 ἀπεριτμήτους
3658 3342 3707 3408 τῇ

2163 3443 2364 3515 καρδίᾳ
2400 3443 2628 3506 καὶτοῖς
2659 3443 2816 3497 ὠσίν.
2859 3441 2946 3506 Ὦς
2992 3442 3095 3511 μὲν
3145 3441 3243 3496 οὖν
3293 3441 3420 3495 οὔτε
3471 3437 3626 3512 βλάϐη
3652 3431 3714 3499 τῷ

2161 3533 2496 3605 ἀνθρωπίνῳ
2554 3533 2654 3604 βίῳ
2710 3532 2917 3600 γένοιτ’
2972 3533 3041 3587 ἂν
3071 3533 3312 3604 οὐδεμία
3352 3533 3500 3600 παρὰ
3523 3529 3712 3588 τούτους

2161 3624 2289 3691 τοὺς
2320 3625 2636 3694 λογισμοὺς,
2671 3626 2767 3679 καὶ
2824 3625 3048 3696 ἥδεσθαι
3079 3627 3177 3679 καὶ
3229 3627 3449 3698 χαίρειν
3484 3621 3718 3693 περιγίνε-

2159 3734 2251 3771 ται
2274 3720 2388 3780 τοῖς
2408 3716 2801 3786 λογιζομένοις,
2839 3718 3074 3789 φανερὸν
3133 3722 3204 3773 ὲκ
3265 3719 3379 3772 τῶν
3407 3715 3714 3787 εἰρημένων

2162 3811 2210 3863 εἰ
2249 3807 2306 3863 δὲ
2335 3809 2431 3862 καὶ
2455 3807 2648 3878 ὄφελός
2681 3809 2799 3861 ἐστι
2855 3810 2949 3862 καὶ
3003 3809 3208 3880 βοηθεῖ
3241 3809 3324 3881 τῷ
3356 3806 3616 3863 λυσιτελεῖ
3644 3801 3720 3855 καὶ

2162 3900 2291 3969 περὶ
2344 3895 2485 3952 αὐτὰ
2521 3900 2591 3952 τὰ
2643 3898 2909 3952 κάλλιστα
2949 3901 3045 3954 καὶ
3089 3899 3449 3970 καιριώτατα
3506 3900 3715 3952 πάντων.

2162 3991 2377 4062 ἐδείχθη
2412 3991 2510 4060 μὲν
2541 3990 2665 4062 ἢδη,
2696 3995 2946 4061 φανεῖται
2979 3991 3024 4044 δ’
3063 3993 3124 4044 ὲν
3169 3996 3290 4053 τοῖς
3350 3989 3478 4060 EE“;
3531 3981 3724 4054 ἐναργέ·

2163 4101 2355 4156 στερον
2391 4085 2792 4156 ἀκριϐέστερον
2818 4087 2949 4154 περὶ
2979 4086 3168 4140 αὐτῶν
3211 4085 3604 4155 σκεψαμένοις.

2242 4267 2466 4338 Πρῶτον
2497 4267 2733 4350 μὲνγὰρ
2771 4266 2848 4335 τῷ
2897 4267 3016 4329 ταῖς
3064 4266 3318 4334 ἀγαθαῖς
3367 4263 3597 4322 ἐννοίαις
3641 4256 3722 4326 τὴν
3755 4295 3770 4316 ο

2159 4361 2338 4430 ψυχὴν
2389 4359 2792 4429 κατασχεθῆναι
2843 4358 3138 4428 συμϐαίνει
3186 4359 3294 4429 μὲν
3335 4359 3451 4412 τῶν
3501 4351 3728 4422 πονηρῶν

477 4475 599 4514 nem
625 4467 679 4513 et
711 4456 882 4510 otium
926 4453 1152 4507 inducit.
1195 4452 1334 4505 lluic
1357 4464 1696 4524 consequens
1715 4463 1798 4504 cst
1820 4449 2053 4515 radium,

2164 4454 2360 4524 σχολὴν
2388 4454 2544 4520 ἄγειν
2564 4469 2578 4483 ·
2611 4452 2786 4522 τιύτῳ
2813 4451 2870 4504 δὲ
2902 4453 3234 4514 ἀκόλουθον.
3283 4452 3540 4522 καθαρὰν
3572 4449 3729 4516 ἁρῤω·

477 4567 572 4604 seu
615 4551 790 4605 lucem
829 4546 1208 4618 mysteriorum
1244 4560 1272 4598 a
1304 4543 1434 4598 vitio
1469 4559 1666 4614 purum
1709 4542 1875 4608 ferre,
1910 4543 2055 4612 quod

477 4643 633 4697 nobis
663 4641 798 4695 citra
863 4639 1103 4694 laborem
1141 4638 1409 4691 bonorum
1464 4636 1710 4689 omnium
1774 4637 2054 4689 cuuntlum

478 4733 666 4788 atl‘ert.
727 4731 931 4786 Deinde
970 4746 1196 4785 necesse
1249 4740 1331 4782 est
1383 4737 1436 4783 et
1487 4730 1631 4798 ipsas
1694 4727 2054 4796 cogitationes

477 4825 763 4880 medicinis
791 4841 821 4879 a
857 4833 1028 4879 semet
1064 4822 1401 4892 depromptis
1433 4820 1668 4876 cilicium
1727 4837 1886 4876 suum
1918 4836 2056 4888 pree-

475 4931 642 4983 stare,
673 4924 725 4969 ct
758 4931 854 4972 cor
882 4929 1044 4984 quam
1075 4914 1277 4982 optime
1313 4914 1554 4976 allicere,
1614 4912 1756 4966 sicut
1811 4927 1840 4964 a
1871 4911 2055 4981 pravis

476 5009 902 5079 cogitationibus
958 5008 1114 5063 malae
1167 5007 1491 5062 allectiones
1546 5014 1890 5069 nascuntur;
1925 5020 2050 5058 nam

477 5103 728 5154 virtutem
767 5100 956 5154 eodem
1017 5101 1178 5154 modo
1211 5117 1273 5154 cx
1314 5099 1469 5152 bonis
1524 5099 1724 5152 exoriri
1783 5096 2048 5150 rationem

477 5191 661 5253 habet.
699 5190 866 5250 Plane
896 5192 1040 5246 enim
1080 5191 1132 5244 in
1161 5191 1312 5244 omni
1369 5190 1588 5260 negotio
1653 5200 1711 5244 ut
1773 5191 1913 5244 hanc
1962 5191 2044 5243 vel

474 5282 625 5337 illam
686 5283 1021 5338 voluntatem
1084 5283 1476 5352 suscipiamus,
1535 5282 1640 5336 hoc
1692 5282 1893 5336 illudve
1959 5282 2048 5336 di-

475 5389 685 5439 camus,
713 5383 807 5429 aut
843 5375 1129 5438 faciamus,
1182 5383 1275 5426 aut
1323 5372 1613 5442 patiamur,
1648 5381 1742 5426 aut
1790 5372 2052 5442 quidquid

476 5465 692 5520 tandem
779 5466 908 5520 illud
964 5477 1070 5533 est,
1124 5467 1412 5535 eligamus,
1484 5466 1741 5533 c0gitatio
1785 5477 1852 5520 et
1918 5467 2056 5520 ratio

476 5559 632 5612 nobis
688 5575 938 5616 auctores
970 5566 1120 5616 Sunt.
1170 5558 1232 5614 Et
1266 5560 1366 5613 hoc
1431 5558 1593 5613 modo
1646 5558 1890 5628 magistri
1952 5559 2058 5613 vir-

555 5731 746 5789 "'Act.
785 5753 879 5802 νη,
917 5738 1004 5792 51.

2159 4547 2313 4608 aria;
2344 4547 2444 4615 τὴν
2475 4546 2584 4598 ἀπὸ
2613 4544 2722 4598 τῶν
2753 4545 3076 4614 μυστηρίων
3107 4547 3315 4616 φέρειν
3346 4547 3566 4599 ἀκτῖνα.
3595 4540 3660 4593 T70
3683 4536 3731 4587 δὲ

2155 4639 2288 4707 ἡμῖν
2318 4636 2408 4689 τὸν
2453 4636 2561 4688 τῶν
2605 4635 2827 4703 ἀγαθῶν
2861 4636 3121 4689 ἁπάντων
3186 4637 3310 4706 ἔχει
3369 4636 3548 4704 σωρὸν
3581 4629 3727 4700 μηδὲν

2157 4729 2770 4798 πραγματευσαμένοις,
2798 4726 2992 4781 ἔπειτα
3021 4731 3119 4784 καὶ
3149 4729 3369 4791 αὐτοὺς
3397 4727 3609 4794 ἀνάγκη
3627 4719 3730 4778 τοὺς

2155 4821 2457 4890 λογισμοὺς
2500 4823 2610 4884 τοῖς
2648 4823 2781 4890 παρ’
2811 4821 3026 4872 ἑαυτῶν
3077 4823 3422 4890 φαρμάκοις
3455 4819 3519 4871 τὰ
3550 4811 3728 4868 ἑαυτῶν

2159 4911 2338 4962 ποιεῖν
2397 4909 2491 4961 καὶ
2549 4909 2617 4961 τὰ
2671 4908 2936 4962 κάλλιστα
2971 4911 3201 4963 πάντων
3262 4907 3606 4980 ἐργάζεσθαι
3652 4903 3732 4969 τὴν

2159 4999 2408 5070 καρδίαν,
2451 4999 2708 5070 καθάπερ
2760 5000 2868 5054 ἀπὸ
2921 5001 3030 5053 τῶν
3082 5003 3364 5073 πονηρῶν
3419 4999 3634 5054 ἐννοιῶν
3676 4993 3732 5044 τὰ

2160 5093 2372 5165 πονηρὰ
2409 5092 2554 5160 πάθη
2590 5093 2805 5161 φύεται.
2841 5093 2946 5146 Τὸν
2983 5093 3094 5164 γὰρ
3125 5095 3258 5148 ῐσον
3301 5091 3507 5164 τρόπον
3537 5091 3624 5144 καὶ.
3647 5088 3732 5154 τὴν

2155 5187 2362 5256 ἀρετὴν
2413 5185 2523 5239 τῶν
2575 5185 2801 5244 ἀγαθῶν
2849 5187 3102 5254 ἀνίσχειν
3161 5187 3322 5250 είκός
3366 5189 3539 5238 ἐστιν.
3574 5183 3731 5238 Ὀλως

2156 5279 2267 5349 γὰρ
2313 5277 2518 5342 ταύτην
2550 5278 2579 5346 ἦ
2614 5281 2834 5348 ἐκείνην
2879 5279 2978 5347 τὴν
3013 5278 3256 5348 γνώμην
3301 5279 3400 5334 καί
3432 5296 3486 5332 τι
3511 5268 3727 5342 λέγεινῆ

2154 5373 2416 5442 πράττειν
2451 5371 2477 5442 ἢ
2511 5372 2793 5440 πάσχοντα
2827 5373 3038 5441 φέρειν,
3083 5371 3118 5442 ἦ
3164 5373 3361 5426 ὁτιοῦν
3393 5373 3502 5424 τῶν
3535 5369 3725 5421 πάντωκ

2154 5465 2450 5533 αἱρεῖσθαι,
2481 5465 2739 5534 λογισμοὶ
2771 5469 2861 5516 καὶ
2889 5465 3036 5532 λόγοι
3067 5465 3136 5518 τὸ
3165 5465 3365 5520 πείθόν
3399 5467 3507 5519 είσι
3541 5476 3727 5516 παντο·

2157 5557 2276 5628 χοῦ,
2314 5558 2404 5610 ml
2438 5557 2624 5610 τοῦτον
2655 5559 2744 5610 τὸν
2792 5559 2996 5628 τρόπον
3022 5559 3070 5613 οί
3118 5558 3455 5613 διδάσκαλοι
3491 5557 3583 5625 τῆς
3616 5554 3723 5620 ἀρε·
