3982 6208
380 192 476 256 ὅθι

1414 199 1509 258 DE
1547 197 1726 260 VITA
1773 196 1846 255 lN
1889 193 2218 252 CHRIS'I‘O
2260 195 2404 256 LYB.
2453 195 2556 255 VI.

3497 190 3602 253 663

379 302 480 367 τῆς
511 301 570 352 ἐν
604 299 781 370 καιρῷ
810 303 920 365 τοῖς
956 290 1226 371 συνοῦσιν,
1260 305 1343 358 ὅτι
1388 307 1512 369 τοὺς
1553 308 1808 376 ἀρίστους
1854 307 1939 358 ἐν-

2051 305 2193 370 tutis,
2223 304 2510 373 discipulis
2557 305 2676 359 suis
2728 313 3029 373 opportune
3057 302 3408 373 cegitatiou.-s
3460 305 3601 370 opti-

377 392 618 445 τίθενται
654 392 970 462 λογισμοὺς,
1005 399 1101 452 καὶ
1132 396 1203 450 αὖ
1249 397 1563 451 τούναντίον
1613 399 1660 450 οἱ
1708 397 1938 466 πονηροὶ

381 482 634 550 δαίμονες
667 485 941 553 πονηροὺς
998 487 1309 556 εἰσάγοντες
1360 488 1580 552 τύπους,
1625 488 1700 552 ὡς
1739 489 1789 541 oi.
1837 490 1938 557 μὲν

376 573 549 646 ταύτῃ
585 572 693 628 τῶν
737 577 1105 632 ἀτοπωτάτων
1138 581 1405 648 τεχνίτας,
1459 581 1512 634 οι
1541 582 1598 634 δὲ
1633 582 1740 635 τῶν
1785 582 1938 634 δεόν-

379 681 487 716 των
521 666 960 736 ἀπεργασόμενοι
995 670 1352 738 πρακτικούς.

453 755 610 809 Ἐστι
662 758 763 827 μὲν
812 755 907 813 οὖν
956 761 1176 831 ἁπάσης
1229 763 1634 834 ἐπαινουμένης
1686 764 1935 831 μελέτης,

381 849 518 918 πρὸς
553 850 762 919 ἀρετὴν
802 851 1103 906 ἀπόνασθαι
1139 855 1207 907 τὰ
1252 855 1568 924 γιγνόμενα,
1603 856 1842 925 Χριστοῦ
1879 856 1939 910 δὲ

386 941 516 1009 πέρι
565 942 659 994 καὶ
687 935 765 996 ὧν
812 943 993 1006 αὐτὸς,
1023 943 1424 1014 φιλανθρώπως
1475 948 1602 1016 περὶ
1648 947 1750 1016 τῆς
1800 947 1940 1017 ἐμῆς

381 1032 768 1102 ἐμηχανήσατο
820 1035 1114 1105 σωτηρίας,
1175 1036 1427 1104 διεξιέναι
1477 1041 1589 1102 τοῖς
1638 1039 1939 1110 λογισμοῖς,

383 1123 552 1193 αὑτὴν
582 1124 712 1194 ἡμῖν
739 1125 995 1194 ἄντικρυς
1011 1125 1121 1196 ἔχει
1151 1127 1250 1198 τὴν
1282 1129 1620 1200 ζητουμένην
1646 1131 1814 1200 ζωὴν,
1847 1134 1940 1185 κα)⁸

381 1214 468 1267 διὰ
499 1216 716 1268 πάντων
743 1217 1090 1270 ἀποδείκνυσι
1121 1219 1445 1290 μακαρίους.
1476 1221 1585 1274 Καὶ
1612 1221 1687 1282 ὡς
1739 1222 1808 1275 ἂν
1858 1223 1944 1276 ὲν-

381 1305 565 1371 αργύις
593 1304 846 1373 εἰδῶμεν,
880 1306 1272 1378 θεωρήσωμεν,
1301 1309 1339 1363 ἃ.
1368 1311 1494 1373 τοὺς
1539 1312 1940 1382 κατορθοῦντας

381 1397 410 1448 ό
447 1396 683 1465 Χριστὸς
714 1397 874 1459 αὐτὸς
927 1399 1152 1452 ἐκάλεσε
1192 1401 1516 1468 μακαρίους,
1559 1403 1607 1456 εί
1658 1404 1732 1473 μὴ
1763 1405 1941 1458 πάντα

381 1488 488 1539 τῶν
519 1487 794 1556 λογισμῶν
829 1489 1120 1559 ἐξήρτηται
1151 1491 1378 1546 τούτοιν.
1413 1493 1578 1557 Τίνας
1597 1494 1692 1548 οῦν
1721 1495 1942 1559 τούτους

380 1580 409 1631 δ
439 1580 600 1686 μόνος
645 1579 978 1687 ὡςαὰληθῶς
1035 1583 1304 1653 μακάριος
1352 1584 1758 1655 εὐδαιμονίζεις
1813 1587 1940 1649 τοὺς
1966 1628 2014 1688 Β

382 1671 632 1738 πτωχοὺς
679 1669 759 1740 τῷ
830 1671 1142 1741 πνεύματι,
1201 1675 1327 1735 τοὺς
1382 1674 1757 1740 πενθοῦντας,
1813 1678 1940 1740 τοὺς

383 1761 616 1832 πράους,
657 1762 783 1824 τοὺς
814 1762 1115 1826 πεινῶντας
1153 1766 1249 1818 καὶ
1282 1764 1551 1836 διψῶντας
1605 1766 1704 1838 τὴν
1735 1768 1943 1822 δικαιο-

383 1853 570 1923 σύνην,
620 1856 748 1918 τοὺς
783 1855 1102 1926 ἐλεήμονας,
1145 1858 1274 1920 τοὺς
1306 1860 1584 1932 καθαροὺς
1613 1863 1681 1932 τῇ
1721 1863 1941 1936 καρδίᾳ,

381 1947 505 2008 τοὺς
532 1945 924 2016 εἰρηνοποιοὺς,
946 1949 1072 2012 τοὺς
1095 1949 1348 2021 διωγμῶν
1369 1954 1462 2007 καὶ
1483 1955 1680 2020 παντὸς
1708 1957 1944 2022 ὀνείδους

386 2039 513 2106 περὶ
545 2038 894 2110 δικαιοσύνης
924 2042 1019 2095 καὶ
1044 2043 1146 2111 τῆς
1197 2045 1325 2113 περὶ
1356 2045 1591 2113 Χριστὸν
1634 2048 1941 2119 προθυμίας

382 2127 761 2197 ἀνεχομένους.
787 2123 945 2184 Οὗτοι
978 2133 1077 2201 μὲν
1118 2128 1211 2186 οὖν
1240 2135 1288 2187 oi
1320 2135 1421 2204 τῆς
1471 2139 1746 2209 μακαρίας
1795 2141 1946 2195 ἐπει-

383 2217 651 2288 λημμένοι
689 2218 857 2290 ζωῆς.
888 2221 952 2275 Ei
976 2224 1154 2276 τοίνυν
1190 2225 1296 2279 ἀπὸ
1317 2227 1713 2297 τῶνζλογισμῶν
1741 2232 1944 2286 τούτων

382 2315 479 2376 τὴν
511 2313 685 2382 καλὴν
725 2314 1098 2386 πλαττόμενον
1151 2317 1348 2372 πλάσιν
1389 2319 1580 2376 τοῦτον
1611 2323 1941 2388 σκοποῦντες

385 2405 692 2474 εὑρήσομεν
735 2408 827 2461 τδν
864 2409 1024 2479 χορὸν
1067 2413 1158 2464 καὶ
1205 2415 1330 2477 τοὺς
1388 2416 1682 2482 στεφάνους
1734 2418 1944 2472 ἐκεῖθεν

386 2495 778 2564 πλεκομένους,
815 2500 986 2553 ἅπασι
1035 2502 1193 2570 δῆλον
1225 2505 1290 2557 ἂν
1326 2505 1536 2571 γένοιτο
1570 2509 1807 2574 πάντως,
1841 2510 1942 2582 τὴν

389 2586 513 2653 περὶ
552 2590 801 2641 τουτουσὶ⁸
830 2590 957 2652 τοὺς
998 2591 1190 2656 λόγους
1237 2593 1520 2664 διατριϐὴν
1568 2595 1664 2651 καὶ
1715 2599 1944 2671 μελέτην

387 2677 502 2728 ὁδὸν
533 2679 748 2749 ἀσφαλῆ
779 2683 873 2734 καὶ
901 2682 1151 2737 διάϐασιν
1177 2685 1268 2737 καὶ
1311 2687 1552 2754 κλίμακα
1581 2690 1674 2742 καὶ
1704 2692 1731 2743 ὃ
1779 2692 1830 2744 τί
1863 2711 1945 2755 τις

387 2767 450 2820 ἂν
481 2769 646 2835 εἴποι,
683 2772 819 2839 πρὸς
858 2773 954 2842 τὴν
983 2777 1260 2845 μακαρίαν
1291 2773 1432 2832 εἶναι
1465 2764 1631 2850 ζωήν.

456 2861 662 2914 Αὐτίκα
684 2863 834 2933 γὰρὴ
859 2865 916 2917 ἐν
939 2866 1204 2936 πνεύματι
1224 2871 1462 2940 πτωχεία
1482 2871 1573 2923 καὶ
1600 2891 1620 2924 ι
1645 2873 1702 2926 τὸ
1722 2873 1796 2944 μὴ
1815 2893 1949 2943 φρο-

2039 407 2157 448 mas
2191 392 2550 461 ingenerant;
2600 401 2653 447 et
2687 401 2899 453 contra,
2952 393 3082 446 mali
3131 393 3406 446 dzemones
3462 392 3602 445 foeda

2037 484 2329 538 simulacra
2367 485 2513 537 intus
2540 483 2798 548 excitant,
2835 492 2893 537 ut
2923 485 3024 536 ista
3062 483 3166 546 via,
3205 483 3256 536 hi
3309 483 3372 536 ad
3410 483 3607 551 turpis-

2037 573 2196 639 sima,
2231 574 2305 628 illi
2336 575 2402 628 ad
2431 575 2810 630 honestissima
2844 576 3048 643 agenda
3098 584 3411 642 provocent.

2109 750 2202 806 Est
2233 751 2395 819 igitur
2424 751 2690 821 cujusque
2720 750 2947 805 laudatae
2987 750 3354 804 meditationis
3402 752 3603 814 videro,

2041 843 2316 910 quomodo
2339 843 2580 896 actiones
2613 858 2679 896 ex
2717 843 2914 896 virtute
2944 842 3226 912 proliciunt
3261 858 3276 903 ;
3326 840 3605 896 Christum

2040 938 2219 984 autem
2254 928 2526 995 meditari,
2550 939 2604 984 et
2629 945 2748 998 quae
2780 929 2826 984 is
2847 944 2945 999 pro
2989 944 3105 984 mea
3130 929 3304 982 salute
3356 944 3604 982 amamer

2040 1021 2322 1084 laboravit,
2356 1021 2778 1090 cogitationibus
2831 1034 3179 1090 percurrere,
3208 1034 3392 1089 aperte
3427 1021 3591 1074 vitam

2040 1113 2198 1167 nobis
2244 1111 2524 1181 quiesitam
2584 1111 2848 1171 continet.
2916 1125 3120 1179 perque
3157 1097 3354 1164 'omnia
3419 1111 3604 1164 beatos

2039 1203 2236 1257 reddit.
2268 1204 2328 1256 Et
2353 1211 2410 1256 ut
2444 1192 2585 1257 istuc
2636 1201 2924 1255 manifeste
2965 1214 3378 1267 cognoscamus,
3427 1199 3606 1254 consi-

2039 1273 2446 1364 deremus,’illae
2500 1292 2896 1355 sanctimoniae,
2958 1301 3181 1362 propter
3230 1307 3369 1361 quas
3415 1307 3603 1346 earum

2040 1386 2278 1441 cultores
2310 1385 2561 1440 Christus
2594 1384 2711 1453 ipse
2751 1384 2942 1439 beatos
3004 1384 3317 1453 praedicavit
3343 1421 3359 1444 .
3427 1399 3606 1437 annon

2041 1491 2229 1532 omnes
2259 1475 2326 1530 ab
2357 1475 2507 1531 hisce
2545 1474 2966 1546 cogitationibus
3005 1474 3444 1542 proﬁciscantur.
3463 1473 3609 1538 Quos

2041 1582 2172 1638 ergo
2217 1567 2454 1632 tandem,
2486 1568 2576 1638 qui
2627 1567 2777 1622 solus
2809 1578 2862 1621 et
2902 1580 3028 1621 vere
3057 1565 3247 1620 beatus
3291 1575 3397 1627 est,
3423 1564 3610 1618 beatus

2036 1657 2246 1727 judicat
2271 1658 2292 1713 2
2317 1653 2603 1729 Pauperes
2629 1659 2846 1728 spiritu,
2880 1659 3146 1728 lugentes,
3168 1659 3349 1722 mites,
3367 1656 3611 1711 esurien-

2041 1759 2122 1806 tes
2191 1760 2245 1805 et
2300 1751 2543 1807 sitientes
2587 1751 2852 1818 justitiam
2883 1791 2900 1816 ,
2943 1750 3349 1815 misericordes,
3407 1752 3612 1803 mundo

2040 1843 2221 1909 corde,
2270 1844 2549 1913 paciﬁcos,
2580 1842 2986 1912 persecutiones
3049 1850 3102 1894 et
3161 1856 3320 1894 omne
3352 1843 3612 1909 probrum

2043 1943 2266 2004 propter
2322 1933 2614 2005 justitiam,
2644 1942 2701 1988 et
2745 1941 3054 2003 promptum
3109 1931 3312 1986 Christi
3365 1931 3606 1986 studium

2043 2027 2378 2082 sustinentes
2419 2027 2488 2080 “.
2520 2024 2587 2082 lli
2635 2035 2762 2082 sunt
2819 2024 2913 2095 qui
2946 2025 3160 2080 beatam
3193 2024 3359 2078 vitam
3415 2037 3613 2092 appre-

2043 2120 2369 2174 henderunt.
2403 2118 2457 2174 Si
2509 2118 2674 2186 igitur
2721 2118 2790 2172 ab
2841 2117 2927 2172 his
2984 2116 3406 2186 cogitationibus
3467 2117 3612 2169 hunc

2042 2214 2271 2267 chorum
2306 2211 2534 2280 pulc‘hre
2565 2211 2885 2272 formatum,
2944 2217 2998 2262 et
3045 2222 3282 2262 coronas
3309 2207 3436 2261 inde
3479 2221 3613 2261 con-

2045 2311 2221 2357 textas
2303 2301 2665 2364 inveniemus,
2746 2299 3003 2354 omnibus
3086 2297 3242 2368 plane
3313 2298 3612 2365 constabit,

2043 2410 2262 2464 operam
2296 2405 2349 2448 et
2383 2393 2788 2447 meditationem
2816 2391 2870 2444 in
2901 2391 3048 2446 hisce
3095 2390 3400 2444 rationibus
3453 2392 3617 2444 collo-

2044 2499 2242 2549 catam,
2273 2487 2412 2539 viam
2448 2499 2717 2548 securam,
2742 2491 2796 2536 et
2825 2482 3113 2537 transitum
3162 2493 3217 2536 et
3252 2483 3499 2548 gradum,
3561 2491 3616 2535 et

2046 2593 2152 2646 quo
2179 2578 2302 2645 quis
2344 2576 2562 2630 nomine
2595 2574 2846 2644 appellet,
2881 2574 2946 2628 ad
2981 2573 3190 2628 beatam
3243 2574 3409 2628 vitam
3469 2587 3612 2629 esse.

2119 2843 2414 2912 Paupertas
2445 2841 2500 2894 in
2530 2839 2745 2910 spiritu,
2780 2847 2834 2893 et
2861 2857 2880 2890 ι
2918 2852 3026 2893 non
3059 2850 3271 2907 sapere,
3306 2844 3366 2890 ut
3416 2834 3616 2892 Paulus

386 2954 514 3016 νεῖν,
593 2927 724 3022 φησι
744 2927 1136 3027 ἰλα-ῦλοςέὺπέρ
1157 2957 1185 3010 δ
1207 2959 1285 3011 δεί
1301 2927 1537 3030 φρονεῖν,
1556 2962 1691 3017 ἀλλὰ
1722 2927 1942 3036 φρονεῖν

2051 2935 2143 2998 ait,
2159 2935 2278 3004 plus
2293 2948 2454 3003 quam
2473 2939 2684 3000 oportet
2700 2947 2716 2988 :
2745 2930 2834 2984 sed
2857 2944 3046 2999 sapere
3058 2931 3123 2982 ad
3147 2927 3494 2983 sobrietatem
3511 2928 3608 2986 ⁸⁶.ι

384 3046 462 3107 εἰς
483 3044 545 3097 τὸ
573 3051 894 3116 σωφρονεῖν,
922 3067 942 3099 ι
964 3049 1122 3102 τίνων
1143 3052 1336 3117 γένοιτ’
1361 3052 1425 3105 ἂν
1453 3053 1484 3123 ἢ
1517 3055 1628 3109 τῶν
1657 3055 1755 3126 τὴν
1770 3057 1944 3125 Ἰησοῦ

385 3137 664 3208 πτωχείαν
692 3141 1103 3211 ἐπισταμένωνς
1139 3142 1195 3205 ὃς
1226 3146 1322 3198 καὶ
1369 3145 1583 3215 φύσεως
1611 3148 1706 3201 καὶ
1743 3149 1948 3222 διατρι-

384 3230 494 3282 ϐῶν
542 3231 772 3301 μετέσχέ
805 3235 920 3294 τοῖς
968 3233 1176 3298 δούλοις
1233 3237 1508 3307 Δεσπότης
1537 3236 1636 3304 ὢν,
1667 3239 1761 3293 καὶ
1815 3241 1950 3312 σὰρξ

383 3321 600 3389 ἐγένετο
651 3322 782 3386 Θεὸς
812 3322 909 3387 ὢν,
956 3326 1058 3380 καὶ
1105 3325 1298 3379 πενίαν
1347 3330 1376 3382 ὁ
1421 3327 1726 3394 πλουτίζων
1775 3332 1951 3388 εἰλετο

387 3415 478 3465 καὶ
505 3413 738 3482 ἤνεγκεν
765 3414 991 3482 ἀτιμίαν
1019 3417 1050 3468 ό
1089 3419 1189 3488 τῆς
1225 3418 1384 3488 δόξης
1424 3419 1698 3490 βασιλεὺς,
1730 3426 1823 3478 καὶ
1855 3443 1948 3480 πε·

388 3506 614 3575 ριήγετο
649 3505 746 3573 μέν
800 3507 1089 3575 δεδεμένος
1129 3511 1154 3562 ὁ
1189 3510 1356 3573 λύσας
1404 3512 1465 3564 τὸ
1499 3513 1674 3581 γένος,
1727 3519 1949 3586 γραφὴν

385 3595 439 3646 δὲ
471 3595 690 3660 ἐδέξατο
729 3597 1085 3666 παρανόμων,
1137 3598 1196 3662 ὃς
1227 3595 1394 3670 ἦλθεν
1426 3601 1520 3656 ἐπὶ
1551 3602 1611 3655 τὸ
1656 3603 1948 3673 πληρῶσαι

386 3685 472 3736 τὸν
501 3684 684 3754 νόμον,
737 3687 833 3740 καὶ
877 3689 1077 3756 κριτῶν
1123 3689 1384 3758 ἠνέσχετο
1425 3692 1582 3762 δήμῳ
1633 3697 1949 3766 μαινομένῳ

387 3776 478 3826 καὶ
509 3776 737 3842 φονῶντι
765 3776 1159 3848 χαριζομένων,
1186 3796 1204 3829 ι
1237 3772 1389 3849 ᾦτὴν
1417 3781 1594 3851 κρίσιν
1612 3785 1789 3837 πᾶσαν
1815 3784 1948 3837 ἔδω-

388 3883 480 3917 κεν
507 3868 536 3918 ὀ
565 3868 752 3937 Πατήρ
785 3881 801 3900 ⁶
833 3887 850 3919 ι
891 3868 1077 3922 Ταῦτα
1117 3871 1236 3922 τίνα
1283 3872 1381 3924 οὐκ
1412 3872 1476 3925 ἂν
1500 3875 1818 3941 κατενέγκοι
1857 3876 1950 3928 τῦ-

390 3960 520 4028 φονί
566 3962 776 4024 ’Δλλως
807 3979 868 4014 τε
904 3961 1003 4032 τῆς
1036 3963 1413 4034 ὑπερηφανίας
1455 3965 1562 4018 ἀπὸ
1600 3966 1706 4018 τῶν
1749 3985 1948 4038 κατορη

390 4052 681 4121 θωμάτων,
718 4054 848 4107 ὅταν
883 4054 1247 4124 ὑπερϐάλλειν
1277 4056 1527 4120 δοκῶσιν,
1566 4059 1947 4130 ἐγειρομένης,

389 4147 416 4196 ὁ
449 4145 516 4197 τὰ
540 4145 782 4216 Χριστοῦ
818 4145 1121 4216 μελετήσας
1149 4149 1357 4201 εἴσεται
1391 4149 1464 4218 μὴ
1497 4150 1579 4202 ὅτι
1614 4153 1777 4222 μηδὲν
1809 4153 1949 4221 μέγα

388 4234 788 4302 κατωρθωκὼς,
816 4232 933 4286 ἀλλ’
953 4235 1065 4288 οὐδ’
1090 4235 1231 4305 ὑπὲρ
1256 4235 1348 4289 τοῦ
1371 4236 1598 4307 λυθῆναι
1625 4239 1718 4307 τῆς
1750 4240 1949 4309 αίχμα-

387 4324 589 4386 λωσίας
617 4325 778 4386 αὐτὸς
808 4326 1142 4392 είσενεγκείν
1175 4326 1330 4378 οὐδὲν
1355 4326 1623 4395 δυνηθεὶς,
1647 4329 1705 4390 ὃς
1730 4344 1793 4395 γε
1827 4329 1946 4382 οὐδὲ

392 4413 526 4481 μετὰ
562 4414 625 4465 τὺ
653 4413 885 4480 λυθῆναι
931 4413 1106 4467 σῶσαι
1155 4415 1404 4484 καθαρὰν
1454 4418 1552 4485 τὴν
1600 4416 1936 4488 ἐλευθερίαν.

399 4505 457 4556 Ὀ
500 4504 599 4572 μὲν
643 4503 752 4573 γὰρ
805 4503 899 4556 τοῦ
949 4505 1180 4574 αἵματος
1218 4506 1364 4572 ἡμᾶς
1395 4506 1622 4576 ἐπρίατο
1655 4511 1746 4560 καὶ
1811 4526 1952 4578 παρ-

387 4595 544 4663 έσχεν
570 4595 704 4662 ἡμῖν
739 4593 879 4648 οὕτω
926 4595 1167 4664 μεγάλου
1215 4598 1560 4666 κτησάμενος
1590 4598 1689 4668 τὴν
1737 4599 1952 4652 ἐλευθε-

363 4717 368 4726 -
393 4682 511 4749 ρίαν
529 4696 547 4713 ⁶
568 4682 656 4745 τίς
675 4682 732 4736 δὲ
753 4683 862 4736 τῶν
889 4683 1159 4736 λυθέντων
1181 4685 1262 4752 ἐφ’
1283 4679 1361 4745 οἷς
1393 4686 1612 4756 εἴληφεν
1642 4687 1822 4756 ἔμεινε
1854 4689 1950 4742 καὶ

387 4774 476 4826 τὸν
501 4775 872 4842 πνευματικὸν
903 4775 1127 4830 πλοῦτον
1170 4777 1260 4830 διὰ
1308 4777 1491 4838 τέλους
1543 4779 1738 4832 ἄσυλον
1767 4780 1945 4848 ἔσχεν,

389 4865 525 4919 ἀλλὰ
553 4865 630 4936 μὴ
651 4865 810 4919 τοῦτο
843 4867 984 4935 μέγα
1007 4868 1386 4939 κατωρθωκὼς
1408 4869 1664 4940 ἐνομίσθη
1688 4872 1756 4924 τὰ
1780 4873 1952 4942 μικρὰ

391 4957 530 5025 πρὸς
559 4959 661 5025 τὴν
691 4958 851 5027 χάριν
883 4957 1247 5028 ἐξαμαρτεῖν;
1283 4961 1347 5012 Τί
1384 4961 1565 5012 τοίνυν
1602 4962 1735 5030 ἡμῖν
1771 4963 1953 5024 αὐτοῖς

393 5049 688 5102 συνειδόσιν
716 5048 947 5118 ὑπάρξει
982 5051 1124 5118 μέγα
1158 5053 1396 5120 φρονεῖν,
1430 5047 1510 5113 οἷς
1542 5053 1574 5120 ἠ
1615 5051 1713 5120 μὲν
1743 5052 1955 5106 οἴκοθέν

393 5138 561 5209 ἀρετὴ
587 5138 655 5191 δι’
690 5139 888 5209 ἑαυτὴν
919 5141 1058 5209 αὐτὴ
1093 5143 1226 5212 προς
1256 5141 1411 5194 οὐδὲν
1454 5142 1610 5211 φέρει
1639 5142 1952 5206 λυσιτελές;

394 5230 444 5280 εί
473 5246 527 5282 τι
580 5230 628 5282 δ’
676 5230 884 5282 ἔνεστιν
915 5231 1166 5300 ἀληθινὸν
1213 5230 1438 5298 ἀγαθὸν,
1485 5234 1512 5284 ὁ
1558 5231 1690 5294 Θεὸς
1732 5231 1957 5302 ἐνέθηκε

399 5319 567 5386 μηδὲν
599 5320 1213 5390 πραγματευσαμένοις,
1246 5325 1340 5374 καὶ
1369 5322 1487 5374 οὑδὲ
1515 5321 1678 5376 αὐτὸν
1709 5321 1839 5389 γοῦν
1867 5325 1958 5374 τὸν

397 5407 594 5473 ἔξωθεν
630 5411 911 5464 ἐντεθέντα
968 5410 1194 5465 πλοῦτον
1234 5411 1444 5480 ἀψύχου
1493 5412 1770 5481 θησαυροῦ
1800 5413 1957 5481 δίκην

465 5589 512 5619 ⁸³
543 5587 734 5642 Matth.
770 5603 824 5649 ν,
858 5587 1006 5642 5-H.
1087 5586 1131 5617 "
1175 5582 1330 5638 Rom.
1368 5601 1466 5649 xu,
1500 5586 1553 5638 3.

2053 3039 2414 3098 quarumnam
2445 3024 2536 3084 sit,
2570 3020 2674 3075 nisi
2702 3020 2828 3074 Jesu
2893 3027 3265 3089 paupertatem
3302 3020 3614 3086 scientium,

2052 3119 2144 3190 qui
2169 3129 2222 3174 et
2253 3127 2465 3179 natura,
2511 3124 2564 3168 et
2588 3114 2837 3168 convictu
2893 3126 3016 3167 cum
3077 3109 3248 3164 servis
3309 3113 3612 3165 communi-

2051 3211 2211 3276 cavit,
2243 3223 2366 3263 eum
2394 3217 2538 3262 esset
2566 3205 2850 3268 Dominus,
2881 3211 2934 3257 et
2981 3204 3158 3257 factus
3207 3213 3289 3256 est
3318 3217 3469 3268 caro,
3492 3217 3616 3257 cum

2050 3311 2197 3358 esset
2245 3299 2501 3368 Deus;et
2526 3299 2678 3354 dives
2723 3295 2884 3368 elegit
2935 3304 3251 3362 egestatem,
3285 3296 3614 3366 pertulitque

2053 3386 2404 3457 ignominiam
2471 3401 2567 3440 rex
2633 3384 2867 3454 gloriae;
2939 3394 2992 3437 et
3058 3383 3468 3440 circumductus
3536 3395 3622 3440 est

2051 3485 2288 3548 vinctus,
2320 3481 2410 3551 qui
2441 3495 2614 3550 genus
2667 3487 2918 3534 nostrum
2987 3475 3218 3530 vinculis
3295 3477 3456 3532 solvit
3486 3497 3501 3545 ;
3528 3495 3620 3533 ac—

2051 3576 2386 3629 cusationem
2443 3573 2764 3626 violatorum
2813 3569 2946 3634 legis
2997 3572 3051 3622 in
3103 3583 3161 3625 se
3213 3571 3474 3639 suscepit,
3526 3572 3619 3638 qui

2049 3669 2218 3735 legem
2273 3665 2590 3733 impleturus
2651 3671 3007 3729 renerat;et,
3039 3663 3246 3734 judices
3290 3677 3480 3730 passus
3513 3675 3616 3723 est,

2053 3758 2342 3814 insanienti
2405 3756 2602 3825 populo
2691 3770 2754 3809 ac
2795 3755 2956 3809 caedis
3009 3754 3167 3807 avido
3231 3755 3616 3821 gratiﬁcantes,

2056 3871 2075 3904 ι
2114 3850 2202 3903 cui
2254 3863 2417 3904 omne
2461 3847 2725 3916 judicium
2761 3846 2907 3900 dedit
2947 3846 3102 3899 Pater
3136 3846 3204 3899 ⁸⁸.
3248 3865 3266 3896 ι
3303 3845 3423 3900 Ιίωο
3457 3861 3616 3914 quem

2052 3943 2250 3998 fastum
2283 3958 2388 3998 non
2421 3940 2724 4010 deprimant
2752 3938 2873 3992 ἳΑά
2903 3938 3036 4002 haec,
3093 3938 3348 4004 superbia
3403 3953 3431 3990 a
3461 3938 3618 3990 bonis

2051 4039 2308 4108 operibus
2363 4032 2618 4103 (quando
2641 4032 2754 4086 risa
2783 4031 2985 4084 fuerint
3016 4033 3280 4086 excellere
3313 4034 3328 4097 )
3363 4033 3616 4095 excitata,

2053 4132 2296 4186 actiones
2325 4127 2529 4183 Christi
2568 4124 2881 4188 meditatus,
2914 4124 3070 4185 sciet,
3111 4138 3217 4177 non
3274 4122 3448 4177 solum
3485 4123 3618 4175 nihil

2054 4238 2112 4278 se
2164 4235 2419 4290 magnum
2453 4233 2577 4273 cum
2609 4217 2808 4269 virtute
2838 4214 3154 4284 prastitisse
3181 4230 3196 4278 ;
3223 4213 3316 4267 sed
3353 4228 3527 4282 neque
3550 4212 3617 4266 ad

2055 4314 2336 4370 servitutis
2397 4325 2512 4365 suae
2569 4307 2759 4378 jugum
2822 4320 2850 4358 a
2900 4306 3208 4359 cervicibus
3251 4303 3617 4372 dejiciendum

2051 4408 2344 4476 quidquam
2404 4410 2664 4472 praestare
2724 4398 2987 4470 potuisse,
3059 4398 3152 4468 qui
3210 4413 3308 4452 nec
3370 4397 3616 4466 adeptam

2054 4497 2353 4551 libertatem
2427 4504 2758 4545 conservare
2824 4495 3026 4541 sariam
3102 4493 3298 4539 tectam
3363 4482 3616 4553 potuerit.

2057 4586 2151 4640 llle
2179 4584 2321 4640 enim
2356 4581 2621 4651 sanguine
2652 4594 2752 4634 suo
2785 4591 2884 4631 nos
2916 4575 3070 4640 emit,
3096 4583 3150 4628 et
3178 4575 3253 4628 ita
3286 4588 3483 4644 magno
3529 4587 3618 4626 ac-

2055 4676 2311 4748 quisitam
2346 4671 2654 4726 libertatem
2706 4668 2863 4723 nobis
2887 4667 3126 4721 donavit.
3178 4664 3314 4732 Quis
3353 4677 3518 4732 porro
3551 4662 3619 4714 li-

2061 4772 2374 4825 beratarum
2409 4765 2462 4818 in
2497 4763 2584 4817 bis
2606 4775 2727 4830 qua:
2752 4757 2962 4828 accepit
2984 4755 3304 4827 permansit,
3359 4755 3620 4823 spiritua-

2061 4866 2244 4933 lesque
2267 4859 2488 4914 divitias
2517 4870 2692 4926 usque
2743 4854 2809 4908 ad
2845 4854 3006 4906 linem
3035 4866 3064 4904 a
3090 4846 3438 4919 praedonibus
3471 4856 3616 4900 tutas

2061 4952 2306 5014 retinuit.
2334 4966 2397 5006 ac
2427 4965 2534 5005 non
2571 4949 2712 5002 hanc
2737 4959 2982 5016 magnam
3017 4940 3434 4996 sanctimoniam
3463 4952 3615 4992 suam

2061 5043 2352 5113 reputavit,
2390 5042 2524 5096 levia
2551 5039 2813 5094 adversus
2851 5023 3080 5103 gratiam
3137 5030 3384 5102 peccare?
3422 5025 3476 5082 In
3512 5042 3622 5096 quo

2059 5134 2224 5205 igitur
2253 5131 2413 5187 nobis
2449 5130 2589 5184 male
2622 5125 2862 5183 consciis
2893 5123 3078 5180 licebit
3136 5119 3382 5192 gloriari,
3421 5116 3618 5184 quibus

2061 5223 2285 5294 propria
2330 5221 2506 5276 virtus
2569 5220 2687 5290 ipsa
2732 5227 2950 5288 propter
3004 5213 3239 5283 seipsnm
3273 5208 3337 5260 ad
3373 5205 3507 5259 nihil
3539 5213 3623 5255 cst

2065 5318 2237 5371 utilis?
2269 5315 2325 5369 In
2362 5329 2469 5384 qua
2503 5313 2550 5369 si
2583 5313 2713 5382 quid
2776 5311 2915 5364 inest
2951 5307 3100 5368 boni,
3140 5303 3278 5356 Deus
3313 5299 3362 5352 id
3417 5299 3624 5362 absque

2065 5408 2252 5462 labore
2271 5417 2460 5462 nostro
2479 5403 2782 5459 indidil.Ac
2804 5417 2978 5469 neque
3001 5401 3141 5467 ipsas
3159 5395 3500 5448 extrinsecus
3520 5387 3624 5440 sal-

1629 5590 1673 5621 "
1714 5588 1867 5644 Joan.
1906 5606 1955 5650 ν,
1985 5589 2074 5642 2:2.
