3982 6208
472 265 578 326 6ἶ3

1709 269 2018 333 NICOLAI
2050 272 2439 336 CABASlLd‘.

3573 269 3667 332 (ιθι

467 389 576 431 teni
605 377 822 430 divitias
837 377 995 431 nobis
1015 377 1268 440 donatas.
1292 378 1572 436 inanimali
1597 381 1842 437 thesauri
1867 385 2036 438 instar

2142 387 2400 453 ἀσφαλῶς
2432 385 2708 452 ἐξεγένετο
2737 385 3020 449 διασῶσαι,
3053 384 3194 436 οὕτω
3227 383 3430 450 φαύλως
3463 382 3662 452 ἔχομεν.

474 477 593 522 ιιιιο
617 485 840 524 servare
891 471 1137 538 contigit,
1185 470 1320 525 adeo
1353 487 1590 540 nequam
1639 488 1852 528 sumus.
1907 474 2036 529 Post

472 575 667 614 novam
703 561 849 614 enim
909 572 1239 624 creaturam,
1296 570 1350 616 et
1381 563 1718 632 sepulturam
1770 566 1823 618 in
1871 581 2034 634 aqua,

466 662 519 704 et
579 669 818 707 mensam
871 653 1010 721 ignis
1060 653 1271 720 plenam
1315 669 1487 723 usque
1523 669 1586 709 eo
1629 657 1696 708 ad
1779 648 2032 708 virtutem

466 743 762 798 imbecilles
812 745 1158 810 reperiuntur
1179 745 1341 798 etiam
1371 746 1755 814 sapientissimi
1786 747 2036 802 homines

470 845 526 888 ιιι
565 835 669 888 illis
701 849 856 888 sacra
893 850 1080 890 mensa
1109 839 1303 890 crebro
1346 839 1418 891 sit
1478 852 1640 907 opus,
1668 849 1719 892 et
1765 839 2035 908 sanguine

466 925 800 996 iurgatorio,
833 933 886 979 et
915 941 1149 993 superna
1177 943 1363 991 manu,
1389 944 1456 983 ne
1484 931 1536 983 in
1584 940 1888 991 extremam
1926 929 2033 982 im-

465 1019 788 1086 probitatem
849 1019 1206 1086 pracipitent.
1278 1021 1344 1073 Et
1397 1021 1592 1074 horum
1658 1029 1826 1076 testes
1905 1029 2036 1075 sunt

467 1124 570 1160 non
602 1109 846 1171 obscuri,
880 1109 969 1178 qui
1003 1124 1099 1176 pro
1161 1110 1389 1165 honesto
1428 1120 1482 1163 et
1544 1112 1740 1166 virtute
1787 1113 2036 1180 quemvis

461 1199 702 1253 laborem
732 1202 998 1269 aggressi,
1022 1201 1370 1270 postmodum
1401 1203 1583 1256 omnia
1621 1203 1848 1257 nefanda
1888 1216 2038 1258 com-

468 1291 679 1344 mittere
715 1301 843 1344 sunt
877 1291 1018 1346 ausi.
1074 1290 1176 1357 Qui
1210 1293 1484 1347 mentibus
1533 1307 1592 1346 se
1626 1293 2034 1355 mandaverant,

462 1391 515 1435 ι·ι
545 1397 763 1437 omnem
791 1383 1099 1445 tumultum,
1127 1383 1400 1452 vitamque
1428 1397 1775 1437 communem
1809 1398 1907 1437 ceu
1939 1396 2033 1451 pe-

469 1484 580 1528 stes
631 1474 900 1542 fugerant,
932 1484 990 1526 ut
1037 1474 1145 1526 Deo
1179 1474 1280 1527 soli
1342 1483 1620 1535 vacarent,
1680 1474 1861 1527 omnia
1907 1487 2034 1526 san-

461 1565 666 1618 etitatis
699 1565 876 1617 ofﬁcia
924 1565 1232 1631 (quantum
1271 1565 1323 1616 in
1409 1563 1629 1616 homine
1683 1564 1846 1617 situm
1904 1560 2032 1628 est)

459 1675 585 1713 cum
622 1659 777 1712 laude
802 1658 1168 1724 extuleverant,
1190 1667 1248 1711 ut
1282 1666 1339 1712 et
1365 1656 1607 1710 omnium
1635 1658 1867 1710 maxima
1893 1656 2031 1723 apud

2139 476 2294 530 Μετὰ
2324 479 2431 546 γὰρ
2465 479 2564 546 τὴν
2601 477 2793 546 καινὴν
2839 476 3018 530 κτίσιν
3045 476 3138 528 καὶ
3168 473 3262 543 τὴν
3297 476 3350 526 ὲν
3386 472 3533 526 ὕδατι
3575 494 3666 542 κη,-

2137 571 2288 622 νείαν
2319 568 2413 620 καὶ
2443 568 2540 636 τὴν
2575 567 2745 636 πυρὸς
2776 567 3055 634 γέμουσαν
3083 563 3356 632 τραπεζαν
3387 561 3521 615 οῦτω
3546 565 3666 632 πρὸς

2138 659 2344 728 ἀρετὴν
2373 657 2615 720 ἀσθενῶς
2643 657 2859 726 ἔχουσιν
2906 657 2968 708 οῖ·
3005 672 3070 722 γε
3116 652 3526 722 φιλοσοφώτατοι
3570 654 3666 705 τῶν

2137 748 2458 819 ἀνθρώπων,
2494 748 2632 800 ὥστε
2665 747 2916 817 συνεχοῦς
2935 747 3091 816 χρεία
3123 744 3218 813 τῆς
3251 746 3396 811 ἱερᾶς
3420 743 3665 812 τραπέζης

2138 844 2233 896 καὶ
2263 844 2372 896 τῶν
2402 842 2717 913 καθαρσίων
2749 842 2995 910 αἱμάτων
3024 841 3116 893 καὶ
3148 841 3244 909 τῆς
3266 838 3466 892 ἄνωθεν
3486 837 3667 905 χειρδς,

2137 936 2187 988 εί
2217 936 2291 1006 μὴ
2333 935 2579 1006 μέλλοιεν
2607 935 2688 995 είς
2725 934 2824 1002 τὴν
2856 934 3093 1002 ἐσχάτην
3124 929 3558 1000 ἐξενεχθήσεσθαι
3586 946 3670 980 πο·

2138 1027 2352 1097 νηρίαν.
2383 1028 2489 1079 Καὶ
2518 1025 2722 1079 τούτων
2753 1025 3028 1095 μάρτυρες
3063 1025 3253 1090 σαφεῖς
3273 1023 3322 1074 οί
3355 1021 3483 1091 πρὸς
3512 1020 3669 1072 πάντα

2140 1120 2238 1189 μὲν
2263 1119 2404 1188 ὑπὲρ
2437 1119 2529 1171 τοῦ
2577 1117 2745 1170 καλοῦ
2787 1118 2880 1169 καὶ
2923 1114 3020 1183 τῆς
3060 1116 3260 1184 ἀρετῆς
3293 1114 3668 1181 ἀποδυσάμενοι

2127 1213 2318 1275 ¹πόνον,
2346 1212 2563 1264 πάντων
2592 1211 2647 1262 δὲ
2674 1210 2859 1263 κακῶν
2891 1209 3083 1261 ἔπειτα
3105 1209 3384 1276 γενόμενοι
3405 1206 3669 1274 τολμηταὶ,

2137 1305 2186 1356 οἳ
2227 1304 2295 1356 τὰ
2317 1305 2418 1374 ὅρη
2451 1303 2840 1372 κατειληφότες
2870 1301 2964 1353 καὶ
2995 1302 3173 1353 πάντα
3212 1298 3440 1367 θόρυϐον
3470 1298 3556 1351 καὶ
3584 1298 3670 1365 τὴν

2137 1395 2324 1467 κοινὴν
2353 1395 2499 1465 ζωὴν
2532 1393 2719 1464 ὥσπερ
2768 1393 2946 1462 κῆρας
2975 1391 3350 1460 διαφυγόντες,
3390 1389 3523 1441 ὥστε
3565 1387 3670 1454 Θεῷ

2141 1490 2286 1558 μόνῳ
2317 1489 2623 1560 προσέχειν,
2657 1488 2749 1540 καὶ
2775 1487 2956 1538 πάντα
2999 1484 3068 1537 τὰ
3115 1482 3398 1544 κάλλιστα,
3443 1481 3516 1542 ὡς
3563 1477 3674 1546 ἐξῆν

2137 1579 2443 1649 ἀνθρώποις
2493 1577 2916 1647 κατωρθωκότες
2951 1576 3025 1640 ὡς
3065 1577 3159 1628 καὶ
3197 1576 3265 1627 τὰ
3296 1575 3508 1626 πάντων
3536 1571 3674 1642 μέγι-

2141 1691 2238 1726 στα
2271 1672 2422 1741 παρὰ
2452 1672 2530 1742 τῷ
2559 1671 2678 1740 Θεῷ
2727 1670 3048 1739 δυνηθῆναι,
3097 1669 3178 1720 ὅτι
3229 1669 3329 1734 τῆς
3374 1665 3504 1736 πρὸς
3534 1663 3676 1717 αὑτὸν

467 1751 634 1804 lleum
685 1759 925 1819 possent,
991 1751 1117 1820 quia
1156 1750 1373 1818 paulum
1412 1750 1477 1803 de
1512 1763 1606 1817 spe
1677 1763 1802 1816 erga
1853 1748 2031 1818 ipsum

2146 1720 2422 1741 ν--τ---τ-
2465 1720 2524 1742 -τ
2569 1720 2670 1740 vn,
3288 1720 3326 1734 .-
3418 1720 3429 1736 .
3487 1720 3500 1726 -

2142 1765 2353 1826 ἐλπίδος
2413 1763 2610 1832 μικρὸν
2671 1762 2886 1828 ῦφῆκαν
2941 1761 3036 1812 καὶ
3095 1757 3188 1810 τοῦ
3269 1756 3443 1810 πάντα
3505 1753 3679 1820 ἐκείνῳ

466 1844 814 1907 remiserant,
869 1857 971 1896 nec
1011 1842 1246 1904 amplius
1267 1841 1444 1895 omnia
1493 1841 1567 1894 illi
1627 1840 1838 1894 sincere
1883 1853 2036 1893 com-

469 1938 774 1999 mittebant,
814 1937 866 1988 in
927 1935 1117 2004 primis
1152 1933 1380 1990 nefanda
1413 1942 1813 2003 perpetrarunt,
1863 1932 2039 1986 etim-

470 2027 720 2093 probitati
756 2026 887 2081 nihil
938 2026 1131 2095 rcliqui
1173 2025 1436 2080 fecerunt.
1467 2025 1523 2077 In
1557 2039 1665 2094 quo
1699 2025 1862 2095 igitur
1891 2022 2027 2077 εσθ-

467 2122 694 2174 rentur?
727 2122 780 2174 lu
826 2132 970 2175 recte
1002 2119 1208 2176 factis?
1264 2119 1413 2184 atqui
1471 2119 1601 2172 nihil
1643 2117 1902 2172 eximium
1962 2117 2039 2170 l'e-

465 2215 662 2268 cimus.
693 2213 747 2266 ln
804 2213 1015 2281 magnis
1059 2211 1469 2281 nostris?Atqui
1526 2219 1708 2264 ucstra
1735 2225 1842 2262 non
1887 2221 2039 2262 sunt.

463 2308 543 2358 Au
577 2305 703 2375 quia
735 2306 1072 2360 servavimus
1124 2319 1245 2373 qua:
1301 2303 1610 2374 accepimus
1634 2303 1656 2356 ?
1684 2303 1796 2355 lmo
1855 2302 2040 2370 prodi-

463 2398 666 2450 dimus.
712 2394 816 2450 Sed
881 2396 1225 2464 signaculum
1285 2393 1490 2450 Christi
1535 2394 1778 2449 ferimus.
1818 2393 1884 2446 At
1934 2392 2038 2447 hoc

466 2491 642 2556 ipsum
667 2486 924 2541 indicium
948 2497 1030 2542 est
1052 2487 1193 2556 quod
1213 2505 1316 2541 non
1338 2487 1567 2542 ferimus
1588 2504 1602 2552 ;
1627 2485 1879 2554 superbis
1893 2485 2037 2538 enim

468 2579 603 2632 nihil
649 2594 773 2632 eum
811 2578 903 2633 illo
950 2579 1167 2646 negotii,
1227 2577 1316 2646 qui
1353 2595 1371 2628 ‹
1407 2577 1557 2630 mitis
1599 2585 1702 2639 est,
1729 2583 1782 2629 et
1819 2573 2041 2626 humilis

465 2673 628 2724 rorJe
650 2671 718 2726 ".
751 2690 769 2722 ι
816 2670 880 2725 Ει
916 2669 1180 2740 contingit
1221 2680 1441 2738 propter
1483 2666 1796 2736 huiusmodi
1833 2665 2039 2734 cogita-

465 2767 643 2818 tiones
675 2763 983 2834 superbiam
1020 2763 1192 2831 ipsam
1215 2761 1268 2814 in
1300 2776 1358 2815 se
1387 2773 1660 2824 corruere,
1690 2765 1744 2812 et
1785 2755 2041 2824 utrinque

474 2855 723 2909 morbum
756 2868 1099 2908 evanescere.
1129 2853 1257 2907 Sive
1279 2852 1424 2906 enim
1451 2849 1713 2920 sapimus,
1735 2861 1856 2916 qua:
1880 2860 2042 2915 opor-

468 2958 562 3011 tet,
589 2963 694 3000 non
733 2960 985 3014 magnum
1019 2945 1304 3012 sapimus:
1340 2943 1455 2997 sive
1492 2955 1744 3011 magnum
1771 2938 2038 3008 sapimus,

2142 1857 2450 1917 πιστεύειν,
2503 1845 2667 1914 εὐθὺς
2704 1851 2772 1904 τὰ
2822 1851 3076 1919 αἴσχιστα
3130 1849 3350 1902 πάντων
3401 1846 3678 1914 ἐτόλμησαν

2140 1947 2233 2000 καὶ
2267 1941 2568 2014 μοχθηρίας
2610 1940 2856 1994 ἐνέλιπον
2886 1939 3009 1992 οὐδὲ
3041 1939 3122 1992 ἓν.
3167 1938 3320 1990 Ἀντὶ
3349 1939 3491 1996 τίνος
3523 1935 3683 1986 τοίνυν

2142 2035 2378 2102 ὑπάρξει
2411 2034 2552 2102 μέγα
2587 2031 2842 2100 φρονεῖν;
2892 2029 3034 2096 ὑπὲρ
3065 2028 3174 2082 τῶν
3219 2025 3681 2095 κατωρθωμένωνς

2140 2127 2256 2182 ἀλλ’
2289 2126 2440 2179 οὐδὲν
2476 2125 2619 2194 μέγα
2641 2141 2654 2156 ο
2693 2122 2807 2174 ἀλλ’
2839 2122 2980 2190 ὑπὲρ
3010 2121 3115 2172 τῶν
3149 2121 3206 2171 ὲν
3245 2121 3379 2188 ἡμῖν
3419 2115 3679 2187 μεγάλων;
3726 2108 3728 2110 ⁷

2141 2218 2256 2272 ἀλλ’
2287 2218 2384 2286 οὐχ
2421 2216 2697 2284 ἡμέτερα⁶
2735 2211 2850 2265 ἀλλ’
2881 2212 2962 2263 ὅτι
2988 2208 3312 2274 σεσώκαμεν
3341 2208 3479 2276 ἅπερ
3513 2203 3678 2258 ἐλάσο-

2145 2327 2270 2380 μεν;
2310 2307 2446 2360 ἀλλὰ
2502 2303 2963 2374 προδεδώκαμεν·
3010 2301 3144 2353 ἀλλὰ
3183 2299 3282 2353 τοῦ
3342 2297 3570 2368 Χριστοῦ
3601 2296 3684 2365 τὴν

2143 2401 2416 2472 σφραγῖδα
2441 2399 2679 2469 φέρομεν
2698 2415 2712 2429 ·
2764 2397 2900 2449 ἀλλὰ
2931 2394 3076 2447 τοῦτ’
3110 2394 3243 2448 αὐτὸ
3288 2393 3594 2462 τεκμήριον,
3622 2391 3686 2451 ὡς

2139 2496 2201 2549 ού
2229 2496 2466 2563 φέρομεν
2485 2506 2503 2526 ο
2529 2493 2640 2553 τοῖς
2665 2489 2772 2558 γὰρ
2797 2487 3171 2556 ὑπερηφάνοις
3197 2486 3355 2539 οὐδὲν
3379 2486 3547 2537 κοινὸν
3568 2483 3685 2551 πρὸς

2142 2589 2372 2648 ἐκεῖνον,
2415 2604 2432 2639 ι
2472 2584 2530 2647 ὃς
2560 2581 2734 2650 πρᾶός
2773 2582 2887 2632 ἐστι
2914 2579 3008 2630 καὶ
3036 2576 3299 2637 ταπεινὸς
3330 2579 3395 2647 τῇ
3433 2575 3631 2646 καρδία·
3664 2592 3679 2625 ι

2142 2681 2238 2732 καὶ
2294 2678 2581 2746 συμϐαίνει
2615 2673 2767 2743 παρὰ
2819 2671 2947 2730 τοὺς
2991 2669 3295 2736 λογισμοὺς
3329 2667 3560 2729 τούτους,
3602 2667 3686 2733 τὴν

2142 2766 2722 2842 ὕπερηφανίανναὺτὴν
2753 2767 2920 2832 ἑαυτῇ
2970 2761 3336 2831 περιπίπτειν
3364 2762 3457 2814 καὶ
3485 2758 3687 2831 φροῦδον

2144 2863 2480 2933 ἑκατέρωθεν
2512 2857 2651 2913 εἶναι
2687 2860 2748 2912 τὸ
2774 2857 2963 2918 πάθος.
2992 2856 3116 2909 Eii-cs
3149 2855 3262 2922 γὰρ
3296 2854 3331 2908 ἃ
3371 2855 3450 2908 δεῖ
3486 2849 3687 2924 φρονοῦ-

2147 2974 2270 3026 μεν,
2305 2956 2412 3008 εἴτε
2451 2953 2592 3022 μέγα
2625 2950 2951 3020 φρονοῦμεν,
2984 2948 3159 3018 τούτῳ
3188 2947 3256 3014 δὴ
3296 2945 3370 3014 τῶ
3412 2947 3544 3014 μέγα
3574 2959 3686 3012 φρο-

464 3041 567 3091 hoc
591 3035 999 3106 ipsoChristum
1025 3033 1426 3104 proculabcsse
1472 3049 1500 3086 a
1526 3031 1679 3086 nobis
1723 3030 2038 3092 sentientes,

2143 3051 2250 3102 νεῖν
2275 3047 2432 3116 ἡμῶν
2455 3043 2632 3097 αὐτῶν
2654 3042 2954 3114 ᾐσθημένοι
2973 3038 3210 3109 Χριστοῦ
3239 3041 3434 3109 πόρρω
3457 3039 3686 3105 φέροντες

464 3138 518 3179 ct
560 3142 658 3180 nos
683 3127 884 3180 nullius
919 3129 1078 3195 pretii
1113 3141 1255 3192 esse,
1287 3123 1673 3194 intelligentes,
1697 3136 1860 3191 super
1881 3121 2039 3175 nobis

466 3218 615 3286 ipsis,
652 3227 707 3270 ut
737 3217 984 3287 abjectis,
1018 3217 1151 3271 nihil
1183 3218 1457 3287 egregium
1486 3217 1784 3286 sapiemus.

535 3311 674 3374 Quin
703 3312 865 3363 etiam
916 3309 1164 3377 sequitur
1221 3318 1279 3363 ut
1319 3309 1539 3381 lugeant
1590 3319 1645 3366 et
1711 3311 1894 3378 deant,
1948 3325 2042 3386 qui

465 3400 666 3454 Christi
695 3409 812 3453 acta
846 3399 1198 3454 meditantur.
1245 3401 1304 3454 Si
1333 3402 1457 3470 quis
1509 3416 1691 3456 secum
1724 3415 1934 3474 reputet
1966 3407 2046 3461 vi-

467 3493 820 3561 delicet,qu:e
849 3507 950 3560 pro
1008 3491 1182 3546 salute
1235 3502 1442 3559 nostra,
1502 3508 1643 3547 novo
1689 3505 1745 3550 et
1799 3497 2045 3553 inaudito

469 3583 632 3637 modo
659 3581 848 3650 gessit.
887 3591 942 3634 et
973 3589 1172 3650 quanta
1201 3581 1274 3635 sit
1303 3581 1515 3649 ignavia
1569 3586 1802 3651 nostra,
1835 3587 2042 3654 quique

470 3688 572 3728 nos
613 3683 758 3728 tenet
836 3673 1107 3727 somnus!
1158 3673 1286 3726 Sive
1319 3673 1465 3726 enim
1521 3674 2044 3742 pretiosissitnorum

464 3769 674 3837 jactura
703 3781 804 3820 uos
827 3768 1141 3828 contristat,
1173 3775 1226 3817 et
1257 3765 1518 3818 memoria
1549 3779 1738 3818 eorum
1763 3781 1881 3833 qua:
1909 3766 2045 3819 ami-

469 3863 644 3914 simus
689 3859 952 3926 lacrymas
983 3856 1147 3918 elicit,
1199 3857 1285 3910 hic
1323 3855 1590 3915 discimus
1643 3865 1875 3925 quantas
1910 3857 2047 3910 divi-

471 3955 572 4006 tias
605 3967 725 4005 cum
769 3952 819 4002 iu
873 3949 1122 4002 manibus
1198 3947 1550 4008 haberemus,
1592 3957 1644 4002 et
1678 3948 1864 4002 liceret
1910 3948 2043 4002 reti-

470 4061 618 4108 nere,
651 4059 749 4098 nos
778 4043 1201 4112 projecerimus:
1229 4043 1343 4094 sive
1367 4041 1705 4095 conscientia
1733 4041 1913 4094 multa:
1938 4041 2044 4093 ini-

468 4137 688 4204 quitatis
723 4151 848 4204 erga
881 4145 989 4189 tam
1027 4135 1331 4189 studiosum
1377 4132 1772 4185 benefactorem
1803 4131 2040 4185 animam

469 4229 702 4290 mordet,
727 4238 778 4280 et
821 4237 1079 4292 macerat,
1118 4228 1243 4278 hinc
1273 4223 1509 4276 maxime
1537 4222 1889 4275 manifestum
1917 4237 2042 4275 eva-

469 4321 596 4370 .I.-re
630 4327 812 4386 queat,
839 4331 1003 4383 quam
1039 4317 1293 4382 praeclara
1328 4315 1415 4366 ille
1475 4328 1596 4380 erga
1630 4327 1729 4366 nos
1792 4327 2043 4366 mansue-

2147 3140 2239 3193 καὶ
2263 3139 2414 3201 ὄντες
2443 3137 2608 3208 μηδὲν
2639 3135 2812 3202 ὑγιὲς,
2852 3133 2928 3197 ὡς
2961 3135 3054 3186 ἐπὶ
3097 3130 3334 3200 φαύλοις
3374 3133 3500 3201 ἡμῖν
3528 3129 3686 3190 αὐτοῖς

2147 3234 2208 3286 οὐ
2241 3231 2381 3300 μέγα
2408 3229 2770 3300 φρονήσομεν.

2218 3326 2331 3382 Καὶ
2365 3326 2471 3396 μὴν
2507 3325 2599 3377 καὶ
2631 3322 2848 3376 πενθεῖν
2879 3319 3170 3374 ἀκόλουθον
3196 3318 3300 3372 καὶ
3325 3317 3569 3386 δακρύειν
3592 3313 3686 3371 τοῖς

2146 3419 2213 3474 τὰ
2243 3416 2480 3487 Χριστοῦ
2532 3413 2831 3484 μελετῶσιν
2887 3412 2940 3463 εῐ
2972 3427 3058 3472 τις
3108 3408 3404 3476 λογίζοιτο,
3445 3407 3558 3458 τίνα
3608 3403 3689 3464 μὲν

2145 3509 2405 3581 περὶτῆς
2441 3505 2716 3576 σωτηρίας
2762 3504 2921 3574 ἡμῶν
2972 3500 3406 3570 ὲκαινοτομήθη,
3448 3497 3527 3558 τίς
3569 3494 3618 3545 δὲ
3659 3492 3687 3558 ἡ

2151 3601 2394 3675 ῥᾳθυμία
2445 3601 2540 3654 καὶ
2571 3599 2599 3650 ὁ
2633 3595 2880 3664 κατέχων
2931 3595 3081 3662 ἡμᾶς
3124 3590 3336 3654 ὕπνοςι
3375 3591 3496 3675 Εῖτε
3525 3587 3622 3654 γὰρ
3661 3584 3689 3652 ἡ

2149 3674 2323 3762 ζημία
2351 3690 2457 3744 τῶν
2484 3687 2834 3758 τιμιωτάτων
2873 3685 3020 3754 ἡμᾶς
3058 3683 3235 3742 λυπεῖ,
3275 3685 3367 3737 κού⁹
3403 3674 3473 3733 ὧν
3500 3677 3686 3730 ἀπολω-

2149 3785 2386 3852 λέκαμεν
2417 3780 2635 3849 ἀγαθῶν
2663 3781 2694 3847 ἠ
2744 3779 2930 3848 μνήμη
2981 3774 3404 3847 παρασκευάζει
3437 3766 3687 3835 δακρύειν.

2147 3875 2380 3929 ὲνταυθα
2409 3873 2497 3924 τὸν
2523 3870 2747 3923 πλοῦτον
2781 3867 3143 3937 μανθάνομεν,
3177 3865 3336 3928 ὅσος,
3365 3864 3423 3916 ὃν
3451 3865 3502 3912 ἐν
3532 3857 3688 3927 χεροῖν

2147 3969 2360 4037 ἔχοντες
2391 3965 2638 4032 κατέχειν
2670 3961 2810 4024 ἐξδν,
2840 3960 3027 4011 ἔπειτα
3059 3955 3473 4026 ρίπτομεν,εξ’τε
3505 3952 3562 4003 τὸ
3587 3966 3693 4000 aov-

2147 4059 2343 4112 ειδέναι
2373 4054 2569 4123 πολλὴν
2602 4055 2731 4120 ἡμῖν
2762 4051 2945 4112 αὐτοῖς
2977 4048 3380 4116 ἀγνωμοσύνην
3411 4043 3535 4111 περὶ
3565 4039 3688 4092 οῦτω

2147 4150 2429 4218 φιλότιμον
2460 4147 2754 4212 εὐεργέτην
2781 4142 2967 4193 δάκνει
3017 4140 3111 4191 καὶ
3156 4139 3323 4206 τήκει
3379 4137 3478 4205 τὴν
3509 4129 3686 4201 ψυχὴν,

2145 4239 2394 4291 ἐντεῦθεν
2449 4237 2513 4287 ἂν
2563 4233 2800 4302 μάλιστα
2841 4231 3050 4298 γένοιτο
3095 4228 3278 4296 δῆλον,
3319 4228 3417 4295 ὅσῃ
3451 4225 3542 4293 μὲν
3568 4220 3687 4289 πρδς

2145 4329 2293 4396 ἡμᾶς
2324 4317 2528 4386 ἐκεῖνος
2551 4321 2850 4391 ἡμερότητι
2878 4320 3142 4388 κέχρηται
3175 4319 3272 4370 καὶ
3304 4313 3683 4386 φιλανθρωπία,

471 4410 676 4472 tudine,
704 4417 756 4460 et
795 4407 1132 4457 humanitate
1167 4421 1296 4458 usus
1322 4405 1414 4467 sit,
1450 4420 1611 4472 quam
1675 4405 1915 4459 vicissim
1940 4419 2038 4460 nos

2147 4419 2277 4487 ὅσην
2315 4417 2372 4467 δὲ
2410 4416 2545 4483 πρδς
2573 4413 2733 4464 αὑτὸν
2760 4413 2919 4479 ἡμεῖς
2948 4407 3373 4473 ἐπιδεικνύμεθα
3412 4403 3684 4472 ῥαθυμίαν.

469 4502 729 4552 adversus
752 4496 902 4548 illum
929 4496 1185 4549 socordes
1208 4496 1595 4548 exstiterimus.
1620 4495 1862 4550 Primum
1889 4501 2032 4551 enim

471 4607 499 4642 ιι
528 4590 663 4644 caelo
690 4588 968 4642 descendit
993 4597 1347 4656 utquaererct,
1372 4597 1426 4640 et
1454 4597 1511 4639 ut
1537 4602 1764 4656 cognata
1785 4605 1883 4643 nos
1910 4606 2039 4646 voce

471 4681 695 4750 alloqui,
735 4689 786 4732 et
817 4678 993 4733 oculis
1031 4678 1276 4746 aspicere
1351 4679 1570 4745 valeret,
1617 4682 1741 4733 fecit
1787 4697 1802 4734 :
1837 4691 1894 4732 ut
1923 4683 2037 4734 sive

471 4761 667 4841 genere
689 4771 903 4825 al'linem
933 4771 1232 4839 diligimus,
1268 4770 1380 4824 sive
1419 4773 1708 4839 optimum,
1743 4784 2038 4840 utrumque

475 4869 588 4933 ipse
617 4866 706 4933 sil,
737 4874 788 4918 et
814 4863 1027 4918 duobus
1062 4863 1202 4926 istis,
1235 4877 1356 4930 quae
1383 4863 1584 4928 ubique
1619 4878 1859 4916 amorem
1903 4877 2038 4917 cou-

472 4959 683 5022 t-iliant,
709 4957 761 5008 in
795 4957 909 5023 ipso
968 4955 1312 5016 coeuntibus,
1347 4952 1641 5022 plurimum
1676 4956 1742 5006 ad
1798 4970 2037 5008 amorem

476 5059 720 5104 nostrum
744 5046 1090 5102 alliciendum
1110 5047 1300 5115 possit.
1336 5046 1536 5099 Deinde
1558 5047 1852 5098 amicitiam
1887 5057 2041 5099 actu-

480 5159 594 5204 rus,
627 5141 756 5194 illud
789 5154 1005 5209 quoque
1034 5138 1252 5204 adjecit.
1282 5139 1545 5201 Quoniam
1573 5137 1716 5189 enim
1753 5137 2044 5203 unusquis-

474 5251 578 5302 que
599 5233 836 5301 seipsum
861 5231 1054 5300 diligit,
1078 5230 1240 5284 simul
1281 5238 1485 5282 natura":
1512 5239 1817 5282 consortem
1843 5231 2036 5300 diligit.

477 5325 579 5376 S-.-d
609 5332 812 5392 quanto
835 5323 954 5388 quis
1001 5321 1124 5381 sibi,
1160 5337 1322 5388 quam
1357 5319 1527 5372 cuivis
1557 5319 1762 5372 homini
1813 5329 1892 5373 est
1915 5337 2040 5390 pro-

475 5415 746 5482 pinquior,
780 5422 930 5465 tanto
955 5426 1189 5480 sequam
1244 5411 1394 5465 illum
1447 5410 1678 5478 amplius
1729 5411 1925 5478 diligit.
1967 5413 2039 5468 Ut

474 5519 604 5571 ergo
661 5513 710 5556 et
761 5503 863 5558 hac
913 5504 1119 5557 ratione
1177 5503 1452 5556 meliorem
1514 5502 1688 5554 locum
1751 5501 2039 5568 obtineret,

547 5680 587 5709 ⁸⁷
636 5678 823 5732 Matth.
858 5697 932 5744 XI,
966 5678 1048 5733 19.

2142 4507 2365 4575 Πρῶτον
2405 4505 2502 4571 μὲν
2547 4504 2655 4570 γὰρ
2705 4503 2764 4566 ἐξ
2803 4500 3030 4570 ούρανοῦ
3079 4498 3320 4564 κατῆλθε
3367 4495 3560 4564 ζητῶν,
3606 4490 3688 4543 καὶ

2140 4600 2287 4660 ὃπως
2306 4593 2692 4664 συγγενῆίπρδς
2711 4595 2858 4661 ἡμᾶς
2877 4593 3061 4660 ἀφὴσῃ
3081 4587 3268 4657 φωνὴν
3289 4590 3383 4640 καὶ
3401 4587 3520 4655 ὁψιν
3535 4581 3687 4650 δείξῃ,
3714 4614 3727 4624 -

2143 4688 2466 4754 πεποίηκεν,
2494 4684 2570 4746 ὼς
2603 4684 2691 4745 ἂν,
2721 4683 2831 4735 εἴτε
2864 4682 2956 4734 τὸν
2976 4681 3250 4748 ὁμόφυλον
3274 4680 3568 4747 στέργομεν
3591 4672 3688 4726 εἴτε

2135 4780 2226 4830 τδν
2256 4780 2496 4847 ἄριστον,
2537 4778 2842 4846 ἀμφότερον
2867 4773 3030 4834 αὐτὸς
3124 4772 3216 4823 καὶ
3244 4773 3392 4824 δυοῖν
3421 4769 3632 4829 τούτων,
3656 4764 3687 4816 ἃ

2141 4867 2418 4936 πανταχοῦ
2456 4868 2600 4918 ποιεῖ
2649 4864 2846 4930 φιλεῖν,
2881 4864 2970 4915 ἐπ’
3017 4862 3182 4914 αὐτοῦ
3231 4861 3589 4914 συνελθόντων
3625 4853 3686 4905 τὰ

2145 4961 2380 5028 μέγιστα
2409 4955 2543 5024 πρὸς
2570 4955 2747 5022 ἔρωτα
2771 4953 2972 5022 δυνηθῇ
2996 4969 3010 4984 ’
3042 4937 3229 5004 ἔπειτα
3261 4954 3360 5021 τὴν
3395 4951 3571 5018 φιλίαν
3597 4944 3686 4998 αὕ-

2143 5049 2246 5114 ξων
2274 5049 2494 5101 κάκεῖνο
2521 5044 2882 5113 προσέθηκεν.
2919 5045 3071 5095 Ἐπεὶ
3099 5044 3204 5112 γὰρ
3227 5043 3373 5109 φιλεῖ
3398 5042 3492 5108 μὲν
3514 5035 3687 5090 ἑαυτὸν

2141 5141 2396 5203 ἕκαστος,
2427 5138 2572 5206 φιλεῖ
2598 5137 2653 5188 δὲ
2684 5135 2775 5188 τὸν
2805 5133 3095 5203 ὁμόφυλον,
3124 5133 3237 5186 ἀλλ’
3267 5135 3391 5184 ὅσον
3418 5127 3590 5195 ἐαυτῷ
3614 5139 3689 5184 τις

2149 5233 2416 5300 προσήκει
2447 5228 2646 5299 μᾶλλον
2676 5227 2708 5294 ἢ
2758 5229 2867 5287 τοῖς
2909 5224 3223 5294 ὁμοφύλοις,
3258 5223 3450 5275 ἑαυτὸν
3490 5217 3687 5286 στέργει

2151 5323 2352 5391 μᾶλλον
2383 5323 2415 5390 ἢ
2456 5321 2548 5371 τὸν
2579 5317 2870 5388 ὁμόφυλον,
2895 5318 2968 5379 ὼς
2991 5317 3056 5369 ἂν
3080 5319 3172 5370 καὶ
3198 5315 3366 5383 ταύτῃ
3403 5314 3492 5365 τὸν
3516 5307 3691 5380 βελτίω

2143 5411 2238 5463 τοῦ
2264 5409 2538 5478 φι”·.ιῖσθαι
2567 5408 2823 5479 κατάσχῃ
2851 5409 3038 5472 τόπον,
3072 5409 3134 5460 τὸ
3161 5407 3266 5459 τῶν
3307 5405 3515 5472 ἐφετῶν
3539 5402 3689 5465 ἐσχα-

2151 5519 2263 5563 τον,
2323 5502 2416 5554 καὶ
2473 5500 2548 5570 μὴ
2608 5499 2860 5570 καθάπερ
2910 5502 3022 5562 τοῖς
3079 5497 3367 5568 ὁμοφύλοις
3423 5493 3688 5562 χαίρομεν.
