3982 6208
437 295 542 352 667

1693 286 1997 351 NICOLAI
2034 284 2421 343 CABASILJE

3564 264 3675 325 663

431 403 659 456 divitia‘.
689 401 750 454 Et
780 415 1069 473 paupertas
1097 406 1315 475 quidem
1342 403 1652 460 necessario
1705 416 1824 453 cum
1883 412 2015 465 pra--

2137 389 2382 458 παρόντος
2418 385 2630 452 ἀνάγκη
2661 381 2995 443 πεπαῦσθαι,
3027 378 3174 431 τουτὶ
3199 377 3254 431 δὲ
3283 376 3346 430 τδ
3391 375 3564 428 δεινὸν
3607 375 3676 475 pb

435 496 574 546 senti
611 496 713 545 vita
746 495 942 545 desinit
980 513 992 556 ;
1033 497 1170 550 hanc
1210 509 1392 549 autem
1441 494 1803 549 calamitatem
1864 504 2011 543 mors

439 585 629 638 "’“t‘re
658 600 761 636 "0"
793 596 959 652 νυῑυεί
991 603 1005 648 ;
1033 589 1160 652 Quin
1196 590 1396 656 potius,
1423 597 1481 640 ut
1513 587 1842 654 nobislonge
1869 585 2015 652 igno-

440 675 726 729 tniniosiur
780 675 848 726 sit
883 675 933 727 in
981 676 1182 739 luluro,
1224 687 1602 732 necessetest.
1649 677 1750 729 Sed
1799 673 2014 727 insania

435 778 514 819 est
549 766 892 819 miserabilis.
955 767 1096 831 Quid
1128 770 1150 820 ’ί
1213 785 1394 823 annon
1432 771 1604 823 malus
1631 770 1840 823 (iamnon
1891 768 2014 821 ani-

444 875 586 909 mum
621 866 867 909 nostrum
904 858 1146 913 furenter
1194 861 1453 931 exagitat,
1508 861 1561 915 iu
1615 877 1776 930 quem
1812 869 2012 912 tantam

441 949 690 1001 amentia:
725 949 827 1001 vim
860 948 1134 1005 eti‘undit?
1167 951 1220 1004 Si
1251 953 1395 1006 enim
1425 970 1587 1023 super
1617 968 1775 1007 enses
1825 951 2016 1005 ambu-

440 1042 571 1102 iure,
599 1055 718 1093 sese
753 1042 1080 1110 praecipitem
1115 1043 1263 1105 dare,
1324 1045 1529 1098 amicus
1588 1045 1883 1116 praeterire,
1965 1051 2020 1097 et

446 1131 972 1186 tuah‘evolentissimis
1000 1136 1297 1202 supplicem
1332 1135 1467 1200 fieri,
1504 1137 1548 1190 si
1580 1137 1712 1201 lucc,
1773 1137 2017 1205 inquam,

443 1221 836 1275 insanientium
869 1232 1017 1285 sunt,
1035 1241 1213 1279 nonne
1248 1236 1516 1281 amantem
1545 1227 1808 1295 fugimus?
1840 1243 2020 1283 nonne

443 1311 650 1366 hostem
685 1316 1007 1369 ascisciinus
1037 1317 1060 1369 ?
1090 1333 1275 1372 nonne
1304 1320 1369 1373 ad
1394 1322 1693 1389 gehennam
1724 1322 2020 1386 currimus,

445 1404 572 1457 dum
610 1408 816 1470 omnia,
840 1423 960 1476 qua:
991 1423 1054 1462 eo
1077 1409 1380 1480 impellunt,
1409 1415 1758 1480 designanius
1789 1416 1812 1468 ‘i
1843 1413 2022 1480 Quare

443 1496 686 1546 omnium
721 1497 988 1549 seelerum
1021 1495 1354 1554 conscientia
1389 1501 1679 1570 impeditos
1709 1513 1762 1555 et
1795 1518 2020 1572 oppreso

441 1600 554 1650 sus,
587 1587 716 1641 ﬂere
761 1599 811 1642 et
839 1588 1024 1668 lugere
1085 1607 1184 1644 nos
1220 1605 1648 1648 consentaneum
1683 1607 1785 1649 est.
1846 1599 2024 1663 Atque

445 1677 650 1730 utinam
694 1678 883 1730 horum
918 1683 1248 1735 conscientia
1286 1685 1444 1738 nobis
1477 1686 1772 1756 contingat,
1825 1697 1875 1740 et
1902 1703 2021 1754 quae

447 1776 593 1826 sunt,
629 1782 748 1821 esse
772 1768 1021 1824 arbitrari
1059 1792 1072 1827 :
1106 1783 1156 1824 et
1186 1789 1290 1827 non
1321 1777 1482 1827 etiam
1517 1775 1570 1828 in
1627 1776 1729 1829 hoc
1779 1777 2024 1832 infelices

447 1860 643 1923 simus,
685 1860 774 1914 ubi
813 1851 1077 1916 malorum
1136 1880 1414 1918 versemur
1459 1867 1768 1936 ignorantes
1811 1868 1855 1921 si
1925 1869 2024 1924 b0-

449 1959 572 1996 nam
605 1945 798 1999 animae
830 1946 1226 2012 habitudinem,
1267 1958 1320 2001 et
1341 1949 1582 2013 divitias,
1619 1960 1671 2005 et
1739 1953 2023 2005 sanitatem

447 2033 780 2098 nesciamus,
814 2049 933 2101 quae
966 2037 1123 2088 nobis
1161 2052 1189 2089 a
1251 2037 1468 2091 Christo
1521 2049 1837 2106 prmparata,
1889 2039 2026 2094 citra

447 2113 710 2187 laborem,
745 2126 876 2177 nihil
910 2127 1010 2180 nisi
1049 2127 1384 2180 voluntatem
1444 2126 1794 2181 aﬂ‘ercntibus
1835 2144 2027 2182 conseo

447 2215 538 2281 qui
590 2213 736 2267 licet.
778 2211 944 2270 Valde
1006 2217 1153 2272 enim
1187 2217 1342 2272 triste
1373 2218 1462 2282 sit,
1490 2234 1612 2273 enm
1635 2219 1890 2274 felicitate
1907 2236 2030 2290 per-

451 2305 554 2356 frui
600 2304 778 2369 liceat,
834 2306 1034 2371 eligere
1085 2307 1385 2373 miseriam,
1414 2318 1620 2364 etcum
1659 2312 1930 2377 possimus
1975 2311 2028 2365 in

449 2397 568 2448 luce
602 2395 798 2458 vivere,
842 2411 949 2450 non
984 2413 1240 2452 recusare
1269 2398 1320 2451 in
1357 2399 1592 2453 tenebris
1645 2403 1857 2454 sedere.
1907 2398 2030 2455 Haec

452 2501 580 2540 vero
607 2502 711 2539 non
743 2488 919 2542 solum
959 2491 1227 2544 inertibus
1261 2491 1529 2559 lacrymas
1563 2502 1788 2560 possunt
1811 2493 2029 2557 elicere,

453 2579 546 2631 sed
598 2579 944 2646 prohissimis
975 2582 1158 2644 etiam,
1211 2596 1263 2636 et
1299 2583 1381 2636 his
1424 2585 1678 2649 maxime,
1735 2595 1940 2651 quanto
1981 2592 2034 2638 ct

455 2669 631 2736 majus
658 2670 903 2731 sentiunt
932 2671 1344 2727 detrimentum.
1383 2672 1594 2727 Etenim
1623 2685 1675 2729 et
1709 2675 1792 2728 his
1819 2685 1868 2728 et
1911 2690 2036 2744 gra-

459 2761 703 2815 vioribus
723 2772 898 2816 semet
922 2767 1312 2825 οοιιιιιιηιιιειιιι,
1329 2775 1380 2818 et
1403 2767 1658 2818 extremis
1677 2782 1734 2820 se
1753 2767 2035 2836 suppliciis

462 2853 774 2908 multandos
809 2867 1051 2922 censent,
1085 2871 1209 2911 cum
1269 2859 1530 2928 cogitant,
1597 2858 1762 2912 Deum
1805 2859 2031 2928 nudum,

459 2958 620 2999 cruce
655 2945 1066 3017 interemptum,
1110 2949 1198 3003 cui
1238 2951 1420 3004 omnia
1459 2951 1727 3017 serviunt,
1759 2960 1813 3006 et
1842 2967 1966 3006 eum
2003 2967 2034 3006 a

2114 481 2333 532 δύναται
2354 478 2500 530 λύειν
2520 478 2551 544 ὴ
2568 476 2809 546 τελευτὴ,
2832 476 2945 527 ἀλλ’
2960 475 3172 542 ἀνάγκη
3190 473 3283 524 καὶ
3304 469 3483 536 πολλῶ
3509 467 3681 538 μείζω

2115 575 2290 624 ποιεῖν
2319 573 2449 640 ἡμῖν
2479 571 2569 622 ἐπὶ
2601 569 2692 621 τοῦ
2721 568 3006 636 μέλλοντος
3049 566 3147 633 τὴν
3203 563 3470 632 αἰσχύνην
3495 577 3507 589 ·
3544 560 3682 613 ἀλλὰ

2119 665 2284 734 μανία
2311 664 2562 720 ἐλεεινόν.
2601 664 2666 716 Τί
2697 658 2824 725 οὗνς
2880 662 2943 713 οὗ
2980 657 3215 726 πονηρὶς
3271 653 3429 722 ἡμῶν
3462 652 3681 703 ἐλαύνει

2115 759 2325 825 δαίμων
2360 754 2457 826 τὴν
2487 755 2731 824 γνώμην,
2773 749 2840 824 ἦς
2863 751 3136 818 τοσαύτην
3167 747 3427 814 κατέχεεν
3456 744 3682 804 άνοιαν;

2118 851 2180 903 Ei
2213 852 2321 919 γάρ
2342 849 2434 902 ἐπὶ
2469 848 2612 918 ξίφει
2661 849 2858 917 χωρεῖν
2897 846 2993 898 καὶ
3022 840 3166 895 κατὰ
3204 837 3469 908 κρημνῶν
3500 834 3683 887 ἵεσθαι

2119 942 2218 994 καὶ
2261 942 2388 1004 τοὺς
2442 941 2629 1010 φίλους
2670 940 2886 1006 ἀγνοεῖν
2919 937 3012 989 καὶ
3065 935 3175 995 τοῖς
3228 928 3686 997 δυσμενεστάτοις

2120 1031 2511 1101 προσπίπτειν,
2567 1030 2743 1085 ταῦτα
2799 1026 3165 1097 μαινομένων,
3191 1024 3252 1076 οὐ
3291 1023 3385 1074 τὸν
3425 1018 3685 1087 φιλοῦντα

2121 1122 2418 1193 φεύγομεν,
2460 1121 2520 1174 οὐ
2561 1122 2654 1175 τὸν
2703 1119 2896 1190 ἐχθρὸν
2953 1113 3036 1180 οἷς
3086 1113 3351 1182 ποιοῦμεν
3376 1111 3682 1180 ζητούμενς

2120 1217 2220 1268 οὐκ
2254 1217 2346 1268 ἐπὶ
2397 1215 2497 1285 τὴν
2542 1214 2770 1282 γέενναν
2811 1210 3114 1279 σπεύδομεν
3169 1208 3346 1260 πάντα
3379 1202 3684 1266 ποιοῦντες,

2121 1306 2157 1361 ἃ
2185 1306 2322 1376 πρὸς
2352 1306 2568 1373 ἐκείνην
2603 1304 2770 1369 ὠθεῖς
2808 1301 2886 1357 Ob
2899 1318 2967 1354 τω
3001 1299 3101 1370 μὲν
3131 1297 3312 1351 τοίνυν
3336 1295 3472 1366 ἡμῖν
3504 1295 3688 1356 αὐτοῖς

2122 1398 2190 1450 τὰ
2221 1397 2480 1449 πάνδεινα
2504 1395 2768 1448 συνειδόσι
2801 1392 3058 1463 δακρύειν
3112 1389 3408 1442 ἀκόλουθον
3431 1385 3526 1439 καὶ
3558 1400 3690 1435 πεν-

2126 1487 2277 1541 θεῖν·
2310 1487 2482 1541 ταῦτα
2515 1487 2570 1540 δὲ
2592 1485 2791 1554 γένοιτ’
2817 1485 2883 1539 ἂν
2919 1485 3051 1553 ἡμῖν
3074 1481 3258 1543 αὐτοῖς
3286 1474 3687 1545 συνεγνωκέναι

2127 1582 2218 1633 καὶ
2249 1581 2316 1632 τά
2340 1579 2469 1632 δντα
2502 1578 2743 1644 δοξάζειν
2776 1577 2870 1629 καὶ
2907 1574 2983 1644 μὴ
3002 1575 3100 1627 καὶ
3141 1572 3299 1625 τοῦτο
3326 1560 3691 1639 δυστυχεῖν,ᾔ

2127 1670 2312 1723 κακῶν
2335 1670 2498 1740 ἐσμὲν
2518 1667 2824 1737 ἀγνοοῦσιν,
2839 1668 2935 1720 έάν
2959 1668 3058 1733 τὴν
3081 1663 3294 1728 εὐεξίαν
3317 1660 3516 1714 καὶτὸν
3533 1657 3695 1710 πλοῦ-

2125 1780 2217 1814 τον
2233 1760 2465 1831 εἰδῶμεν
2490 1762 2586 1814 καὶ
2607 1760 2664 1812 τὸ
2697 1759 3019 1829 σωφρονεῖν,
3046 1749 3120 1809 ὧν
3144 1755 3273 1826 ἡμῖν
3299 1753 3402 1806 ύπδ
3429 1751 3521 1803 τού
3553 1751 3693 1819 Χριο

2127 1853 2253 1907 στοῦ
2286 1853 2451 1925 μηδὲν
2480 1854 2746 1920 πονήσασι
2805 1847 3338 1918 κατεσκευασμένων
3397 1844 3694 1913 τυγχάνειν

2126 1947 2334 2012 ἔξεστιν
2399 1947 2713 2015 εἰσάγοντας
2769 1943 2919 1998 οὐδὲν
2964 1944 3128 1996 πλέον
3223 1939 3256 2010 ἢ
3311 1937 3690 2007 βουλομένους.

2127 2037 2297 2093 Τοῦτο
2322 2039 2429 2108 γὰρ
2465 2038 2532 2091 ἂν
2559 2037 2713 2092 δάκοι
2753 2034 2957 2107 μᾶλλον
2993 2032 3244 2104 καρδίαν,
3290 2030 3411 2094 ἐξὸν
3435 2027 3698 2094 εὐδαιμο-

2128 2132 2266 2197 νεῖν,
2290 2131 2562 2203 αἱρεῖσθαι
2589 2127 3001 2199 δυστυχεῖν,καὶ
3018 2126 3116 2195 ζῇν
3139 2124 3197 2176 ὲν
3212 2123 3350 2192 φωτὶ
3367 2120 3702 2188 δυναμένους

2131 2226 2188 2277 ὲν
2213 2221 2393 2276 σκότει
2415 2221 2754 2292 καθημένους
2774 2217 3089 2288 ἀνέχεσθαι.
3109 2214 3296 2268 Ταῦτα
3315 2211 3373 2265 δὲ
3391 2213 3449 2264 ού
3472 2211 3582 2271 τοῖς
3600 2210 3702 2278 ρᾳ-

2132 2314 2319 2384 θύμως
2346 2313 2527 2384 ἔχουσι
2555 2311 2713 2382 μόνον
2741 2309 2997 2381 ἐμϐάλλει
3023 2307 3277 2375 δάκρυον,
3301 2303 3432 2356 ἀλλὰ
3461 2303 3554 2355 καὶ
3585 2303 3701 2360 τοῖς

2135 2403 2573 2465 σπουδαιοτάτοις
2605 2402 2699 2454 καὶ
2726 2401 2963 2473 μάλιστα
2986 2395 3218 2460 τούτοις,
3246 2395 3356 2462 ὅσῳ
3383 2392 3478 2445 καὶ
3513 2390 3704 2459 μείζο-

2135 2514 2224 2559 νος
2245 2495 2590 2550 αἰσθάνονται
2618 2493 2720 2562 τῆς
2750 2491 2973 2562 ζημίας.
3002 2490 3112 2543 Καὶ
3139 2487 3248 2557 γὰρ
3278 2489 3373 2539 καὶ
3401 2483 3574 2537 ταῦτα
3604 2485 3705 2534 καὶ

2136 2591 2204 2643 τά
2223 2589 2424 2643 τούτων
2443 2588 2523 2641 ἔτι
2541 2586 2709 2656 χείρω
2726 2584 3197 2655 καταψηφίζονται
3229 2579 3377 2650 σφῶν
3395 2577 3570 2631 αὐτῶν
3587 2575 3708 2643 (καὶ

2136 2683 2373 2752 τιμῶσιν
2398 2680 2583 2742 αὐτοῖς
2618 2679 2726 2733 τῶν
2760 2678 3051 2748 ἐσχάτων),
3087 2673 3306 2728 ἐπειδὰν
3356 2668 3707 2738 ὲνθυμηθῶσι

2137 2775 2270 2826 Θεὸν
2313 2773 2403 2824 ἐπὶ
2454 2768 2695 2840 σταυροῦ
2750 2769 2956 2838 γυμνὸν
3017 2767 3410 2835 σφαττόμενον,
3451 2755 3495 2829 ᾧ
3525 2761 3710 2813 πάντα

2138 2867 2402 2930 δουλεύει,
2437 2867 2530 2919 καὶ
2558 2863 2656 2934 τὴν
2690 2861 3047 2930 ἀντίστροφον
3078 2857 3208 2928 παρ’
3235 2857 3394 2926 ἡμῶν
3437 2856 3714 2921 είσπρατο

2138 2960 2364 3028 τόμενον
2393 2956 2650 3027 ἀμοιϐὴν,
2685 2952 2801 3006 ἀνθ’
2830 2947 2906 3006 ὧν
2928 2951 3221 3020 ἀνθρώπου
3245 2949 3376 3010 Θεὸς
3423 2945 3500 2998 ῶν
3539 2944 3709 3004 αύτδς

461 3037 618 3090 nobis
651 3041 1154 3106 compensationem
1190 3041 1432 3096 vicissim
1471 3043 1718 3112 exigere;
1750 3047 1876 3114 quia
1909 3061 2031 3099 cum

2137 3049 2355 3116 ἐδέξατο
2382 3049 2564 3117 φύσιν,
2597 3044 2848 3111 γενέσθαι
2882 3043 3046 3101 Θεοὺς
3081 3043 3229 3112 ἡμᾶς
3268 3041 3330 3104 ἐξ
3371 3035 3707 3106 ἀνθρώπων.

461 3138 603 3183 esset
645 3129 805 3191 Deus.
854 3140 1099 3186 naturam
1138 3134 1376 3188 hominis
1411 3137 1673 3205 suscepit,
1727 3145 1785 3191 ut
1833 3152 1932 3195 nos
1965 3153 2029 3192 ex

464 3217 778 3274 hominibus
837 3222 906 3275 dii
972 3225 1277 3279 iteremus:
1331 3229 1386 3278 et
1456 3239 1578 3278 cum
1609 3235 1754 3280 terra
1814 3227 2032 3296 quidem

465 3309 688 3374 uelum,
719 3327 841 3364 cum
879 3317 1141 3368 servitute
1169 3330 1420 3386 regnum.
1454 3331 1579 3371 cum
1625 3318 1946 3389 ignominia,
1980 3320 2036 3376 in

465 3413 572 3467 qua
611 3415 852 3468 eramus,
893 3417 1073 3458 veram
1107 3404 1337 3473 gloriam
1373 3417 1734 3477 permutasse,
1774 3426 1874 3481 pro
1911 3413 2037 3482 qui-

466 3489 572 3545 bus
623 3492 886 3548 crelorum
943 3493 1196 3550 conditor
1233 3508 1433 3552 terram
1494 3498 1692 3565 induit,
1741 3510 1795 3557 et
1848 3513 2039 3560 natura

470 3579 760 3650 Dominus,
813 3586 865 3640 in
903 3585 1079 3642 forma
1131 3588 1274 3642 servi
1305 3591 1580 3659 apparuit,
1626 3601 1680 3647 et
1710 3592 1895 3660 gloria:
1946 3611 2040 3650 rex

475 3691 494 3723 ι
532 3676 792 3731 sustinuit
825 3693 1063 3744 crucem,
1103 3681 1425 3736 confusione
1455 3693 1762 3754 contempta
1795 3686 1876 3740 ³⁸.
1907 3705 1927 3739 ι

539 3766 672 3821 Cum
705 3769 870 3823 multa
888 3770 1131 3839 sint.per
1155 3789 1275 3840 qum
1306 3791 1620 3840 gernmnam
1640 3777 2042 3848 pltil050phiatn

471 3855 725 3914 Salvator
787 3861 840 3914 in
873 3865 1134 3916 mundum
1202 3865 1428 3930 invexit,
1474 3871 1932 3933 mansuetudinis,
1989 3879 2045 3924 et

471 3951 861 4007 moderationis
892 3955 943 4007 in
978 3955 1078 4019 ira,
1115 3956 1459 4028 leuitatisque
1502 3960 1763 4015 adversus
1794 3962 2044 4017 lardentes

473 4042 706 4114 plurima
766 4045 1008 4099 omnium
1071 4057 1124 4101 et
1191 4049 1428 4102 maxima
1487 4052 1732 4120 exempla
1793 4053 2044 4118 dicendo,

472 4135 746 4201 faciendo,
774 4139 1051 4206 patiendo,
1092 4143 1396 4210 proposuit.
1431 4140 1566 4196 Nam
1594 4159 1662 4198 ne
1691 4144 1851 4215 longe
1882 4147 2047 4200 abea-

472 4245 620 4287 mus,
645 4245 742 4297 pro
773 4231 836 4285 iis
867 4247 896 4285 a
929 4232 1128 4300 quibus
1161 4245 1278 4287 erat
1309 4235 1494 4297 laesus,
1540 4251 1761 4290 carnem
1814 4246 1869 4292 et
1919 4254 2047 4292 sau-

474 4319 968 4391 guinemjnduere
1017 4322 1297 4386 sustinuit,
1331 4335 1387 4377 et
1414 4338 1509 4377 cos
1567 4327 1806 4381 solutum
1870 4330 2042 4395 venit,

2135 3143 2230 3199 καὶ
2257 3144 2358 3212 τῆς
2389 3141 2486 3210 μὲν
2511 3140 2612 3209 γῆς
2652 3139 2744 3191 τὸν
2800 3139 3050 3208 οὐρανὸν,
3093 3136 3188 3202 τῆς
3215 3135 3268 3187 δὲ
3299 3131 3546 3192 δουλείας
3599 3127 3709 3197 τὴν

2138 3234 2438 3307 βασιλείαν,
2479 3233 2579 3302 τῆς
2635 3232 2691 3285 δὲ
2758 3222 3023 3299 συνούσης
3067 3228 3281 3293 ἀδοξίας
3316 3226 3414 3296 τὴν
3438 3222 3709 3292 ἀληθινὴν

2135 3325 2466 3393 ἀλλάξασθαι
2493 3324 2672 3390 δόξαν,
2705 3322 2850 3393 ὑπὲρ
2881 3314 2954 3374 ὧν
2983 3322 3010 3374 6
3048 3317 3158 3372 τῶν
3179 3316 3424 3388 οὐρανῶν
3454 3313 3714 3385 τεχνίτης

2138 3419 2429 3476 δνεδύσατο
2457 3419 2588 3487 γῆν,
2621 3418 2718 3470 καὶ
2747 3417 2775 3468 6
2810 3415 2911 3485 μὲν
2937 3414 3098 3484 φύσει
3125 3409 3402 3479 Δεσπότης
3430 3410 3486 3461 ὲν
3516 3405 3717 3459 δούλου

2141 3513 2349 3584 μορφῇ,
2373 3509 2403 3564 6
2425 3510 2481 3562 δὲ
2510 3508 2606 3578 τῆς
2641 3507 2797 3578 δόξης
2823 3504 3080 3576 βασιλεὺς
3105 3521 3124 3555 ι
3157 3500 3418 3571 ὑπέμεινε
3449 3497 3715 3568 σταυρὸν,

2141 3602 2403 3674 αῑσχύνης
2430 3600 2876 3670 καταφρονήσας.
2923 3614 2943 3649 ι

2214 3779 2526 3851 Πραότητος
2555 3777 2612 3832 δὲ
2641 3779 2737 3832 καὶ
2759 3775 2852 3830 τοῦ
2891 3772 3067 3844 θυμοῦ
3096 3771 3444 3844 κρατεϊν“κα“ί
3469 3768 3540 3839 μὴ
3574 3769 3722 3835 πρὶς

2145 3873 2271 3935 τοὺς
2309 3870 2689 3941 λελυπηκδτας
2751 3867 3008 3939 χαλεπῶς
3035 3865 3201 3936 ἔχειν,
3247 3862 3458 3917 πολλῶν
3515 3862 3721 3925 ὄντων,

2144 3967 2211 4019 δι’
2239 3962 2314 4019 ῶν
2340 3965 2438 4035 τὴν
2473 3963 2646 4033 ἀληθῆ
2706 3959 3025 4030 φιλοσοφίαν
3057 3961 3085 4012 6
3131 3957 3321 4027 Σωτὴρ
3388 3955 3722 4026 εἰσήνεγκεν
3751 4009 3762 4025 ⁸

2146 4060 2224 4121 είς
2259 4057 2349 4110 τὸν
2377 4056 2604 4125 κόσμον,
2654 4053 2724 4107 τὰ
2762 4052 2990 4106 πλεῖστα
3045 4051 3267 4103 πάντων
3330 4047 3423 4101 καὶ
3474 4046 3722 4114 μέγιστα

2147 4147 2504 4220 προστέθεικε
2554 4143 2972 4214 παραδείγματα
3006 4140 3101 4193 καὶ
3130 4133 3212 4202 οἷς
3240 4137 3462 4206 ἐποίησε
3498 4135 3592 4188 καὶ
3636 4127 3725 4186 ὧν

2146 4239 2679 4314 ἠνέσχετοξπάσχων.
2713 4235 2921 4290 Αὐτίκα
2953 4233 3062 4304 γάρ
3090 4231 3232 4302 ὑπὲρ
3269 4231 3378 4283 τῶν
3414 4228 3730 4297 λελυπηκό-

2149 4352 2257 4387 των
2306 4334 2538 4402 αἵματος
2591 4329 2855 4400 ἠνέσχετο
2902 4328 2998 4378 καὶ
3030 4334 3257 4394 σαρκος,
3326 4322 3422 4375 καὶ
3494 4320 3732 4380 τούτους

475 4425 616 4475 quos
646 4409 1116 4463 atrocissimorum
1144 4413 1410 4467 scelerum
1441 4430 1702 4471 accusare
1734 4430 1962 4487 poterat,
1991 4430 2033 4476 el

2147 4421 2279 4494 ἦλθε
2335 4423 2494 4475 λῦσαι
2551 4420 2755 4492 ζητῶν,
2786 4416 2868 4482 οἷς
2893 4417 2961 4470 τὰ
2989 4416 3274 4470 δεινότατα
3321 4414 3540 4467 πάντων
3573 4407 3732 4480 εἶχεν

475 4511 506 4549 a
552 4499 751 4567 quibus
794 4497 1054 4569 injuriose
1090 4509 1356 4559 tractatus
1399 4506 1595 4562 fuerat.
1654 4509 1844 4566 Postea
1882 4515 2046 4568 mira-

472 4591 638 4650 culis,
666 4590 868 4658 quibus
900 4592 1148 4650 homines
1183 4606 1391 4653 naturas
1438 4599 1741 4670 integritati
1792 4607 2048 4660 restitue-

474 4680 586 4741 hat,
624 4697 931 4751 quanquam
955 4684 1149 4742 invidis
1175 4688 1591 4760 oblatrantibus,
1621 4710 1725 4750 non
1761 4697 1919 4751 desiit
1951 4699 2045 4752 lio-

475 4770 727 4828 ncfacere
759 4792 774 4828 :
804 4775 898 4829 sed
929 4791 1074 4840 cum,
1097 4781 1240 4849 quod
1267 4782 1544 4839 daemonas
1589 4787 1843 4856 ejiciebat
1875 4805 1905 4842 e
1928 4805 2049 4843 cor-

477 4866 720 4932 pm'lblls,
765 4866 1087 4936 Beelzebub,
1155 4883 1207 4927 et
1237 4875 1489 4944 princeps
1556 4878 1952 4934 (hcinoniorutn
1995 4889 2050 4935 et

477 4956 989 5015 maledicentissima
1022 4966 1268 5020 omnium
1296 4968 1528 5036 audiret,
1561 4971 1764 5041 ejicere
1787 4989 2042 5042 perseveo

479 5053 655 5116 rahat,
688 5060 740 5106 et
770 5069 936 5107 unum
969 5054 1038 5109 de
1059 5057 1339 5127 discipulis
1365 5074 1393 5112 a
1420 5075 1479 5114 se
1503 5061 1794 5116 alienatum
1839 5072 2046 5117 tantum

479 5141 672 5206 abfuit,
723 5153 782 5197 ut
801 5145 969 5200 choro
993 5147 1301 5216 expelleret,
1333 5160 1390 5204 ut
1418 5152 1578 5206 etiam
1605 5168 1712 5208 non
1745 5169 1906 5208 secus
1924 5171 2048 5209 curn

483 5250 551 5292 co
580 5246 909 5304 versaretur,
929 5254 1090 5306 quam
1125 5241 1329 5295 versari
1355 5241 1587 5296 amicum
1610 5260 1732 5298 cum
1761 5247 1937 5301 amico
1959 5262 2053 5314 par

483 5338 587 5384 est.
619 5330 824 5400 Captus
881 5348 1095 5402 quoque
1134 5349 1258 5388 cum
1293 5334 1560 5390 homicida
1610 5341 2056 5405 communicavit,

482 5429 535 5478 ct
555 5423 919 5477 secretissima
944 5424 1223 5492 proditori.
1249 5441 1449 5496 corpus
1465 5439 1519 5483 et
1537 5433 1855 5500 sanguinein
1878 5433 2055 5502 ipsum

484 5510 760 5580 prgehuit:
797 5522 850 5568 ct
895 5513 1110 5570 tandem
1168 5531 1225 5570 se
1255 5518 1745 5585 complectentluin,
1800 5523 2057 5576 osculan-

568 5689 612 5718 ³⁵⁸
646 5688 804 5744 llehr.
846 5709 940 5753 xu,
976 5694 1030 5748 ἓ.

2147 4515 2421 4584 ἐγκαλεῖν,
2456 4513 2553 4566 καὶ
2585 4511 2718 4581 παρ’
2743 4505 2818 4565 ὧν
2848 4509 3042 4562 ἔπειτα
3073 4510 3194 4568 ταῖς
3229 4507 3596 4574 εὐεργεσίαις,
3633 4496 3730 4566 αἷς

2147 4611 2248 4678 τὴν
2287 4606 2451 4675 φύσιν
2503 4602 2848 4674 ἑπηνώρθου,
2889 4600 2996 4653 τῶν
3031 4597 3323 4668 βασκάνων
3377 4594 3732 4663 ἐπιθεμένων

2147 4701 2247 4753 οῦκ
2285 4697 2484 4765 ἀνῆκεν
2509 4694 2821 4766 εὐεργετῶν
2852 4710 2865 4724 ·
2898 4691 3015 4744 ἀλλ’
3047 4691 3131 4744 ὅτι
3162 4691 3288 4752 τοὺς
3321 4687 3576 4755 δαίμονας
3605 4685 3731 4749 ἐξέ-

2150 4791 2313 4842 6αλλε
2367 4787 2477 4841 τῶν
2525 4783 2834 4856 ἀνθρώπων
2893 4781 3223 4846 Βεελζεσοὺλ
3286 4780 3381 4833 καὶ
3427 4779 3734 4848 δαιμονίων

2153 4885 2360 4953 ἄρχων,
2387 4879 2483 4934 καὶ
2513 4880 2579 4932 τὰ
2605 4877 2889 4931 δεινότατα
2922 4876 3140 4929 πάντων
3175 4871 3392 4927 ἀκούων
3417 4871 3573 4924 ούδὲν
3624 4864 3728 4941 ἦτ-

2155 4991 2246 5026 τον
2295 4972 2518 5042 ἧλαυνε,
2573 4971 2670 5023 καί
2710 4967 2820 5021 τῶν
2883 4965 3145 5036 μαθητῶν
3209 4965 3307 5016 ἒνα
3367 4963 3501 5032 πρὸς
3562 4964 3736 5016 αὐτὸν

2156 5064 2524 5133 διαφθαρέντα
2556 5058 2808 5114 τοσοῦτον
2840 5059 3081 5126 ἀπέσχεν
3115 5056 3372 5110 ὲκὸαλεῖν
3400 5055 3495 5108 τοῦ
3541 5054 3735 5123 χοροῦ,

2159 5151 2300 5211 ὥστε
2326 5155 2423 5210 καί
2465 5152 2648 5221 συνῆν,
2678 5150 2714 5204 ἃ
2745 5151 2986 5202 συνεῖναι
3021 5148 3197 5217 φίλοις
3241 5147 3408 5211 είκδς,
3445 5147 3547 5200 καὶ
3581 5146 3735 5200 ἁλῶν

2159 5248 2431 5303 ἐκοινώνει
2459 5243 2534 5313 τῷ
2559 5245 2814 5312 φονευτῇ,
2841 5242 2936 5292 καὶ
2951 5241 3060 5292 τῶν
3092 5239 3427 5309 ἀπορρήτων
3459 5236 3539 5306 τῷ
3589 5255 3732 5306 προσ

2155 5341 2305 5409 δὸτῃ,
2341 5339 2436 5390 καὶ
2464 5333 2573 5386 τῶν
2604 5333 2850 5402 αἱμάτων
2873 5329 3074 5388 αὐτῶν,
3131 5331 3226 5382 καὶ
3257 5328 3568 5380 τελευταῖον
3593 5344 3738 5395 παρ-

2157 5430 2280 5498 έσχε
2333 5425 2646 5496 περιϐαλεῖν
2705 5423 2796 5475 καὶ
2830 5421 3078 5488 φιλῆσαι,
3125 5420 3219 5472 καὶ
3265 5417 3335 5471 τὰ
3375 5417 3474 5486 μὲν
3511 5419 3734 5472 πάντων

2155 5518 2454 5577 καινότατα
2481 5515 2770 5585 ἐτολμᾶτο.
2813 5510 2988 5582 Ὑπὲρ
3018 5504 3092 5563 ὧν
3121 5508 3186 5564 εὖ
3217 5509 3543 5578 πεποίηκεν,
3592 5509 3730 5561 ἀπέ-
