3982 6208
519 328 625 388 (ΓΙ

1779 330 2090 391 NICOLAI
2131 328 2516 389 CABASIIJE

3632 333 3721 395 67:?

521 437 726 500 missis,
754 436 836 490 sic
863 451 987 490 eum
1029 438 1342 504 honoravit,
1371 447 1424 494 et
1475 455 1798 510 congressus
1848 454 2095 498 amanter

2199 443 2305 492 τῶν
2333 441 2507 494 ἄλλων
2538 440 2706 509 αύτῷ,
2763 441 2854 492 καὶ
2890 439 3072 509 ταύτῃ,
3088 441 3316 510 τιμήσας
3359 443 3384 496 ό
3421 443 3473 497 δὲ
3499 444 3583 498 καὶ
3616 465 3719 500 συν-

518 529 835 598 appellavit,
867 539 920 584 et
952 545 1081 583 num
1110 531 1177 584 ab
1201 546 1267 584 eo
1296 533 1437 599 plus,
1461 518 1622 602 quam
1650 534 1719 587 ab
1764 535 1888 589 aliis
1921 536 2111 605 dilige-

519 626 671 670 retur
704 623 1090 685 percunctatus
1129 625 1232 671 est.
1268 616 1514 688 Cumque
1556 619 1748 676 Petrus
1791 624 2104 692 respondis-

518 717 620 767 set,
655 721 713 760 se
747 707 990 775 diligere,
1021 707 1199 762 adhuc
1221 709 1383 763 'idem
1436 711 1762 784 interrogat:
1811 716 2108 784 auditoque

516 797 734 861 iterum,
771 814 791 847 ι
819 799 955 849 Amo
983 808 1034 852 te
1061 800 1127 864 °°,
1163 818 1181 850 ι
1215 800 1396 855 denuo
1415 804 1609 870 quaerit
1642 820 1708 858 an
1743 806 1813 859 ab
1843 805 1960 874 ipso
1987 807 2109 860 dili-

514 897 692 950 gatur.
724 888 901 953 Atque
929 898 986 942 ut
1009 890 1137 944 mihi
1168 893 1399 956 videtur,
1451 896 1792 963 quaesivisset
1839 899 2104 962 crebrius,

516 978 619 1057 nisi
657 979 850 1034 Petrus
878 982 1239 1037 contristatus
1266 988 1592 1052 respondere
1611 999 1938 1051 recusasset,
1961 990 2104 1058 quod

513 1063 560 1121 's
594 1070 686 1136 qui
724 1083 910 1125 nosset
940 1074 1144 1139 omnia,
1176 1076 1240 1127 ad
1264 1081 1700 1146 cognoscendum
1731 1096 1969 1133 amorem
2019 1080 2102 1132 sui

514 1160 680 1213 multa
719 1162 882 1215 verba
914 1163 1176 1230 exigeret.
1209 1164 1531 1232 Quanquam
1566 1169 1667 1222 ista
1706 1186 1802 1223 nec
1865 1171 2100 1224 amicum

515 1249 835 1315 ignorantis,
865 1264 962 1306 nec
993 1253 1335 1321 ignorantem
1370 1271 1426 1309 se
1458 1257 1711 1326 (ingentis
1759 1269 2103 1328 erant;quo-

513 1355 632 1392 rum
672 1342 899 1395 alterum
929 1341 1121 1398 fuisset
1145 1361 1350 1411 errare,
1386 1353 1614 1401 alterum
1649 1349 1923 1418 decipere,
1949 1351 2104 1406 ~neu-

515 1439 658 1481 trutn
693 1430 920 1486 sincera:
949 1435 1215 1490 veritatis.
1251 1436 1354 1491 Sed
1410 1440 1626 1492 volebat
1654 1439 1734 1493 sic
1786 1443 2096 1508 ostendere,

511 1537 571 1574 se
604 1522 819 1592 injuriae
871 1534 1092 1593 propter
1146 1530 1327 1595 priora
1385 1538 1541 1598 pacta
1569 1541 1878 1602 contempta
1937 1535 2096 1603 plane

513 1613 764 1679 oblitum,
801 1631 907 1669 non
937 1620 1082 1671 enim
1118 1619 1298 1675 denuo
1329 1635 1391 1676 ca
1419 1625 1745 1691 postulasset
1772 1643 1788 1681 :
1819 1627 1967 1696 quod
1998 1629 2097 1683 fuit

513 1721 752 1762 amorem
788 1709 840 1762 in
870 1708 1032 1787 Petro
1081 1715 1398 1780 accendere,
1431 1715 1524 1784 qui
1551 1716 1663 1785 jam
1699 1721 2091 1788 prapemodum

512 1799 984 1866 exstinguebatur.
1019 1801 1166 1857 Talia
1195 1805 1339 1859 enim
1395 1807 1661 1863 sciscitari
1686 1820 1739 1863 et
1767 1812 1831 1864 ad
1862 1811 1986 1864 talia
2017 1828 2101 1866 re-

519 1889 839 1958 spondenda
879 1907 1197 1960 provocare,
1240 1897 1304 1950 ad
1335 1899 1629 1954 amicitiam
1663 1901 1783 1970 plus
1840 1903 2099 1960 omnibus

513 1979 679 2046 valet,
708 1991 762 2035 et
790 1998 972 2038 rerum
1005 1985 1071 2040 ad
1099 2002 1340 2044 amorem
1372 1991 1762 2060 pertinentium
1831 1997 2097 2051 memoria

512 2079 674 2140 atque
698 2063 880 2128 sermo
897 2088 1001 2129 non
1017 2078 1191 2132 solum
1214 2081 1510 2137 amicitiam
1529 2099 1749 2155 augere,
1778 2087 1872 2141 sed
1891 2098 1945 2142 et
1967 2103 2101 2141 non-

517 2163 646 2216 dum
680 2173 984 2221 exstantem
1017 2184 1280 2238 generare
1301 2175 1499 2243 potuit.
1529 2176 1708 2245 Atque
1728 2179 1840 2232 hac
1876 2178 2097 2248 quidem

511 2253 828 2325 hujusmodi
858 2270 1044 2316 sunto.

585 2429 837 2488 Salvator
861 2449 998 2506 ergo
1043 2436 1188 2491 hunc
1237 2438 1288 2493 in
1318 2439 1541 2496 modum
1596 2441 1647 2496 in
1679 2443 1942 2514 operibus
1970 2445 2096 2500 suis

514 2524 596 2576 ira
634 2527 847 2579 vacavit
889 2543 903 2580 :
959 2542 1068 2596 quo
1115 2530 1364 2594 docente,
1399 2541 1454 2584 et
1507 2533 1654 2603 leges
1703 2535 1927 2599 ferente,
1959 2537 2094 2605 quid

515 2615 708 2671 mitius
739 2632 802 2672 ac
830 2617 1045 2673 lenius?
1089 2621 1232 2674 Sane
1263 2632 1318 2676 et
1366 2639 1555 2693 preces
1593 2625 1762 2694 ipsas,
1793 2635 1845 2681 et
1877 2627 2091 2682 sacrifi-

514 2708 662 2762 cium
696 2725 802 2763 nou
860 2726 919 2765 se
959 2712 1334 2769 admissurum
1369 2717 1465 2780 ait,
1500 2719 1544 2771 si
1591 2733 1714 2771 cum
1766 2720 1845 2772 ira
1874 2729 1968 2772 aut
1999 2735 2091 2774 sa-

514 2798 847 2869 crificemus,
875 2811 970 2856 aut
999 2819 1307 2873 precemur,
1344 2817 1398 2861 ct
1423 2809 1804 2865 remissionem
1836 2823 2092 2880 peccato-

515 2904 662 2950 rum.
695 2907 987 2949 commune
1033 2897 1289 2952 omnibus
1333 2897 1562 2963 donum,
1607 2901 1751 2969 quod
1801 2915 1987 2956 secum
2027 2903 2093 2957 de

514 2984 658 3038 coelo
695 2987 1021 3054 apportavit,
1070 2996 1262 3046 mutuo
1289 2988 1657 3048 irascentibus
1684 3008 1964 3063 nunquam
1995 2997 2093 3050 da-

2213 531 2384 584 ελΟὼν
2441 532 2509 583 τὰ
2569 531 2759 598 φιλικὰ
2821 531 3070 599 διελέχθη
3141 535 3234 585 καὶ
3287 535 3592 588 πυνθάνεται
3647 539 3722 591 τὸν

2210 624 2410 676 ἑαυτοῦ
2447 624 2632 684 πόθον,
2682 626 2730 676 εί
2779 623 3040 694 μείζωνῆ
3084 629 3229 691 παρὰ
3279 627 3388 688 τοῖς
3432 627 3599 690 ἄλλοις
3634 631 3725 684 τῶν

2210 713 2443 784 ἑταίρων
2495 716 2642 767 ἐστὶν
2670 717 2726 766 ὲν
2765 713 2934 782 αὐτῷ.
2987 715 3097 766 Καὶ
3150 716 3243 768 τοῦ
3313 716 3508 784 Πέτρου
3566 720 3722 785 φιλεῖν

2210 809 2452 869 εἰπόντος
2483 807 2560 860 ἔτι
2591 809 2756 860 ταύτδ
2791 808 3139 871 πυνθάνεται,
3187 810 3278 862 καὶ
3296 810 3372 873 τὸ,
3410 830 3426 860 ‹
3452 811 3582 862 Φιλῶ
3613 829 3723 874 σε.»

2209 901 2371 954 πάλιν
2400 901 2666 964 ἀκούσας,
2687 901 2918 971 ἁνείρετ’
2949 896 3102 961 αὖθις
3125 902 3171 952 εί
3194 901 3415 965 φιλοῖτο,
3445 901 3534 952 καί
3564 903 3652 955 οὐκ
3675 903 3732 954 ἂν

2207 991 2531 1058 ἐμοὶδοκεῖν
2566 991 2786 1060 ἐρωτῶν
2818 991 2989 1060 ἀνῆκε
3050 990 3332 1052 πολλάκις,
3363 993 3410 1043 εἰ
3453 991 3522 1059 μὴ
3550 988 3728 1061 Πέτρος

2206 1081 2439 1132 ἀπεῖπεν
2503 1080 2770 1143 ἀνιαθεὶς,
2804 1083 2850 1132 εἰ
2881 1081 3018 1154 πρὸς
3063 1082 3124 1132 τὸ
3164 1081 3355 1147 μαθεῖν
3405 1082 3484 1134 ὅτι
3531 1082 3730 1148 φιλοῖτο,

2207 1170 2416 1223 πολλῶν
2455 1172 2628 1225 δέοιτο
2671 1172 2847 1239 λόγων
2903 1174 3083 1225 πάντα
3137 1172 3314 1236 εἰδώς.
3351 1172 3538 1225 Καίτοι
3579 1173 3729 1226 ταῦτα

2203 1257 2270 1333 ἦν
2313 1261 2435 1314 οὔτε
2487 1263 2575 1316 τὸν
2622 1264 2775 1333 φίλον
2799 1264 3126 1331 ἀγνοοῦντος
3170 1263 3295 1316 οὒτε
3346 1265 3433 1317 τὸν
3464 1265 3733 1332 ἀγνοοῦντα

2205 1355 2577 1423 πλαττομένου
2610 1397 2624 1418 ,
2682 1356 2743 1407 τὸ
2796 1357 2892 1424 μὲν
2951 1355 3064 1424 γὰρ’
3110 1351 3178 1426 ἦν
3235 1356 3555 1420 πλανᾶσθαι,
3609 1358 3661 1408 τδ
3698 1358 3736 1410 δ’

2201 1445 2456 1513 ἁπατᾷν,
2517 1438 2592 1498 ὧν
2668 1445 2948 1514 οὐδέτερον
3038 1445 3138 1514 τῆς
3225 1444 3548 1513 εἰλικρινοῦς
3628 1446 3738 1510 ἀλη-

2201 1536 2352 1599 θείας
2404 1554 2418 1568 ·
2481 1537 2619 1592 ἀλλὰ
2672 1537 2829 1590 τοῦτο
2886 1538 2985 1607 μὲν
3041 1539 3220 1592 ἐκεῖνο
3275 1537 3570 1598 δεικνύντος
3615 1553 3626 1567 ·
3671 1539 3733 1599 ὡς

2198 1631 2258 1683 οὺ
2293 1631 2644 1700 μνησικακῶν
2700 1632 2783 1702 εἴη
2837 1630 2946 1682 τῶν
3002 1628 3284 1700 προτέρων
3336 1629 3619 1695 ὁμολογιῶν
3655 1646 3742 1679 πε-

2200 1722 2552 1791 πατημένων,
2607 1721 2666 1774 ού
2720 1721 2829 1790 γὰρ
2875 1721 2942 1773 ἂν
2994 1721 3175 1791 ἐζήτει
3206 1723 3487 1790 δευτέρας·
3518 1720 3736 1772 τοῦτοδὲ

2201 1811 2264 1864 τὸ
2292 1810 2514 1880 φίλτρον
2535 1811 2871 1873 ἀνάπτοντος
2919 1811 2999 1878 τῷ
3050 1812 3246 1881 Πέτρῳ
3279 1811 3622 1865 κινδυνεῦσαν
3649 1811 3735 1880 ήδη

2202 1900 2500 1970 σϐεσθῆναι
2565 1905 2789 1972 μικροῦ.
2826 1902 2900 1955 Τὸ
2927 1902 3039 1973 γὰρ
3079 1904 3338 1966 τοιαύτας
3393 1903 3487 1972 μὲν
3541 1903 3734 1964 πεύσεις

2202 1991 2524 2061 προσάγειν,
2575 1993 2715 2062 πρὸς
2769 1993 3025 2058 τοιαύτας
3051 1995 3106 2047 δὲ
3142 1995 3490 2064 παρακαλεῖν
3532 1995 3733 2065 ἀποκρί-

2203 2101 2336 2148 σεις,
2371 2084 2511 2156 πρδς
2541 2087 2792 2156 ἑταιρίαν
2848 2087 3051 2150 παντὸς
3109 2087 3338 2141 δύναται
3397 2089 3606 2158 μᾶλλον,
3656 2087 3736 2141 καὶ

2203 2180 2393 2249 μνήμη
2427 2179 2536 2232 τῶν
2571 2179 2806 2250 φιλικῶν
2837 2181 2933 2235 καλ⁸
2982 2182 3044 2235 τὸ
3088 2183 3222 2254 περὶ
3255 2184 3464 2238 τούτων
3509 2201 3557 2265 τι
3581 2183 3734 2251 λέγειν

2197 2271 2298 2340 οὐχ
2323 2270 2446 2324 ὅσον
2476 2270 2650 2340 μείζω
2700 2271 3004 2343 πεποίηκεν
3056 2269 3254 2342 οὖσαν,
3312 2275 3448 2329 ἀλλὰ
3479 2276 3566 2330 καὶ
3595 2277 3737 2346 μήπω

2199 2362 2378 2431 φῦσαν
2409 2361 2642 2433 ἐδυνήθη
2679 2367 2879 2419 τεκεῖν.
2911 2360 3062 2418 Εἶεν.

2268 2451 2426 2506 Οὕτω
2449 2452 2550 2522 μὲν
2575 2447 2671 2506 οὖν
2706 2455 2733 2504 ὁ
2764 2452 2954 2523 Σωτὴρ
2986 2455 3076 2507 ἐπὶ
3110 2457 3220 2510 τῶν
3277 2457 3453 2527 ἔργων
3497 2457 3736 2511 ἐκϐάλλων

2198 2542 2447 2610 φαίνεται
2476 2542 2573 2613 τὴν
2601 2543 2775 2614 όργήν
2801 2558 2815 2571 ·
2845 2543 3158 2598 διδάσκοντι
3179 2546 3244 2598 δὲ
3269 2549 3364 2600 καὶ
3394 2546 3733 2616 νομοθετοῦντι

2197 2627 2286 2703 ἄρ’
2318 2633 2465 2686 ἔστιν
2497 2633 2525 2684 δ
2568 2635 2674 2703 πρὸ
2730 2636 2828 2703 τῆς
2888 2635 3197 2704 πραότητός
3271 2639 3417 2690 ἐστιν
3449 2638 3617 2707 αὐτῷς
3647 2637 3732 2688 Καὶ

2195 2724 2304 2790 γὰρ
2334 2724 2426 2775 καὶ
2483 2723 2793 2793 προσευχὴν
2825 2724 2996 2792 αὐτὴν
3032 2727 3124 2778 καὶ
3159 2725 3368 2779 θυσίαν
3399 2727 3470 2797 μὴ
3502 2727 3562 2780 ἂν
3598 2743 3736 2798 προσ-

2195 2815 2349 2866 έσθαι
2377 2814 2562 2885 φησῖν,
2615 2815 2682 2883 ἢν
2723 2814 2954 2884 ὀργίλως
2981 2816 3197 2887 ἔχοντες
3219 2819 3265 2888 ἢ
3293 2819 3506 2888 θύωμεν
3529 2821 3558 2890 ἦ
3595 2835 3738 2890 προσ-

2198 2903 2511 2975 εύχώμεθα,
2549 2907 2644 2959 καὶ
2688 2907 2884 2974 ἄφεσιν
2920 2909 3233 2978 ἁμαρτιῶν,
3289 2912 3350 2963 τὸ
3383 2913 3552 2965 κοινὸν
3597 2913 3737 2964 hac:

2193 2998 2366 3069 δῶρον
2398 2999 2448 3068 (ὃ
2481 3000 2729 3069 κομίζων
2759 2994 2895 3071 ἧκεν
2923 2999 2982 3064 tg
3026 3001 3317 3070 ούρανοῦ),
3340 3007 3452 3066 τοῖς
3479 3003 3608 3074 ὑπὲρ
3635 3004 3738 3055 ἑαυ-

515 3082 740 3138 turum;
773 3079 988 3132 tametsi
1018 3094 1235 3133 onmem
1272 3080 1503 3150 lapidem
1535 3098 1873 3150 moveamus,
1909 3097 1962 3142 et
1991 3087 2090 3141 llu-

2199 3091 2306 3144 τῶν
2333 3091 2705 3162 ὀργιζομένοις
2736 3090 2936 3146 οὔποτε
2959 3091 3176 3158 δώσειν,
3233 3094 3350 3147 κᾶν
3398 3095 3531 3166 ὑπὲρ
3578 3093 3736 3147 τούτου

517 3166 666 3222 mina
725 3169 989 3224 sudorum
1053 3171 1530 3244 lacrymarumque
1600 3175 1935 3243 fundamus,
1989 3181 2091 3235 ctsi

516 3259 698 3327 ipsum
745 3278 944 3331 corpus
979 3263 1159 3333 gladio
1194 3274 1248 3320 et
1292 3266 1402 3337 igni
1451 3267 1780 3336 objiciamus
1807 3271 1878 3325 ⁶¹.
1929 3270 2090 3327 Tanti

518 3353 648 3407 fecit
679 3353 766 3408 ille
800 3357 1307 3422 mansuetudinem;
1357 3367 1410 3413 et
1439 3361 1531 3428 qui
1565 3360 1682 3429 ejus
1716 3362 1880 3416 vitam
1920 3364 2094 3419 medi-

519 3453 726 3509 tantur,
757 3459 852 3500 eos
885 3445 958 3500 ita
995 3448 1181 3502 mitem
1231 3451 1476 3507 animum
1509 3469 1636 3523 erga
1686 3469 1784 3510 eos
1815 3471 1844 3508 a
1891 3457 2093 3526 quibus

515 3537 711 3592 olfensi
761 3550 912 3604 sunt,
961 3557 1151 3611 gerere
1184 3558 1400 3613 equum
1429 3556 1533 3601 est.
1572 3545 1726 3613 Quod
1758 3549 1920 3603 etiam
1952 3551 2094 3604 iudi-

515 3645 648 3684 cans
679 3649 694 3684 :
725 3631 782 3686 Si
835 3648 1010 3687 meam
1054 3637 1530 3692 mansuetudinem
1585 3641 1842 3708 nossetis,
1893 3643 2090 3710 inquit,

515 3723 677 3775 etiam
724 3739 820 3776 cor
847 3735 1089 3779 vestrum
1129 3739 1565 3784 mansucsceret.
1610 3749 1628 3782 ι
1674 3731 1876 3788 Discite
1908 3747 1943 3787 a'
1978 3749 2092 3800 me,

515 3815 611 3874 ait,
644 3815 771 3882 quia
804 3816 956 3872 mitis
984 3833 1129 3883 sum,
1159 3829 1212 3873 et
1237 3821 1460 3875 humilis
1491 3823 1677 3889 corde,
1711 3832 1767 3878 et
1797 3824 2093 3883 invenietis

516 3907 756 3976 requiem
787 3909 1076 3966 animabus
1107 3914 1302 3968 vestris
1327 3915 1395 3969 ⁶¹.
1431 3932 1451 3966 ι

585 4081 849 4138 Praeterea
883 4086 960 4140 sic
983 4086 1358 4143 meditationis
1383 4089 1450 4143 de
1475 4089 1694 4144 Christo
1723 4095 2093 4148 mansuetudo

517 4178 741 4230 materia
781 4178 891 4231 liet.
939 4177 1056 4231 Non
1093 4189 1269 4246 potest
1321 4181 1464 4232 enim
1513 4196 1684 4236 sacrze
1718 4200 1920 4240 mensae
1950 4187 2092 4242 desi-

518 4270 698 4335 derio,
747 4277 803 4323 et
858 4285 1044 4323 amore
1093 4287 1203 4326 non
1259 4273 1504 4337 incendi,
1535 4276 1712 4342 quiin
1769 4277 2090 4348 hujusmodi

517 4362 941 4428 cogitatiooibus
974 4363 1148 4433 [vitam
1197 4366 1474 4418 consumit
1507 4383 1521 4418 :
1557 4382 1720 4435 quam
1754 4384 1877 4424 cum
1926 4368 2089 4426 euili-

2195 3183 2372 3234 πάντα
2424 3183 2691 3252 ποιῶμεν,
2742 3182 2847 3236 κᾶν
2900 3185 3183 3251 ποταμοὺς
3232 3185 3484 3255 ἱδρώτων
3531 3184 3615 3236 καὶ
3656 3183 3735 3233 δα-

2197 3277 2382 3345 κρύων
2407 3276 2644 3343 χέωμεν,
2681 3274 2787 3327 κᾶν
2818 3274 2948 3326 αὐτὸ
2984 3274 3127 3342 ξίφει
3180 3276 3289 3329 κοιὶ
3325 3277 3456 3346 πυρὶ
3484 3273 3736 3345 προδῶμεν

2194 3365 2254 3415 τὸ
2285 3363 2462 3430 σῶμα.
2494 3361 2762 3415 Τοσούτου
2793 3364 2946 3425 τινὸς
2980 3363 3129 3431 ἄγων
3165 3365 3431 3432 φαίνεται
3463 3367 3731 3433 πραότητα,

2197 3454 2293 3507 καὶ
2318 3451 2492 3514 οὕτως
2521 3453 2820 3508 ἀκόλουθον
2867 3457 2991 3517 τοὺς
3020 3455 3087 3507 τὰ
3111 3455 3332 3510 ἐκείνου
3387 3457 3730 3526 λογιζομένους

2193 3545 2292 3612 τήν
2349 3543 2574 3614 καρδίαν
2624 3544 2762 3615 πρὸς
2794 3545 2922 3606 τοὺς
2973 3544 3247 3610 ἀνιῶντας
3297 3547 3505 3617 ἥμερον
3547 3540 3736 3615 {ﬁta/,6

2193 3635 2287 3690 καὶ
2307 3637 2543 3701 δεικνὺς,
2572 3637 2675 3689 “Av
2699 3637 2799 3706 ἐμὲ
2818 3637 3012 3705 γνῶτε,
3037 3637 3228 3706 φησὶν,
3259 3639 3409 3701 ὅπως
3433 3639 3736 3709 ἡμερότητος

2195 3728 2320 3797 ἔχω,
2348 3728 2441 3781 καὶ
2470 3729 2599 3797 ὑμῖν
2629 3729 2937 3799 κατασταίη
2980 3731 3011 3798 ή
3041 3730 3266 3797 καρδία.
3308 3749 3327 3783 ι
3366 3731 3579 3786 Μάθετε
3624 3728 3734 3796 γὰρ,

2194 3823 2380 3891 φησιν,
2413 3820 2508 3874 ἀπ’
2555 3820 2714 3889 ἐμοῦ,
2769 3821 2850 3873 ὅτι
2889 3821 3063 3890 πρᾶός
3126 3820 3250 3890 είμι
3281 3822 3376 3875 καὶ
3407 3821 3645 3882 ταπεινὸς
3679 3820 3733 3885 τῇ

2194 3915 2426 3984 καρδίᾳ,
2493 3914 2587 3967 καὶ
2666 3913 2934 3983 εὑρήσετε
3004 3911 3318 3966 ἀνάπαυσιν
3379 3917 3497 3978 ταῖς
3570 3911 3740 3981 ψυχαῖς

2195 4006 2372 4076 ὑμῶν.
2405 4026 2423 4058 ι

2267 4099 2388 4152 Ἔτι
2418 4099 2475 4153 δὲ
2507 4098 2599 4152 καὶ
2641 4098 2789 4153 τόνδε
2818 4099 2909 4153 τὸν
2935 4101 3136 4170 τρόπον
3175 4105 3278 4174 τῆς
3327 4101 3461 4172 περὶ
3507 4099 3594 4153 τοῦ
3623 4099 3740 4165 Χρι-

2195 4191 2321 4243 στοῦ
2362 4190 2593 4260 μελέτης
2628 4194 2659 4260 ή
2691 4193 2938 4262 πραότης
2965 4193 3163 4260 γένοιτ’
3194 4196 3262 4247 ὃν
3294 4196 3478 4266 ἔργον.
3513 4193 3614 4254 Τῆς
3651 4191 3736 4256 μὲν

2192 4284 2299 4350 γὰρ
2345 4284 2494 4351 ίερᾶς
2532 4283 2811 4354 τραπέζης
2860 4285 3070 4354 ἀνάγκη
3108 4285 3299 4339 λαϐεῖν
3353 4287 3529 4354 ἔρωτα
3570 4285 3658 4336 τὸν
3696 4281 3742 4330 ἐν

2194 4373 2405 4434 τούτοις
2431 4373 2610 4436 ζῶντα
2633 4376 2744 4437 τοῖς
2780 4374 3064 4444 λογισμοῖς
3086 4391 3100 4406 ⁸
3134 4377 3346 4444 ταύτης
3393 4378 3448 4430 δὲ
3496 4378 3592 4429 οὐκ
3640 4373 3742 4434 ἐξδν

516 4451 605 4503 imi.
637 4451 962 4520 injuriarum
1013 4456 1239 4509 memori
1284 4459 1601 4528 contingere
1644 4460 1798 4517 nefas
1836 4465 1930 4529 sit,
1957 4467 2093 4520 resi-

2199 4471 2482 4536 τυγχάνειν
2529 4468 2971 4538 μνησικακοῦντα
3002 4471 3138 4540 πρὸς
3165 4471 3352 4524 πᾶσαν
3384 4473 3571 4539 ὀργὴν.
3615 4460 3745 4524 οὗτος

516 4550 621 4594 stet
673 4542 788 4605 iraa,
822 4552 878 4598 et
915 4544 985 4598 ab
1012 4545 1140 4599 odio
1183 4563 1376 4617 puram
1426 4554 1666 4608 servabit
1699 4556 1963 4612 animam.
1991 4557 2092 4614 Hic

514 4632 659 4685 cnim
694 4636 924 4704 sanguis
951 4637 1016 4691 ad
1050 4641 1557 4698 reconciliationem
1593 4662 1621 4699 a
1659 4649 1929 4718 principio
1960 4650 2090 4704 effu-

516 4740 634 4800 sus,
684 4727 876 4782 merito
915 4731 1211 4787 iracundia:
1256 4735 1542 4807 furorique
1592 4742 1897 4797 servientes
1932 4759 2089 4798 aver-

517 4824 691 4868 satur.
729 4817 793 4870 Et
821 4834 1135 4889 quanquam
1169 4825 1233 4876 ad
1266 4826 1482 4882 Patrem
1521 4830 1778 4886 clamavit
1803 4849 1968 4902 super
1995 4834 2090 4887 in-

517 4902 925 4976 terfectoribus,
953 4913 1097 4966 sicut
1123 4913 1309 4970 Abelis
1344 4919 1570 4985 sanguis
1603 4938 1630 4974 a
1659 4922 1830 4977 Caino
1857 4923 2089 4990 effusus,

520 5007 627 5046 non
671 5004 852 5052 tamen
883 5002 1026 5066 apud
1062 5019 1184 5058 eum
1213 5007 1511 5064 sceleratos
1549 5014 1851 5077 accusavit,
1880 5030 1999 5078 nec,
2036 5026 2095 5070 ut

518 5085 636 5150 ille,
696 5089 762 5143 de
824 5089 990 5147 fratre
1020 5096 1314 5150 vindictam
1368 5103 1653 5167 poposcit;
1709 5105 1842 5170 quin
1902 5118 2091 5163 contra

521 5177 780 5246 absolvit,
829 5190 886 5237 et
920 5198 1014 5239 vos
1046 5186 1216 5241 occisi
1268 5188 1484 5243 veniam
1531 5191 1873 5247 occisorihus
1904 5197 2093 5251 conci-

523 5268 699 5326 liavit.

596 5361 738 5428 Quin
784 5367 946 5420 etiam
996 5369 1450 5426 excellentissime
1494 5373 1760 5441 justitiam
1821 5379 2097 5448 excolunt,

525 5457 618 5524 qui
672 5457 726 5510 in
780 5459 863 5512 Itis
912 5465 1469 5518 commentationibus
1532 5477 1663 5521 sunt
1712 5471 1916 5525 assidui
1967 5489 1980 5525 :
2029 5488 2095 5526 ex

526 5548 729 5616 quibus
779 5561 1002 5621 apparet
1037 5555 1224 5607 mundi
1280 5556 1569 5612 Dominum
1607 5561 1743 5616 adeo
1795 5563 2095 5620 honorasse

612 5731 655 5763 "
685 5740 842 5786 toan.
880 5748 986 5798 χχι,
1024 5732 1090 5788 15
1109 5750 1263 5805 seqq.

1341 5737 1380 5768 ⁶¹
1418 5739 1605 5796 Matth.
1639 5757 1689 5807 ν,
1743 5742 1833 5810 25,
1869 5741 1966 5809 Ἡ,
2005 5760 2162 5813 xvm,
2193 5745 2283 5811 21,
2328 5747 2413 5798 55.

2197 4560 2451 4628 στήσεται
2474 4560 2566 4611 καὶ
2590 4560 2780 4627 μίσους
2814 4561 3043 4631 τηρήσει
3071 4561 3326 4632 καθαρὰν
3343 4561 3442 4630 τὴν
3474 4560 3662 4627 ψυχήν.
3685 4552 3746 4605 Τδ

2196 4651 2304 4719 γὰρ
2335 4645 2473 4718 αἷμα
2498 4649 2658 4702 τοῦτο
2688 4653 2824 4720 πρὸς
2849 4652 3147 4725 διαλλαγὰς
3173 4655 3334 4722 χεθὲν
3368 4651 3427 4716 ἐξ
3467 4650 3631 4719 ἀρχῆς
3661 4644 3747 4697 οὐκ

2197 4741 2467 4811 ἀνάσχοιτ’
2497 4741 2560 4794 ἂν
2587 4742 2816 4804 δικαίως
2853 4743 2960 4796 τῶν
2990 4743 3126 4814 ὀργῇ
3154 4749 3249 4814 καὶ
3283 4743 3445 4812 θυμῷ
3489 4737 3746 4794 δουλευόν-

2198 4851 2308 4887 των
2327 4851 2340 4864 °
2365 4837 2413 4887 εἰ
2441 4834 2554 4904 ’γὰρ
2592 4837 2684 4888 καὶ
2709 4836 2896 4902 φωνὴν
2926 4837 3064 4905 πρὸς
3115 4838 3207 4890 τὸν
3240 4837 3459 4904 Πατέρα
3507 4831 3626 4898 περὶ
3654 4825 3747 4879 τῶν

2202 4927 2499 4994 μιαιφόνων
2522 4926 2726 4994 ἀφῆκε,
2746 4927 2999 4997 καθάπερ
3024 4927 3082 4980 τί.
3099 4927 3265 4980 ’Ἅϐελ
3289 4926 3431 4996 αἷμα
3459 4925 3623 4994 χεθὲν,
3644 4914 3743 4970 ἀλλ’

2199 5018 2297 5070 οὐκ
2314 5019 2590 5088 ἐγράψατο
2617 5019 2747 5088 παρ’
2767 5017 2916 5087 αύτῷ
2943 5021 3070 5081 τοὺς
3093 5019 3454 5087 ἠδικηκότας,
3482 5014 3592 5066 οὐδὲ
3615 5011 3746 5066 δίκας

2199 5110 2502 5182 ἀπῄτησεν,
2537 5111 2725 5180 ὥσπερ
2759 5112 2967 5174 ἐκεῖνος
2990 5111 3081 5163 τὸν
3103 5109 3354 5178 ἀδελφὸν,
3392 5109 3605 5174 καὶγὰρ
3632 5105 3744 5152 ἀπε-

2199 5201 2377 5268 λύετο,
2427 5202 2521 5254 καὶ
2552 5203 2582 5272 ή
2623 5203 2718 5254 τοῦ
2753 5203 3057 5272 σφαγέντος
3087 5202 3240 5272 φωνή
3300 5199 3624 5268 συγγνώμην
3649 5185 3744 5258 εἷλε

2197 5295 2310 5355 τοῖς
2338 5295 2622 5360 φοιθευταῖς
2633 5332 2646 5346 .

2271 5383 2392 5436 Ἔτι
2451 5384 2507 5434 δὲ
2549 5383 2640 5436 καὶ
2706 5383 3055 5454 δικαιοσύνης
3107 5383 3336 5454 ἐργάται
3400 5379 3740 5448 διαφερόντως

2200 5472 2457 5526 ἁπάντων
2485 5475 2532 5525 οἱ
2591 5478 2728 5543 μετὰ
2779 5474 2982 5528 τούτων
3012 5475 3209 5539 ζῶντες
3243 5474 3354 5526 τῶν
3377 5470 3662 5538 λογισμῶν,
3699 5466 3743 5514 ἐν

2206 5559 2286 5625 οἷς
2312 5566 2340 5617 δ
2377 5567 2469 5617 τοῦ
2505 5566 2708 5636 κόσμου
2748 5567 3028 5636 Δεσπότης
3075 5567 3216 5620 οὕτω
3262 5565 3510 5632 φαίνεται
3532 5563 3744 5629 τιμήσας

2493 5746 2534 5778 ⁸³
2580 5745 2762 5800 Matth.
2799 5762 2873 5811 in,
2909 5747 3000 5801 ‘29.
