3982 6208
242 312 349 373 6ἷ3

1267 315 1362 374 DE
1404 317 1576 376 νιΤΑ
1622 317 1701 377 ΙΝ
1743 316 2080 379 CllRlSTO
2140 321 2283 383 LIB.
2322 322 2421 384 Vl.

3348 331 3456 393 674

238 422 605 491 δικαιοσύνην,
654 421 791 475 ὥστε
828 425 965 492 μετά
1015 424 1122 476 τῶν
1178 426 1375 479 δούλων
1400 424 1465 496 ἦν
1499 429 1659 497 (μετὰ
1688 428 1794 480 τῶν

1907 428 2188 495 iusdtiam,
2228 442 2284 484 ut
2324 444 2638 489 versaretur
2684 449 2809 489 cum
2841 436 3033 500 servis,
3066 452 3187 492 cum
3233 438 3460 494 damna-

244 512 629 583 κατακρίτων),
693 516 827 581 μετὰ
872 516 981 566 τῶν
1044 520 1449 587 σφαττομένων,
1507 521 1642 589 μετά
1695 521 1800 573 τῶν

240 606 468 674 νεκρῶν,
506 606 590 657 ἵνα
628 608 761 657 πᾶσι
796 605 855 658 τὸ
894 607 1099 659 δίκαιον
1164 611 1345 677 ἀποδῷ
1372 628 1386 641 ⁸
1421 600 1513 663 καί
1567 612 1639 678 τῷ
1705 614 1802 682 μὲν

244 699 412 765 Πατρὶ
452 697 548 765 τὴν
598 697 757 760 δόξαν
817 702 907 749 καὶ
939 699 1038 768 τὴν
1083 700 1349 771 ὑπακοὴν,
1406 703 1471 771 ἣν
1522 704 1802 774 πόρρωθεν

242 790 519 859 προσῆκον
564 790 739 843 οὐδεὶς
774 792 1105 855 εἰσενεγκεῖν
1154 788 1287 859 εἶχε,
1336 793 1411 862 τῷ
1461 795 1705 863 τυράννῳ
1745 795 1801 846 δὲ

234 881 299 931 τὰ
330 881 503 948 δεσμὰ
537 884 629 932 καὶ
671 881 731 932 τὸ
776 883 1135 952 περιορᾶσθαι
1161 886 1271 949 ξκαὶ
1311 885 1409 952 τὴν
1442 887 1720 956 αἰσχύνην,
1758 881 1801 956 ᾧ

233 970 350 1021 λύει
412 969 509 1037 τὴν
560 969 740 1022 ἄδικον
798 972 974 1041 ἀρχὴν
1038 974 1128 1026 καὶ
1179 974 1329 1027 νόθον
1366 974 1645 1044 ἁψάμενον
1691 979 1801 1032 τῶν

234 1060 521 1129 ἡμετέρων
561 1063 786 1131 ἐξήλασε
840 1065 1016 1134 κρίσει
1080 1067 1432 1136 κατενεγκὼν
1471 1073 1562 1122 καὶ
1596 1070 1801 1125 δικαιοσ

239 1178 392 1246 σύνῃ.

309 1270 498 1322 Ἐλεον
525 1271 580 1323 δέ
614 1273 704 1323 καὶ
735 1273 795 1325 τὸ
819 1278 1095 1328 κοινωνεῖν
1137 1277 1327 1345 ὀδύνης
1356 1278 1580 1345 ἀλγοῦσι
1615 1284 1710 1333 καὶ
1733 1281 1803 1335 τὰ

243 1365 475 1433 δυσχερῆ
520 1369 630 1427 τοῖς
672 1367 849 1429 ἄλλοις
902 1370 1067 1422 αὐτοῦ
1110 1372 1350 1439 νομίζειν
1408 1374 1573 1438 κακὰ,
1615 1374 1797 1440 πόθεν,

254 1459 304 1507 εἰ
343 1459 605 1525 ἑτέρωθεν
638 1458 710 1526 μὴ
740 1459 940 1511 τούτων
976 1462 1041 1512 ἂν
1074 1479 1153 1522 τις
1184 1463 1336 1515 λάϐοι
1361 1464 1469 1516 τῶν
1507 1466 1799 1535 λογισμῶν,

230 1543 312 1609 οἷς
352 1550 497 1616 ἡμᾶς
558 1550 757 1611 αὐτοὺς
817 1552 1032 1619 ὁρῶμεν
1090 1554 1293 1622 ἥκιστα
1356 1557 1596 1619 δικαίους
1644 1559 1802 1620 ὄντας

233 1640 411 1703 ἐλέου,
468 1640 618 1709 παρά
664 1644 841 1693 πᾶσαν
902 1644 1229 1711 προσδοκίαν
1291 1647 1660 1714 ἐλεουμένους,
1705 1652 1803 1715 τὴν

231 1732 611 1799 αίχμαλωσίιιν
642 1734 880 1802 ἐκείνην,
929 1737 1026 1803 τὴν
1057 1737 1324 1801 δουλείαν,
1382 1740 1448 1791 τὰ
1474 1740 1669 1806 δεσμά,
1705 1744 1801 1809 τὴν

229 1820 325 1872 τοῦ
355 1821 761 1891 δουλωσαμένου
792 1826 1011 1891 μανῖαν·
1063 1830 1153 1879 καὶ
1201 1828 1273 1889 ὡς
1302 1830 1376 1897 τῷ
1411 1831 1509 1897 μὲν
1535 1832 1659 1899 ὅρος
1691 1832 1799 1884 τῶν

230 1914 311 1972 είς
342 1914 487 1981 ἡμᾶς
548 1914 730 1967 κακῶν
782 1917 955 1975 οὐδεὶς
990 1914 1089 1985 ἧν,
1148 1920 1260 1971 ἀλλ’
1289 1924 1373 1973 ἀεὶ
1420 1922 1799 1992 χαλετιωτέρου

234 2006 327 2054 καὶ
368 2003 610 2071 χείρονος
669 2007 1016 2076 ἐπειρώμεθα
1078 2010 1172 2061 τοῦ
1226 2014 1511 2079 τυράννου,
1560 2015 1690 2083 ἡμῖν
1744 2015 1801 2067 δὲ

235 2094 573 2161 πανταχόθεν
608 2097 893 2167 ἀμηχανία
931 2099 1023 2151 καὶ
1048 2101 1255 2170 ἐρημία
1309 2102 1398 2155 τοῦ
1432 2103 1615 2156 δοῦναι
1642 2106 1802 2173 χεῖρά.

231 2202 356 2236 τινα
408 2186 732 2255 δυναμένου·
783 2191 877 2242 καὶ
936 2190 1012 2259 τῷ
1050 2192 1147 2261 μὲν
1186 2194 1418 2261 χρῆσθαι
1477 2198 1541 2262 τῇ
1603 2197 1797 2267 γνώμῃ

230 2281 357 2332 καθ’
392 2283 548 2351 ἡμῶν
578 2284 701 2353 ἐξῆν
744 2286 838 2338 καὶ
890 2288 1136 2355 ἠγόμεθα
1192 2288 1447 2359 καθάπερ
1502 2294 1799 2363 ἐωνημένῳ

232 2376 610 2442 πεπραμένοι,
652 2377 783 2445 ἡμῖν
819 2378 873 2429 δὲ
914 2380 1243 2449 παραμυθία
1300 2382 1409 2435 τῶν
1440 2384 1630 2436 δεινῶν
1679 2384 1801 2437 οὐδὲ

228 2464 525 2531 φάρμακον
550 2467 699 2519 οὐδὲν
723 2463 813 2537 ἦν,
863 2470 963 2523 οὐκ
988 2470 1219 2535 οἴκοθεν,
1270 2473 1367 2543 οὐχ
1399 2474 1695 2543 εέτέρωθεν,
1740 2476 1800 2528 οὐ

226 2555 338 2605 τῶν
368 2555 509 2625 ὑπὲρ
540 2558 709 2627 ἡμᾶς,
737 2561 799 2613 οῦ
828 2561 933 2613 τῶν
958 2564 1263 2631 ὁμοφύλων,
1292 2564 1405 2616 ἀλλ’
1436 2568 1629 2635 ἐπίσης
1664 2567 1804 2620 ἀπα-

230 2663 320 2698 σιν
349 2650 409 2698 ἐν
460 2648 633 2719 καιρῷ
683 2652 936 2719 γενέσθαι
990 2658 1057 2723 τῇ
1114 2656 1279 2723 φύσει
1330 2657 1442 2709 τῶν
1500 2657 1802 2727 ἀνθρώπων

230 2737 439 2807 ἄπορον
469 2736 555 2809 ἦν.
594 2741 699 2794 Καὶ
730 2744 781 2795 τί
822 2743 965 2811 λέγω
1025 2745 1338 2815 φάρμακον,
1396 2744 1476 2811 οἷς
1512 2749 1633 2801 οὐδὲ
1662 2767 1801 2818 μνη-

233 2829 437 2897 σθῆναι
468 2836 561 2883 τοῦ
591 2833 778 2901 ίατροῦ
839 2835 1098 2904 καθαρῶς
1134 2837 1263 2907 ἐξῆν
1324 2838 1447 2891 οὐδὲ
1496 2840 1754 2911 δεηθῆναι
1786 2843 1799 2895 ί

234 2916 397 2969 Οῦτω
445 2919 625 2972 τοίνυν
652 2922 853 2986 ἀθλίως
890 2923 1269 2994 διακειμένους
1300 2927 1363 2981 οὐ
1400 2928 1644 2999 πρέσϐυς
1683 2931 1803 2984 οὐδὲ

232 3007 495 3076 ἄγγελος,
534 3013 646 3064 ἀλλ’
679 3015 839 3077 αὐτὸς
870 3017 897 3067 ὁ
928 3016 1156 3087 Κύριος,
1185 3011 1229 3085 ᾧ
1263 3019 1619 3088 πολεμοῦντες
1637 3016 1799 3091 ἦμεν,

1909 520 1999 583 tis,
2044 537 2163 574 cum
2200 525 2417 591 occisis,
2455 542 2576 579 cum
2615 528 2863 591 mortuis,
2909 538 2965 580 ut
3019 530 3273 587 omnibus
3316 538 3463 601 quod

1905 614 2194 666 deberetur
2232 617 2493 671 redderet.
2551 621 2626 672 Ac
2660 619 2804 671 Patri
2858 620 3077 688 quidem
3136 623 3359 691 gloriam
3412 638 3466 680 ιιι

1905 710 2292 773 obedientiam,
2323 730 2441 782 quae
2498 716 2569 767 illi
2623 715 2823 783 pridem
2861 716 3109 780 debetur,
3155 719 3463 784 persolvere

1906 816 2066 852 nemo
2114 813 2343 871 poterat,
2394 820 2491 859 nec
2532 815 2759 875 tyranno
2804 806 3044 869 vincula,
3089 818 3461 876 contemptum

1903 902 1957 945 et
1987 893 2222 948 dedecus
2251 897 2339 948 cui
2388 898 2631 965 iniquum
2667 898 2870 951 ademit
2922 899 3229 966 imperium.
3257 912 3308 953 et
3336 916 3465 969 spn-

1908 985 2047 1037 rium
2097 985 2408 1039 invasorcm
2461 1004 2491 1041 a
2525 988 2681 1043 nobis
2708 989 2918 1057 judicio
2960 998 3012 1043 et
3037 990 3249 1059 justitia
3279 992 3465 1046 detur—

1904 1078 2089 1130 batum
2123 1078 2348 1146 expulit.

1974 1275 2408 1333 Misaricordiam
2440 1289 2621 1335 autem
2652 1291 2705 1335 et
2745 1284 3043 1337 dolentium
3076 1285 3256 1339 dolere
3288 1287 3459 1339 vicem

1902 1376 1956 1420 et
1981 1368 2158 1421 aliena
2209 1370 2347 1422 mala
2380 1385 2477 1424 sua
2514 1372 2731 1434 ducere,
2769 1374 3033 1425 undcnam
3065 1375 3265 1439 potius,
3300 1391 3461 1440 quam

1903 1473 1969 1511 ex
2007 1444 2379 1526 hujuscemodi
2415 1462 2841 1529 cogitatiOnibus
2886 1464 3154 1531 quispiam
3196 1465 3467 1531 adipisca-

1906 1558 2013 1611 tur,
2044 1550 2096 1602 in
2129 1552 2328 1619 quibus
2361 1554 2640 1607 cernimus
2671 1569 2771 1609 nos
2816 1554 2963 1621 ipsos
2998 1556 3220 1607 minime
3257 1558 3468 1607 iniseri-

1906 1640 2088 1694 cordia
2127 1642 2341 1709 dignos,
2383 1652 2575 1711 praeter
2615 1660 2829 1698 omnem
2864 1647 3326 1712 exspectationem
3366 1646 3467 1697 mi~

1835 1771 1874 1825 Β
1908 1732 2259 1785 scricordiam
2299 1744 2647 1796 consecutos,
2680 1744 2734 1787 et
2771 1736 3164 1802 captivitatem,
3205 1747 3257 1789 et
3294 1737 3466 1788 servi-

1904 1831 2071 1876 tutem
2109 1823 2278 1885 illam,
2310 1824 2525 1878 vincula
2560 1825 2667 1888 illa,
2714 1837 2765 1879 et
2797 1826 3039 1880 furorem
3073 1825 3211 1893 ejus,
3244 1826 3334 1894 qui
3369 1841 3467 1879 nos

1901 1915 2144 1981 captivos
2177 1916 2363 1969 duxit?
2390 1916 2454 1969 Et
2486 1917 2574 1970 ille
2611 1918 2829 1985 quidem
2864 1918 3129 1987 alIligendi
3165 1934 3264 1972 nos
3303 1916 3463 1971 ﬁnem

1902 2006 2105 2058 nullum
2164 2007 2417 2070 faciebat,
2450 2009 3037 2076 quem‘immitiorem,
3084 2018 3137 2063 et
3172 2009 3462 2063 immanio-

1902 2112 2038 2161 rem,
2089 2113 2301 2165 semper
2357 2100 2795 2167 esperiebamur.
2833 2098 2945 2155 Nos
2994 2112 3175 2153 autem
3229 2100 3464 2169 nudique

1901 2185 2133 2239 consilio
2163 2189 2481 2254 egebamus,
2510 2190 2714 2257 quique
2742 2205 2962 2242 manum
2996 2190 3153 2243 nobis
3185 2192 3315 2245 dare
3339 2206 3462 2257 pus-

1900 2286 2002 2340 set,
2050 2277 2230 2331 nullus
2281 2282 2673 2347 reperiebatur.
2710 2283 2783 2335 Ac
2823 2282 2897 2335 illi
2926 2282 3140 2351 quidem
3170 2298 3291 2351 quae
3325 2283 3454 2336 vole-

1902 2366 1993 2419 bat
2027 2367 2077 2420 in
2110 2382 2211 2421 nos
2242 2368 2463 2433 licebat,
2492 2370 2636 2423 velut
2672 2378 2849 2438 empta
2891 2371 3159 2440 mancipia
3212 2374 3463 2442 raptaba-

1904 2472 2047 2521 mur,
2085 2458 2243 2512 nobis
2270 2467 2450 2514 autem
2486 2460 2752 2514 malorum
2806 2462 3012 2515 nullum
3054 2463 3335 2528 solatium,
3369 2480 3466 2518 nec

1904 2547 2203 2601 remedium
2236 2548 2318 2601 vel
2365 2563 2394 2601 a
2438 2550 2871 2618 nobismetipsis,
2907 2551 2989 2605 vel
3022 2552 3243 2607 aliunde
3273 2568 3461 2622 suppe-

1904 2638 2137 2701 ditabat,
2197 2654 2304 2693 non
2336 2639 2405 2694 ab
2455 2640 2521 2694 iis
2548 2642 2637 2710 qui
2685 2657 2850 2708 supra
2885 2658 3006 2708 nos,
3043 2659 3151 2697 non
3192 2659 3221 2696 a
3259 2654 3467 2698 natura:

1905 2731 2094 2792 sociis,
2153 2730 2247 2784 sed
2304 2731 2586 2799 aequaliter
2634 2733 2893 2787 omnibus
2950 2735 3229 2787 hominum
3281 2736 3467 2804 generi

1904 2819 2257 2875 commodare
2299 2820 2509 2876 difﬁcile
2540 2834 2677 2877 erat.
2711 2822 2776 2877 Et
2801 2824 2931 2894 quid
2960 2825 3085 2879 dico
3120 2826 3421 2882 remedium
3449 2869 3466 2891 ,

1906 2914 2106 2979 quibus
2148 2929 2244 2967 nec
2278 2914 2592 2970 meminisse
2626 2917 2822 2970 medici
2859 2932 3107 2985 prorsus,
3145 2934 3318 2989 neque
3343 2935 3467 2974 eum

1905 3018 2099 3072 rogare
2156 3004 2388 3059 licebat!
2424 3005 2480 3060 lu
2537 3006 2638 3061 hac
2668 3007 2885 3062 miseria
2933 3009 3329 3071 conﬂictantes,
3360 3027 3469 3065 non

231 3102 311 3161 εἰς
374 3098 436 3151 ὃν
487 3099 779 3170 ὑϐρίζομεν
826 3107 1297 3175 παρανομοῦντες,
1364 3109 1523 3173 αὐτὸς
1570 3110 1801 3178 ἠλέησεν

1908 3097 2138 3166 legatus,
2170 3112 2276 3152 non
2314 3098 2559 3163 nuntius,
2595 3099 2688 3153 sed
2717 3100 2831 3169 ipse
2865 3100 3145 3164 Dominus,
3174 3102 3263 3157 cui
3299 3104 3469 3159 rebel-

229 3186 415 3242 οἶκῖον
457 3191 595 3261 air/3r,
635 3194 731 3245 καὶ
755 3193 915 3262 λόγου
947 3197 1123 3265 μείζω
1180 3200 1272 3253 καὶ
1322 3201 1471 3270 παρά
1492 3203 1599 3254 πᾶν
1627 3200 1686 3255 τὸ
1708 3203 1800 3256 ἐπὶ

233 3281 442 3345 τούτοις
472 3286 637 3343 είκός.
668 3282 743 3353 Οὐ
793 3287 902 3357 γὰρ
953 3288 1219 3358 ἐϐουλήθη
1278 3289 1386 3344 τῶν
1432 3293 1617 3345 κακῶν
1666 3295 1797 3362 ἡμῖν

230 3373 324 3444 τὴν
354 3374 681 3445 ἀπαλλαγὴν
714 3377 896 3445 μόνον,
948 3378 1063 3431 οὐδ’
1108 3380 1306 3433 οἰκεῖον
1338 3383 1554 3452 ἐνόμισε
1605 3384 1666 3437 τὸ
1705 3385 1799 3438 ἄλο

234 3481 345 3529 γος,
374 3466 498 3516 ἀλλ’
526 3468 821 3536 ἐποιήσατο
845 3472 937 3522 καὶ
989 3472 1327 3542 μετέστησεν
1382 3476 1475 3543 ἀφ’
1500 3478 1657 3545 ἡμῶν
1718 3480 1798 3539 εἰς

236 3557 429 3608 ὲαυτδν
455 3556 552 3617 τὰς
582 3558 791 3622 ὀδύνας,
827 3558 1122 3630 δεξάμενος
1155 3564 1315 3625 αὐτὸς
1367 3564 1516 3617 ἐλέου
1568 3568 1801 3635 φανῆναι

238 3650 495 3712 πράττων
551 3650 736 3714 ἀξίως,
808 3652 873 3704 ἵν’
907 3654 1057 3722 ⁴ἡμᾶς
1118 3654 1420 3723 ἐργάσηται
1472 3656 1798 3725 μακαρίους.

236 3742 336 3792 Καὶ
370 3742 506 3809 γὰρ,
556 3760 573 3791 ι
604 3743 660 3793 ἐν
683 3746 801 3805 ταῖς
859 3744 1097 3814 ἡμέραις
1150 3747 1249 3814 τῆς
1297 3747 1499 3815 σαρκὸς
1554 3746 1739 3809 αὐτοῦ,
1774 3764 1792 3797 ο

241 3831 450 3894 Παῦλος
479 3827 630 3901 εἷπε,
666 3835 775 3886 τῶν
804 3836 1142 3905 ἐλεουμένων
1177 3837 1389 3899 πολλοῖς
1432 3836 1609 3901 ἔδοξεν
1638 3834 1798 3904 εἶναι,

240 3929 328 3976 καὶ
363 3926 569 3996 ἠλεήθη
625 3929 715 3979 τὸν
746 3929 927 3981 ἄδικον
984 3928 1210 3983 θάνατον
1246 3929 1626 3999 ἀποθνήσκων.
1668 3931 1797 3994 Καὶ,

246 4034 263 4064 ι
304 4018 632 4069 Ἐκὸπτοντο
662 4020 793 4088 γὰρ,
822 4020 977 4089 φησὶ,
1041 4021 1136 4072 καὶ
1192 4020 1451 4091 ἐθρήνουν
1489 4039 1507 4071 ι
1565 4019 1799 4089 ἐπάὑτῷ

238 4109 339 4175 τὴν
368 4109 458 4159 ἐπὶ
512 4108 738 4159 θάνατον
772 4110 1046 4180 ἀγομένῳ·
1092 4111 1185 4163 καὶ
1219 4111 1280 4162 οὐ
1335 4114 1445 4173 τοῖς
1476 4109 1562 4162 ἐπ’
1591 4111 1798 4163 ἐκείνου

244 4199 403 4265 μόνον
435 4202 529 4255 καὶ
560 4200 853 4270 θεωμένοις
868 4203 928 4253 τὸ
952 4204 1143 4263 πάθος,
1172 4204 1285 4255 ἀλλ’
1310 4204 1410 4273 ἤδη
1439 4206 1530 4255 καὶ
1573 4198 1805 4265 Ἠσαίας

242 4291 523 4361 πόρρωθεν
556 4291 710 4358 ἰδὼν,
747 4292 1012 4362 ἀδακρυτὶ
1064 4294 1162 4364 τὴν
1218 4295 1343 4348 θέαν
1387 4296 1485 4347 οὐκ
1548 4296 1796 4366 ἤνεγκεν,

242 4384 357 4433 ἀλλ’
382 4384 451 4443 ὡς
480 4386 569 4434 ἐπὶ
608 4382 792 4452 νεκρῷ
820 4385 1075 4453 μονῳδῶν
1106 4385 1258 4438 ἐλέου
1299 4385 1575 4453 γέμουσαν
1624 4389 1797 4455 ἀφῆκε

247 4476 446 4544 φωνήνο
486 4493 505 4523 ι
557 4474 788 4543 Εἶδομεν
815 4475 1004 4539 αὐτὸν,
1039 4477 1194 4544 φησὶ,
1225 4481 1318 4531 καὶ
1342 4481 1441 4530 οὐκ
1491 4476 1635 4546 εἶχεν
1666 4474 1801 4541 εἶδος

245 4565 365 4616 οὐδὲ
398 4566 609 4627 κάλλος,
640 4566 776 4617 ἀλλὰ
808 4566 867 4618 τὸ
897 4564 1033 4627 εἶδος
1068 4568 1234 4620 αὐτοῦ
1286 4570 1500 4638 ἄτιμον,
1556 4570 1804 4622 ἐκλεῖπον

249 4657 308 4704 τὸ
338 4650 466 4716 εἶδος
491 4655 655 4708 αὑτοῦ
714 4655 866 4725 παρὰ
926 4657 1051 4719 τοὺς
1109 4658 1257 4718 nio);
1307 4658 1414 4708 τῶν
1446 4658 1799 4731 ἀνθρώπων.)

254 4745 317 4796 Τί
346 4751 434 4817 τῆς
475 4748 822 4817 συμπαθείας
873 4748 1077 4817 ταύτης
1130 4748 1326 4815 γένοιτ’
1350 4750 1415 4803 ἂν
1453 4752 1585 4814 ἴσον,
1636 4754 1684 4803 εἰ
1730 4754 1804 4820 μὴ

253 4836 520 4905 λογισμοῖς
546 4841 639 4891 καὶ
665 4841 880 4907 θελήσει
912 4842 1158 4893 κοινωνεῖ
1187 4840 1278 4892 τοῦ
1308 4841 1508 4902 πάθους
1544 4844 1655 4903 τοῖς
1678 4843 1805 4893 δυσ-

262 4933 486 4999 τυχέσιν,
539 4934 655 4984 ἀλλ’
690 4935 870 4996 αὐτοῖς
924 4935 1234 5009 πράγμασι,
1280 4937 1372 4988 καὶ
1415 4935 1521 4987 οὐδ’
1560 4936 1806 5005 ἀνέχεται

268 5025 479 5093 μεσίτης
514 5023 655 5077 εἶναι
685 5026 791 5076 τῶν
820 5026 1113 5095 δυσχερῶν,
1137 5026 1251 5077 ἀλλ’
1285 5027 1362 5088 είς
1396 5027 1583 5077 ἑαυτὸν
1614 5029 1668 5078 τε»
1700 5028 1808 5078 πᾶν

272 5116 557 5185 ἀναιρεῖται
600 5121 691 5170 καὶ
734 5120 823 5169 τὸν
855 5121 1119 5186 ἡμέτερον
1156 5120 1381 5171 θάνατον
1431 5119 1761 5183 ἀποθνήσκει
1793 5135 1807 5180 ς

270 5191 471 5262 Τούτων
502 5212 606 5262 τῶν
634 5212 805 5277 λόγων
839 5211 915 5271 εἰς
954 5211 1038 5262 τὸν
1067 5212 1170 5262 τῶν
1217 5211 1504 5278 ὁμοφύλων
1553 5206 1731 5262 οἶκτον
1758 5209 1807 5259 τί

267 5299 328 5351 ἄν
360 5303 718 5355 ἐπισπάσαιτο
748 5302 948 5369 μᾶλλον
981 5318 997 5363 ;
1026 5303 1084 5353 Εἰ
1115 5304 1221 5369 γὰρ
1271 5302 1330 5352 τὸ
1358 5302 1667 5367 φθάσαντας
1700 5319 1806 5351 πα-

273 5388 371 5441 Θεῐν
391 5393 493 5443 τῶν
516 5392 792 5460 δυσχερῶν
818 5390 992 5442 ὁτιοῦν
1037 5390 1190 5452 ίλέως
1223 5388 1511 5458 ἐργάζεται
1541 5392 1651 5451 τοῖς
1683 5390 1809 5459 ἄρττ

276 5484 335 5530 τὰ
365 5484 448 5535 to:
476 5482 879 5535 κακοπαθοῦσιν
929 5483 1324 5549 οἰκειουμένους
1371 5484 1466 5543 τὰς
1499 5483 1805 5551 συμφοράς,

278 5569 323 5619 τί
356 5573 453 5623 τῶν
478 5573 664 5624 δεινῶν
692 5575 751 5624 ού
783 5574 1125 5641 πεπόνθαμεν
1149 5613 1164 5635 ,
1206 5573 1304 5623 οὐκ
1335 5573 1651 5624 ἀπόπτωσιν
1704 5590 1808 5624 πα-

344 5750 386 5781 “
420 5753 577 5809 llebr.
613 5770 666 5813 v,
702 5753 752 5805 7.
833 5756 876 5787 εδ
921 5753 1049 5807 Luc.
1087 5766 1241 5816 nni,
1275 5753 1365 5805 ‘27.

1446 5754 1489 5783 ⁸⁸
1528 5754 1628 5807 lsa.
1686 5768 1803 5819 Lm,
1844 5753 1900 5805 2.

1910 3189 2177 3253 labamus,
2212 3200 2266 3244 et
2300 3191 2353 3243 in
2389 3206 2550 3259 quem
2584 3190 2901 3260 frangendis
2930 3194 3172 3262 imperiis
3198 3196 3317 3262 ejus
3342 3210 3468 3249 con-

1907 3267 2182 3336 tumeliosi
2217 3297 2457 3349 eramus,
2483 3282 2597 3351 ipse
2634 3294 2715 3337 est
2749 3284 3063 3346 miseratus,
3094 3286 3468 3341 misericordia

1910 3374 2143 3436 insueta,
2194 3382 2247 3427 et
2305 3374 2486 3429 verbis
2542 3374 2930 3443 inexplicabili,
2986 3387 3041 3429 et
3090 3393 3254 3446 supra
3306 3394 3470 3448 quam

1908 3465 2283 3520 conveniebat.
2322 3466 2437 3519 Non
2488 3468 2633 3521 enim
2689 3475 2899 3521 tantum
2958 3467 3257 3523 libertatem
3313 3472 3472 3525 nobis

1908 3559 2132 3625 cupivit,
2180 3574 2356 3626 neque
2384 3558 2627 3613 dolorem
2666 3569 2913 3615 nostrum
2950 3577 3111 3616 suum
3162 3562 3339 3625 duxit,
3377 3571 3471 3618 sed

1907 3666 1937 3703 a
1972 3651 2128 3705 nobis
2162 3651 2215 3704 in
2267 3667 2326 3705 se
2357 3651 2575 3705 dolores
2608 3660 2826 3705 nostros
2859 3653 3052 3706 ascivit
3082 3661 3245 3722 atque
3290 3663 3471 3708 trans«

1910 3742 2052 3804 tulit,
2088 3752 2141 3795 et
2192 3742 2399 3810 placuit
2428 3741 2508 3796 eis
2541 3757 2663 3796 sors
2689 3742 3018 3807 miseranda,
3053 3754 3110 3796 ut
3154 3758 3253 3796 nos
3286 3744 3470 3798 beatos

1907 3832 2158 3888 ediceret.
2208 3831 2419 3885 Etenim
2468 3851 2487 3883 ι
2526 3834 2579 3885 in
2629 3831 2823 3886 diebus
2855 3834 3035 3886 carnis
3085 3834 3304 3899 suae”,
3343 3853 3361 3885 ι
3415 3844 3473 3888 ιιι

1908 3922 2112 3976 Paulus
2142 3921 2238 3984 ait,
2274 3923 2462 3976 multis
2508 3922 2656 3977 visus
2702 3931 2785 3975 est
2821 3923 3167 3977 miserabilis.
3206 3921 3269 3976 Et
3309 3925 3471 3979 mise-

1909 4016 2106 4070 rationi
2136 4030 2269 4069 sane
2309 4014 2411 4068 iuit
2446 4014 2630 4082 iniqua
2666 4025 2838 4069 morte
2867 4016 3150 4071 moriens:
3191 4034 3209 4066 ι
3244 4017 3469 4085 Plange-

1910 4109 2039 4163 bant
2066 4107 2233 4167 enim.
2266 4106 2463 4174 inquit,
2494 4114 2548 4159 et
2572 4106 3011 4160 lamentabantur
3037 4121 3155 4161 eum
3182 4107 3249 4169 “,
3287 4126 3304 4158 ι
3345 4122 3469 4161 cum

1909 4201 1976 4255 ad
2010 4209 2239 4253 mortem
2277 4201 2586 4252 duceretur.
2639 4196 2750 4251 Nec
2803 4199 2851 4251 id
2909 4198 2943 4250 ii
2997 4200 3195 4261 solum,
3224 4199 3315 4267 qui
3357 4208 3471 4253 tum

1910 4292 2185 4353 vivebant,
2234 4299 2289 4344 et
2342 4290 2680 4357 spectabant,
2720 4287 3001 4350 iecerunt;
3057 4287 3149 4342 sed
3201 4297 3255 4342 et
3282 4287 3471 4349 Isaias.

1911 4383 2079 4436 multo
2137 4390 2263 4435 ante
2322 4396 2443 4433 cum
2500 4378 2837 4449 prmvidisset
2900 4379 3025 4439 illud
3074 4381 3470 4448 spectaculum,

1914 4493 2017 4528 non
2049 4475 2369 4541 temperavit
2400 4472 2678 4541 lacrymis,
2715 4471 2807 4524 sed
2840 4480 3098 4538 tanquam
3135 4486 3295 4539 super
3335 4488 3475 4524 mor—

1916 4576 2007 4619 tuo
2042 4566 2367 4623 lamentans.
2395 4579 2577 4616 vocem
2614 4563 2975 4616 miSerabilem
3009 4563 3183 4616 emisit
3213 4580 3227 4618 :
3267 4582 3285 4613 ι
3330 4561 3471 4615 Vidi-

1919 4674 2039 4711 mus
2069 4671 2209 4719 eum,
2234 4655 2496 4723 inquit,ct
2528 4670 2629 4707 non
2665 4654 2896 4706 habebat
2928 4654 3477 4722 speciem,nequcd«--

1910 4766 2087 4805 corcm
2105 4766 2120 4814 ;
2136 4750 2226 4802 sed
2246 4748 2452 4813 Species
2470 4748 2585 4805 eius
2613 4747 2955 4803 inhonorata.
2976 4756 3027 4797 et
3045 4745 3323 4807 deﬁciens,
3344 4763 3477 4817 prae-

1914 4852 1992 4896 ter
2036 4842 2173 4892 filios
2204 4839 2480 4892 hominum
2511 4836 2613 4890 ⁸⁸.»
2637 4835 2775 4899 Quid
2820 4852 2938 4889 cum
2966 4839 3067 4890 bac
3101 4841 3475 4906 compassione

1911 4933 2146 4988 conferri
2180 4930 2389 5001 potest?
2412 4928 2686 4996 Siquidem
2720 4946 2825 4981 non
2855 4928 3178 4997 cngitatione
3200 4941 3254 4984 et
3286 4932 3475 4982 volun-

1919 5036 2026 5078 tate
2054 5024 2168 5078 sola
2214 5024 2535 5075 miserorum
2584 5022 2721 5073 mala
2775 5021 2960 5084 sentit,
2990 5021 3080 5074 sed
3118 5019 3275 5074 rebus
3320 5022 3471 5088 ipsis,

1920 5131 2020 5169 nec
2053 5114 2401 5168 molestorum
2439 5128 2560 5167 esse
2613 5113 2881 5179 particeps
2930 5115 3060 5167 satis
3094 5114 3269 5171 habet.
3294 5115 3385 5165 sed
3423 5114 3475 5162 in

1917 5224 1974 5261 se
2010 5207 2183 5273 ipsum
2224 5215 2390 5257 totum
2437 5204 2682 5271 suscipit,
2739 5212 3031 5271 nostraque
3084 5211 3254 5256 morte
3315 5204 3480 5255 mori-

1915 5296 2140 5353 tnr.llis
2169 5296 2472 5349 rationibus
2508 5296 2570 5346 ad
2608 5295 2944 5348 miserandos
2991 5295 3236 5348 homines
3286 5304 3476 5346 natura

1918 5390 2205 5443 nobiscum
2237 5388 2586 5455 coniunctos,
2621 5388 2745 5453 quid
2775 5387 2944 5453 magis
2986 5401 3081 5438 nos
3106 5385 3389 5452 impellat?
3420 5383 3475 5436 Si

1921 5482 2066 5534 enim
2106 5482 2255 5548 prius
2293 5494 2545 5547 asperum
2604 5478 2819 5546 quidvis
2876 5490 3188 5544 perpessum
3221 5490 3359 5536 csse,
3393 5490 3475 5527 reo

1920 5586 2048 5627 cens
2089 5574 2275 5626 eadem
2310 5570 2484 5638 passis
2515 5569 2787 5632 conciliat,
2822 5570 2946 5620 dum
2983 5568 3034 5617 in
3076 5566 3140 5618 iis
3169 5579 3297 5618 suas
3329 5567 3476 5619 cala-
