3982 6208
550 329 660 394 675

1809 325 2116 384 NICOLAI
2161 325 2246 385 CA
2258 323 2547 386 BASle-E

3664 338 3750 396 676

552 448 772 502 mitates
815 433 1264 514 recognoscent,
1324 441 1452 511 quid
1512 455 1617 494 non
1680 441 1826 509 passi
1888 441 2113 494 sumus‘!

2228 440 2409 509 τρίδος
2439 440 2540 508 τῆς
2573 439 2649 502 ὡς
2674 438 2890 508 ἀληθῶς
2919 439 3230 509 ἦμετέρας;
3263 442 3323 494 οὐ
3355 443 3551 510 πενίαν,
3595 451 3650 502 οὺ
3681 432 3750 504 νό.

550 538 743 594 Nonne
769 538 1118 592 amissionem
1146 535 1332 605 patria:
1363 547 1484 586 vere
1513 531 1747 586 vestrae?
1778 546 1960 586 nonne
1999 546 2134 601 pau-

552 629 854 701 pertatem?
901 643 1082 681 nonne
1110 624 1402 680 morbum?
1457 640 1633 678 nonne
1665 624 1985 678 servitutem
2041 623 2128 675 in-

551 718 966 790 dignissimam-1
1011 732 1192 772 nonne
1225 717 1494 771 insaniam
1527 715 1866 770 extremam?
1921 713 1987 768 Et
2041 713 2126 768 his

550 813 808 867 omnibus
848 830 866 862 ι
895 827 996 879 per
1023 812 1233 865 viscera
1265 809 1653 864 misericOrdize
1689 808 1779 863 Dei
1825 807 1993 860 nostri
2025 806 2074 838 “
2097 827 2116 858 ι
2145 838 2152 846 -

550 905 762 958 liberati
811 918 1021 958 sumus.
1076 902 1246 972 Igitur
1275 911 1328 954 et
1374 915 1474 954 nos
1509 900 1885 959 inisereamur.
1923 913 1968 952 ει
2001 898 2126 966 quis

549 1011 892 1066 quocunque
914 997 1110 1049 horum
1147 994 1615 1048 incommodorum
1651 990 1907 1060 iactatur.
1945 998 2000 1043 et
2023 989 2127 1042 mi-

548 1090 898 1146 scricordiam
955 1087 1235 1142 conservis
1300 1087 1684 1154 rependamus,
1745 1098 1908 1152 quam
1966 1083 2124 1136 nobis

547 1181 857 1233 communis
889 1178 1154 1231 Dominus
1190 1183 1319 1230 ante
1350 1175 1619 1242 praestitit.
1670 1173 1733 1227 Et
1764 1173 1867 1227 hoc
1899 1188 2129 1227 monens

553 1269 825 1333 Salvator,
862 1285 1053 1338 nempe
1085 1284 1214 1338 erga
1261 1270 1573 1337 proximum
1624 1275 1878 1335 oportere
1914 1279 2014 1318 nos
2047 1265 2130 1317 in-

547 1363 715 1414 (luere
744 1363 1218 1414 mansuetudinem
1246 1401 1258 1421 ,
1295 1373 1392 1428 pro
1425 1359 1674 1427 exemplo
1701 1359 1938 1410 divinant
1973 1355 2127 1409 beni-

545 1454 802 1522 gnitatem
843 1454 1156 1507 intuentes:
1196 1472 1213 1505 ι
1254 1453 1460 1516 Estote,
1496 1448 2112 1518 inquit,misericordes,

545 1551 688 1605 sicut
741 1560 792 1604 et
828 1550 984 1602 Pater
1017 1559 1188 1602 vester
1224 1547 1463 1602 cmlestis
1518 1547 1834 1601 misericors
1871 1544 2046 1600 est".
2091 1562 2109 1592 ι

614 1639 872 1694 idmnlare
909 1651 1088 1694 autem
1138 1655 1254 1704 cor,
1299 1639 1650 1711 animamque
1686 1639 1752 1692 ad
1787 1635 2116 1693 sanctitudi-

546 1750 666 1787 nem
720 1749 997 1796 exercere,
1031 1734 1188 1801 cujus
1242 1733 1616 1788 contentionis
1655 1742 1748 1785 aut
1799 1729 2115 1801 diligentias,

2236 547 2329 583 σον
2375 531 2456 597 (οὐ
2486 530 2585 599 τὴν
2607 529 3002 601 χαλεπωτάτην
3030 531 3318 600 δουλείαν),
3346 535 3404 586 οὐ
3437 536 3528 605 τὴν
3548 539 3752 608 ἐσχάτην

2232 620 2469 688 μανίαν;
2535 621 2630 672 καὶ
2671 620 2874 672 τούτων
2922 619 3310 691 ἀπηλλάξαμεν
3369 624 3573 677 πάντων
3632 645 3648 678 ι
3679 630 3753 682 διὰ

2234 706 2524 777 σπλάγχνα
2577 708 2763 769 ἐλέους
2818 709 2952 761 Θεοῦ
2981 709 3158 778 ἡμῶν.
3203 728 3221 763 ι
3273 711 3474 765 Οὐκοῦν
3511 716 3596 766 καὶ
3620 718 3758 786 ἡμεῖς

2221 798 2465 868 ἑλεοῐμεν
2495 798 2579 861 ἂν,
2609 800 2661 852 εἰ
2682 816 2762 860 τις
2784 798 2907 851 καθ’
2934 798 3111 852 ὁτιοῦν
3135 801 3337 853 τούτωμ
3357 804 3569 872 πράττει
3596 795 3765 872 κακῶς

2232 892 2450 944 καὶτὸν
2478 887 2658 944 οἶκτον
2720 893 3013 960 ἀποδοῖμεν
3073 895 3184 954 τοῖς
3245 894 3561 962 ὁμοδούλοις,
3612 892 3759 970 οὗπερ

2235 985 2412 1052 ἡμῖνὸ
2443 983 2632 1045 κοινὸς·
2659 984 2869 1054 ὑπῆρξε
2899 985 3196 1054 Δεσπότης.
3251 986 3359 1038 Καὶ
3387 985 3535 1039 τοῦτο
3565 989 3757 1058 δηλῶνὸ

2231 1076 2444 1146 Σωτὴρ,
2476 1075 2548 1137 ὡς
2610 1076 2716 1145 ἄρα
2763 1076 2844 1128 δεῖ
2874 1078 3008 1146 πρὸς
3053 1078 3179 1140 τοῦς
3235 1078 3532 1147 ὁμοφύλους
3572 1083 3757 1152 ἡμέρως

2226 1165 2373 1236 ἔχειν
2408 1167 2490 1228 εἰς
2535 1165 2887 1236 παράδειγμα
2923 1167 3021 1237 τὴν
3049 1168 3200 1220 Θείαν
3242 1170 3549 1238 ἀφορῶντας
3599 1174 3757 1239 φιλανο

2227 1261 2500 1330 Ορωπίαεν,
2524 1279 2544 1311 ι
2581 1257 2824 1324 Γίνεσθε,
2853 1264 3038 1330 φησὶν,
3064 1263 3432 1332 οἰκτίρμονες,
3469 1264 3636 1327 καθὼς
3678 1269 3753 1320 καὶ

2226 1355 2256 1406 ὀ
2277 1353 2466 1424 Πατὴρ
2495 1354 2649 1425 ὑμῶν
2680 1354 2980 1425 οἰκτίρμων
3007 1355 3144 1408 ἐστί.
3169 1372 3190 1406 ι

2296 1634 2373 1688 Τό
2412 1652 2474 1702 γε
2503 1633 2611 1705 μὴν
2667 1635 2906 1705 καθᾶραι
2939 1635 3168 1706 καρδίαν
3227 1637 3325 1690 καὶ
3352 1639 3482 1708 πρδς
3524 1639 3758 1709 avidam,”

2221 1727 2323 1795 τὴν
2351 1727 2534 1797 ψυχὴν
2559 1726 2823 1792 ἀσκῆσαι,
2849 1727 2998 1790 τίνος
3021 1728 3234 1796 ἀγῶνος
3260 1731 3292 1800 ἢ
3325 1731 3552 1796 σπουδῆς
3575 1733 3604 1801 ἢ
3626 1734 3759 1786 τίνων

542 1835 634 1877 aut
663 1841 895 1894 quorum
950 1826 1212 1879 sudorum
1252 1826 1451 1894 potius,
1487 1833 1583 1878 aut
1618 1823 2036 1892 cogi-talionum,
2067 1828 2113 1875 el

2231 1817 2474 1887 ἱδρώτων
2508 1818 2714 1888 μᾶλλον
2756 1819 2789 1889 ἢ
2837 1820 2945 1873 τῶν
2972 1821 3191 1873 ἐννοιῶν
3217 1821 3427 1875 τούτων
3452 1825 3538 1875 καὶ
3566 1827 3651 1892 τῆς
3679 1843 3758 1889 με·
3789 1835 3792 1840 ’

541 1918 916 1971 meditationis
949 1932 1088 1985 opus
1113 1930 1175 1970 ac
1205 1919 1430 1970 materia
1457 1915 1648 1970 fuerit?
1675 1915 1790 1970 lmo
1817 1917 1958 1984 quod
1990 1915 2116 1983 quis

538 2009 852 2063 accuratius
886 2024 997 2062 rem
1033 2007 1415 2074 considerans,
1443 2023 1548 2061 non
1575 2022 1714 2077 opus
1746 2007 2116 2062 meditationis

538 2103 609 2155 de
658 2101 900 2163 Christo,
955 2101 1049 2156 sed
1107 2101 1280 2169 ipsam
1332 2099 1454 2155 sine
1485 2099 1655 2154 dubio
1701 2099 2114 2152 meditationem

523 2189 766 2260 dixerit.
807 2190 1063 2247 Primum
1114 2193 1259 2244 enim
1317 2191 1370 2244 in
1423 2190 1644 2261 optimis
1690 2190 2116 2261 cogitationibus

537 2283 773 2347 versari,
818 2291 873 2337 et
925 2299 953 2336 a
1008 2283 1166 2338 malis
1212 2283 1639 2353 cogitationibus
1671 2283 1976 2347 discedere,
2012 2284 2116 2338 hoc

539 2386 720 2430 autem
769 2389 854 2429 est
878 2390 976 2428 cor
1021 2391 1218 2444 purum
1270 2390 1413 2430 esse.
1461 2373 1600 2431 Cum
1635 2375 1780 2430 enim
1813 2375 2013 2445 duplex
2045 2375 2117 2429 sit

539 2467 699 2522 nobis
727 2466 854 2532 vita,
885 2468 1283 2536 dupliciterque
1309 2482 1622 2541 nascantur,
1647 2483 1754 2521 una
1790 2465 2111 2535 Spiritualis,

543 2563 714 2614 altera
746 2569 1102 2626 corporea,et
1138 2559 1366 2629 spiritus
1399 2559 1451 2612 in
1489 2560 1574 2613 his
1606 2575 1726 2628 quze
1752 2559 2112 2627 concupisrit,

538 2650 803 2704 adversus
831 2665 1038 2719 corpus
1063 2659 1284 2718 pugnet,
1310 2663 1510 2717 corpus
1537 2648 1800 2703 adversus
1832 2649 2110 2716 spiritum,

541 2758 666 2795 cum
705 2745 979 2796 contraria
1034 2741 1210 2794 [rudus
1246 2742 1383 2794 inire
1419 2751 1472 2794 et
1507 2741 1824 2809 conspirare
1863 2741 2115 2810 impensi-

541 2835 650 2889 bile
697 2842 787 2896 st,
821 2833 1078 2887 omnibus
1120 2841 1204 2886 est
1238 2841 1509 2900 apertum,
1555 2842 1677 2885 utra
1717 2835 2111 2900 concupiscen-

541 2928 614 2980 tia
654 2942 749 2994 per
799 2926 1116 2979 memoriam
1170 2923 1538 2993 cegitationes
1592 2925 1913 2984 obtinuerit,
1953 2924 2020 2977 ab
2048 2939 2109 2978 ea

541 3017 764 3072 alteram
797 3016 1138 3086 proﬂigatum
1167 3014 1256 3068 iri.
1288 3013 1510 3078 Deinde,
1540 3016 1680 3068 sit-nt
1700 3016 1936 3069 carnalis
1965 3014 2107 3080 vitae,

540 3114 596 3160 et
621 3107 986 3175 generationis
1013 3104 1293 3166 memoria.
1329 3113 1382 3158 et
1411 3106 1697 3172 oorupatio
1732 3106 1898 3158 animi
1933 3104 1985 3158 in
2030 3115 2108 3158 ta-

541 3198 684 3252 libus
708 3195 1524 3266 perditissimamcupiditatem,
1542 3206 1595 3249 ct
1617 3195 1740 3249 imle
1758 3196 2110 3251 rxsistente'm

538 3289 1064 3345 contaminationem
1101 3287 1256 3342 aﬂert
1297 3306 1310 3340 :
1344 3288 1533 3341 eodem
1580 3287 1742 3342 modo
1791 3289 1991 3343 lavacri
2025 3305 2116 3359 ge-

541 3382 906 3445 nerationem,
935 3389 988 3433 et
1017 3387 1412 3448 congruentem
1450 3379 1628 3432 eidem
1676 3379 2012 3443 alimoniam,
2059 3389 2110 3433 et

535 3474 644 3527 alia
679 3471 842 3537 hujus
877 3484 1030 3525 novze
1056 3469 1180 3524 vitae
1205 3469 1427 3524 assidua
1459 3471 1722 3526 memoria
1761 3483 2110 3540 usurpantes,

536 3579 570 3614 ει
611 3572 754 3616 terra
805 3561 862 3616 In
913 3560 1092 3631 ipsum
1143 3563 1341 3616 cadum
1379 3561 1678 3616 transferre
1725 3562 1784 3615 lit
1825 3575 2115 3616 consenta-

538 3668 728 3708 neum.

2141 3151 2181 3202 C

611 3832 880 3898 Quoniam
918 3843 1095 3887 autem
1141 3853 1159 3885 ι
1195 3831 1450 3889 Christus
1483 3843 1568 3888 est
1622 3847 1723 3902 pax
1769 3844 1981 3896 nostra,
2017 3835 2108 3903 qui

542 3924 669 3980 fecit
701 3937 932 3995 utraque
965 3941 1155 3991 unum,
1182 3936 1235 3979 et
1286 3927 1522 3980 medium
1574 3927 1833 3991 parietem
1867 3929 2113 3981 maceria:

537 4017 725 4078 solvit,
783 4017 1101 4072 inimicitias
1168 4019 1219 4070 in
1283 4033 1447 4070 (νυ-ηιξ
1509 4031 1604 4070 sua
1639 4014 1705 4081 ⁸³,
1749 4036 1767 4066 ι
1816 4017 1908 4084 qui
1963 4018 2113 4084 paris

539 4125 706 4164 causa
764 4109 948 4163 omnia
1002 4109 1222 4163 molitus
1255 4119 1357 4171 est,
1393 4110 1520 4178 quid
1578 4123 1711 4177 pace
1768 4109 2112 4178 praestantius

545 4203 688 4270 apud
720 4216 834 4264 eos,
860 4201 1060 4268 quibus
1091 4202 1272 4255 stmlio
1297 4209 1381 4255 Cal
1410 4215 1498 4254 res
1535 4200 1654 4268 ejus
1683 4200 1865 4252 animo
1895 4201 2113 4253 volvere

537 4308 606 4347 ac
659 4291 980 4345 revolvere?
1047 4291 1181 4345 Nam
1243 4302 1298 4345 et
1357 4292 1456 4359 ipsi
1511 4290 1890 4354 sectabuntur,
1952 4289 2108 4344 Pauli

535 4385 719 4454 jussu,
756 4393 814 4436 ut
853 4382 996 4435 nihil
1022 4397 1194 4449 teque,
1223 4391 1277 4434 et
1307 4382 1360 4434 in
1394 4396 1456 4434 ea
1499 4381 1786 4435 recolenala
1816 4381 1939 4436 aliis
1976 4398 2111 4450 pra:-

2223 1911 2386 1980 λέτης
2420 1911 2622 1980 γένοιτ’
2645 1911 2712 1964 ἂν
2747 1913 2948 1981 ἔργονς
2997 1913 3026 1966 ὅ
3060 1930 3123 1980 γε
3159 1913 3273 1966 οὐδ’
3295 1914 3454 1983 ἔργον
3510 1918 3569 1968 ἄν
3597 1933 3668 1978 τις
3693 1917 3758 1969 εἴ·

2221 2017 2314 2054 ποι
2345 2005 2446 2072 τῆς
2478 2003 2608 2071 περὶ
2640 2003 2879 2072 Χριστοῦ
2909 2003 3164 2071 μελέτης,
3198 2003 3321 2058 ἀλλ’
3348 2005 3512 2076 αὐτὴν
3539 2005 3758 2077 ἄντικρυς

2220 2087 2494 2163 εἶναιτὴν
2525 2094 2780 2164 μελέτην,
2832 2095 3053 2149 σκοπῶν
3103 2096 3376 2168 ἀκριϐῶς.
3427 2099 3631 2169 Πρῶτον
3678 2101 3757 2168 μὲν

2220 2187 2330 2254 γὰρ
2367 2185 2429 2238 τὸ
2457 2188 2694 2238 συνεῖναι
2746 2186 2854 2239 τῶν
2909 2187 3190 2256 λογισμῶν
3239 2191 3356 2252 τοῖς
3394 2189 3621 2260 ἀρίστοις
3668 2189 3757 2244 τῶν

2220 2276 2440 2345 φαύλων
2465 2276 2615 2330 ιστὶν
2639 2279 2972 2344 ἀφεστάναν
3013 2277 3172 2332 τοῦτο
3195 2278 3261 2332 δέ
3286 2281 3400 2334 ἐστι
3441 2280 3534 2350 τὴν
3563 2281 3754 2349 καρδίαν

2219 2365 2463 2434 καθαρὸν
2494 2361 2655 2420 εἶναι.
2687 2366 2882 2434 Διττῆς
2905 2367 3015 2434 γὰρ
3048 2369 3180 2437 ἡμῖν
3211 2368 3318 2438 τῆς
3371 2369 3511 2440 ζωῆς
3553 2373 3637 2423 καὶ
3674 2371 3754 2439 τῆς

2217 2459 2523 2528 γεννήσεως
2548 2457 2736 2528 οὔσης,
2765 2460 2866 2528 τῆς
2898 2462 2997 2528 μὲν
3027 2464 3435 2533 πνευματικῆς,
3459 2464 3553 2531 τῆς
3581 2463 3628 2516 δὲ
3646 2481 3751 2534 σαρ-

2217 2549 2398 2619 κικῆς,
2433 2551 2525 2603 καὶ
2555 2550 2633 2621 τῷ
2670 2552 2768 2620 μὲν
2800 2551 3012 2620 σώματι
3034 2551 3126 2604 τοῦ
3158 2554 3478 2624 πνεύματος
3503 2551 3576 2619 οἷς
3601 2555 3751 2609 ἐπιθυ-

2221 2646 2313 2712 μεῖ
2340 2644 2729 2713 πολεμοῦντος,
2781 2643 2876 2696 τοῦ
2908 2647 3161 2714 σώματος
3191 2646 3258 2700 δὲ
3296 2651 3434 2703 κατὰ
3481 2650 3567 2702 τοῦ
3618 2648 3749 2701 τοκεύ-

2220 2752 2390 2803 ματος
2427 2737 2748 2806 ἱσταμένου,
2779 2739 3043 2792 τάναντία
3090 2740 3427 2794 σπείσασῢα.
3483 2745 3568 2794 καὶ
3600 2741 3748 2794 συνελι

2215 2827 2328 2878 θεῖν
2358 2829 2640 2898 ἀμήχανον
2670 2828 2752 2890 ὃν,
2786 2831 3030 2901 ὁποτέραν
3061 2832 3170 2883 τῶν
3191 2834 3504 2904 ἐπιθυμιῶν
3518 2837 3577 2904 τῇ
3599 2836 3751 2903 μνήμῃ

2215 2923 2483 2990 κρατήσει
2513 2921 2621 2974 τῶν
2672 2922 2972 2992 λογισμῶν,
3029 2924 3105 2986 ὡς
3161 2922 3398 2979 ὲκόαλεῖ
3438 2927 3530 2997 τὴν
3572 2927 3748 2995 ἑτέραν,

2215 3011 2382 3064 παντί
2420 3029 2521 3064 που
2546 3013 2730 3084 δῆλον.
2794 3016 3028 3069 Ἔπειτα
3062 3018 3330 3090 καθάπερ
3388 3020 3485 3089 τῆς
3527 3020 3750 3090 σαρκικῆς

2216 3103 2361 3174 ζωῆς
2386 3105 2606 3174 καὶτῆς
2654 3109 2965 3175 γεννήσεως
3022 3110 3056 3177 ἡ
3091 3113 3294 3183 μνήμη
3338 3113 3432 3167 καὶ
3482 3115 3537 3166 τὸ
3563 3111 3750 3165 τοιοῖσδε

2219 3194 2312 3247 τὸν
2339 3196 2461 3248 νοῦν
2491 3198 2780 3266 προσέχειν
2819 3199 2918 3269 τὴν
2954 3200 3172 3254 κάκιστ’
3195 3203 3582 3274 ἀπολουμένην
3599 3200 3752 3254 ἐπιϐυ-

2221 3285 2356 3352 μίαν
2387 3286 2481 3337 καὶ
2511 3288 2605 3339 τὸν
2649 3289 2864 3342 ἐκεῖθεν
2913 3291 3157 3360 ἐντίθησι
3189 3294 3489 3363 μολυσμὸν,
3537 3295 3620 3346 τὸν
3657 3293 3748 3344 ίσον

2215 3378 2420 3446 τρόπον
2450 3378 2547 3449 τὴν
2569 3381 2663 3433 τοῦ
2683 3380 2910 3450 λουτροῦ
2935 3383 3190 3452 γέννησιν
3234 3389 3329 3440 καὶ
3373 3388 3473 3459 τὴν
3515 3384 3743 3452 κατάλλη-

2215 3467 2309 3520 λον
2335 3471 2401 3538 τῇ
2433 3472 2688 3540 γεννήσει
2713 3473 2918 3544 τροφὴν
2953 3475 3046 3526 καὶ
3069 3475 3246 3531 τᾶλλα
3272 3478 3335 3548 δὴ
3364 3479 3430 3530 τὰ
3463 3479 3553 3548 τῆς
3587 3477 3745 3542 καινῆς

2216 3560 2366 3630 ζωῆς
2392 3564 2457 3632 τῇ
2483 3567 2706 3633 συνεχεῖ
2733 3569 2913 3638 μνήνῃ
2944 3568 3042 3637 τὴν
3071 3570 3259 3640 ψυχὴν
3284 3572 3630 3640 κατασχόντα.
3670 3568 3748 3630 τὴν

2217 3653 2514 3721 ἐπιθυμίαν
2544 3655 2690 3720 εἰκός
2711 3659 2863 3709 ἐστιν
2883 3661 2989 3712 ἀπὸ
3031 3662 3126 3729 τῆς
3161 3663 3270 3732 γῆς
3325 3663 3578 3716 ὲπάὺτὸν
3621 3662 3748 3727 ἄγειν

2215 3743 2308 3793 τὸν
2343 3743 2597 3810 οὐρανόν.

2298 3835 2451 3887 Ἐπεὶ
2473 3837 2529 3889 δὲ
2559 3837 2796 3904 Χριστός
2823 3840 2972 3893 ἐστιν
3011 3863 3026 3890 α
3059 3843 3091 3913 ή
3118 3844 3318 3915 εἰρήνη
3351 3847 3524 3917 ήμῶν,
3555 3849 3580 3899 ὁ
3611 3843 3744 3912 ποιή-

2216 3941 2314 3988 σας
2342 3927 2413 3979 τὰ
2465 3927 2758 3999 ἀμφότερα
2797 3929 2876 3995 ἓν,
2908 3933 3002 3986 καὶ
3031 3934 3090 3986 τὸ
3120 3939 3440 4009 μεσότοιχον
3489 3939 3576 3991 τοῦ
3603 3953 3750 4008 φραγ-

2217 4017 2320 4085 μοῦ
2363 4017 2554 4082 λύσας,
2582 4021 2686 4089 τὴν
2710 4021 2914 4094 ἔχθραν
2943 4025 3000 4076 ἐν
3019 4027 3082 4094 τῇ
3127 4031 3322 4097 σαρκὶ,
3367 4049 3385 4082 ι
3423 4025 3464 4098 ᾧ
3503 4031 3595 4098 τῆς
3620 4030 3745 4097 ιίρή·

2213 4125 2310 4182 νης
2333 4109 2499 4163 ἕνεκα
2521 4111 2587 4164 τὰ
2620 4111 2796 4165 πάντα
2848 4114 3142 4186 ἐπενοήθη,
3195 4119 3252 4172 τί
3307 4121 3413 4191 πρὸ
3438 4121 3531 4190 τῆς
3557 4121 3749 4190 εἰρήνης

2212 4201 2281 4253 ἂν
2307 4203 2394 4271 εἴη
2421 4204 2538 4264 τοῖς
2589 4204 2824 4274 μελέτην
2867 4207 3048 4280 ψυχῆς
3077 4212 3170 4263 καὶ
3194 4213 3295 4266 τοῦ
3333 4214 3564 4282 σπουδὴν
3585 4210 3746 4264 τάκεί-

2213 4309 2306 4344 νου
2332 4297 2722 4366 ποιησαμένοις
2744 4315 2760 4364 ;
2811 4299 2976 4352 Δὺτοί
3002 4317 3062 4353 τε
3088 4301 3196 4370 γὰρ
3227 4304 3482 4370 διώξουσι
3516 4304 3609 4372 τὴν
3626 4303 3749 4370 είρὴ-

2213 4402 2332 4454 νην,
2420 4387 2632 4442 κελεύει
2660 4389 2897 4456 Παῦλος,
2931 4391 3008 4455 ὡς
3047 4394 3202 4447 οὐδὲν
3229 4396 3379 4461 ἄλλο,
3426 4399 3515 4451 καὶ
3538 4399 3640 4457 τοῖς
3664 4393 3744 4446 ἄλ-

536 4474 718 4533 ibunt.
748 4482 804 4526 et
833 4470 1017 4526 odium
1050 4471 1247 4526 inutile
1286 4473 1581 4541 deponent,
1612 4471 1921 4541 frustraque
1947 4473 2104 4526 belli-

2217 4480 2323 4541 λοις
2358 4481 2657 4550 ἡγήσονται
2690 4481 2784 4535 τοῦ
2819 4482 3144 4551 πράγματος
3215 4487 3314 4538 καὶ
3363 4486 3577 4548 λύσουσι
3614 4486 3745 4554 μῖσος

536 4578 732 4630 gerere
757 4563 1030 4629 desinent,
1063 4563 1296 4618 scientes
1329 4578 1517 4632 pacem
1540 4566 1676 4618 adeo
1704 4565 2021 4633 pretiosam,
2044 4575 2105 4618 ut

543 4649 686 4728 Deus
722 4651 836 4720 ipse
860 4651 1031 4716 dives,
1071 4660 1125 4705 et
1153 4653 1398 4706 omnium
1429 4651 1708 4717 Dominus,
1744 4668 1866 4708 cum
1900 4655 1953 4708 in
1995 4664 2104 4709 ter-

544 4756 634 4795 ras
671 4742 905 4796 venisset
959 4752 1017 4796 ut
1047 4757 1166 4796 eam
1221 4742 1533 4799 hominibus
1587 4757 1946 4812 compararet,
2003 4762 2104 4802 nec

541 4830 810 4884 inveniret
844 4830 1141 4900 quidquam
1187 4833 1435 4903 dignum,
1476 4848 1636 4887 suum
1672 4834 1844 4904 ipsius
1875 4838 2100 4908 sangui-

537 4935 666 4974 nem
701 4921 855 4989 pretii
892 4921 1009 4974 loco
1041 4921 1388 4990 impenderit.
1415 4923 1552 4988 Quia
1582 4924 1726 4978 enim
1753 4924 1866 4994 jam
1899 4927 2102 4995 produ-

537 5021 778 5074 ctorum,
818 5020 872 5064 et
903 5013 1230 5065 exstantium
1265 5013 1400 5066 nihil
1435 5013 1649 5068 videbat
1677 5016 1917 5083 quaesitae
1959 5018 2102 5085 paci,

537 5113 597 5156 et
631 5103 1058 5155 rerunciliationi
1096 5102 1511 5164 cotiferendutn,
1550 5105 1710 5158 aliain
1747 5122 1940 5160 novam
1972 5123 2102 5161 con-

538 5195 680 5248 didit
723 5206 994 5255 naturain,
1026 5197 1344 5260 sanguinein
1393 5196 1599 5248 scilicet
1647 5196 1748 5249 sibi
1782 5213 1962 5257 suum,
1993 5211 2102 5264 quo

538 5287 673 5340 dato
727 5301 851 5339 mox
909 5285 1309 5350 ret-oariliator,
1343 5295 1393 5338 et
1454 5288 1708 5354 princeps
1770 5289 1920 5354 pacis
1980 5288 2099 5343 fuit.

544 5380 879 5452 Sanguinem
939 5380 1103 5447 igitur
1145 5381 1292 5432 illum
1349 5381 1659 5441 adorantes,
1710 5382 1838 5447 quid
1888 5383 2100 5436 tandem

537 5473 686 5528 aliud
738 5488 860 5526 cum
926 5472 1121 5526 virtute
1177 5481 1532 5539 conjunctum
1572 5479 1944 5526 consectantes
1991 5488 2100 5526 rem

539 5577 697 5616 suam
729 5578 786 5617 se
816 5562 1084 5628 putabant
1131 5576 1309 5630 agere,
1335 5576 1494 5627 quam
1549 5569 1607 5612 ut
1638 5561 2094 5617 reconciliationis

610 5739 657 5769 “
684 5739 814 5793 Luc.
850 5755 887 5803 t,
923 5739 1011 5792 78.
1089 5737 1130 5767 ⁵⁷
1161 5737 1296 5794 Luc.
1335 5752 1408 5801 γι,
1443 5737 1530 5793 56.
1608 5736 1651 5768 ⁸⁸
1684 5735 1880 5806 Eplies.
1914 5755 1974 5804 tt,
2004 5741 2088 5796 l4.

2210 4571 2471 4642 ἀνόνητον
2511 4575 2606 4627 καὶ
2647 4576 3104 4645 παύσουσινείκῆ
3137 4577 3532 4646 πολεμοῦντας,
3570 4577 3744 4635 ειδότες

2210 4662 2433 4732 εἰρήνην
2465 4663 2610 4716 οὕτω
2641 4665 2842 4734 τίμιον,
2879 4665 3020 4718 ὥστε
3047 4667 3138 4718 τὸν
3194 4669 3332 4722 θεὸν
3369 4669 3528 4722 αὐτὸν
3556 4668 3640 4720 ἐπὶ
3676 4662 3740 4733 τῷ

2211 4752 2418 4820 ταύτην
2444 4755 2755 4822 ἀνθρώποις
2779 4756 3100 4828 ὠνήσασθαι
3123 4759 3500 4813 καταλαϐόντα
3519 4758 3610 4829 τὴν
3634 4757 3742 4825 γῆν.

2210 4852 2303 4896 καὶ
2335 4845 2594 4899 πλούσιον
2626 4847 2754 4900 ὄντα
2804 4850 2900 4900 καὶ
2923 4850 3141 4903 πάντων
3165 4851 3373 4922 Κύριον
3397 4853 3560 4923 μηδὲν
3589 4851 3745 4918 εὑρεῖν

2210 4935 2359 4999 ἄξιον
2387 4935 2480 4989 τοῦ
2511 4940 2812 5007 χρήματος,
2841 4940 2956 4992 ἀλλ’
2996 4941 3128 4995 αὐτὸ
3155 4944 3218 4996 τὸ
3246 4939 3388 5014 αἷμα
3423 4942 3740 4998 καταϐαλεῖν.

2221 5027 2376 5079 Ἐπεὶ
2405 5029 2513 5098 γὰρ
2545 5028 2657 5080 τῶν
2687 5030 2786 5098 ἤδη
2837 5033 3254 5102 γεγεννημένων
3288 5038 3383 5088 καὶ
3409 5035 3571 5087 ὄντων
3611 5031 3743 5084 οὐδὲν

2207 5116 2356 5187 ἑώρα
2378 5119 2475 5186 τῆς
2502 5117 2840 5188 ζητουμένης
2875 5123 3098 5192 εἰρήνης
3161 5128 3258 5176 καὶ
3301 5126 3410 5178 τῶν
3443 5121 3736 5187 διαλλαγῶν.

2206 5208 2343 5276 ὅπερ
2357 5207 2423 5260 ἂν
2449 5209 2770 5278 ἀντίρροπον
2804 5206 2892 5280 ἦν,
2933 5213 3102 5282 ἄλλην
3133 5217 3328 5284 καινὴν
3365 5217 3541 5268 ἐκτιοε
3563 5211 3735 5273 κτίσιν,

2205 5285 2344 5358 αἷμα
2375 5292 2576 5359 ἐαυτῷ.
2642 5293 2737 5343 καὶ
2780 5293 2940 5347 τοῦτο
2982 5296 3103 5359 δοὺς
3132 5298 3460 5368 διαλλακτὴς
3508 5293 3572 5368 ἦν
3599 5293 3737 5352 εὐθὺς

2203 5383 2298 5433 καὶ
2331 5383 2511 5452 ἄρχων
2537 5383 2778 5451 εἰρήνης.
2805 5385 2870 5437 οι
2902 5387 3084 5439 τοίνυν
3113 5389 3173 5441 τὸ
3207 5383 3348 5458 αἷμα
3372 5393 3542 5441 ἐκεῖνο
3587 5399 3735 5454 προσ-

2203 5473 2515 5536 κυνοῦντες,
2546 5473 2598 5524 τί
2632 5473 2749 5527 ποτ’
2777 5474 2842 5526 ἂν
2877 5477 3178 5546 κατορθοῦν
3199 5478 3328 5531 ἄλλο
3376 5479 3650 5546 ζητοῦντες
3677 5470 3734 5523 τὰ

2205 5564 2416 5618 ἑαυτῶν
2443 5567 2744 5635 ἡγησονται
2777 5570 3037 5638 πράττειν
3072 5571 3102 5641 ἢ
3133 5569 3437 5638 διαλλαγῶν
3487 5569 3573 5622 καὶ
3601 5565 3730 5632 εερίΓ
