3920 6206
216 350 319 416 677

1313 356 1406 415 DE
1448 357 1620 419 VITA
1663 356 1737 416 IN
1777 357 2113 418 CIIRISTO
2147 358 2297 420 LIB.
2344 360 2444 420 VI.
3355 366 3465 427 C78

215 486 309 537 νης
333 465 638 536 ἀνθρώποις
680 468 832 532 ὄντες
886 473 1159 539 τεχνῖταις
1196 472 1255 523 El
1298 472 1353 525 δὲ
1399 476 1497 541 τὴν
1548 472 1767 525 καθόλου.

1886 482 1939 527 et
2004 475 2153 544 pacis
2207 474 2519 528 hominibus
2557 481 2806 527 auctores
2860 474 2991 529 sint.
3034 472 3188 542 Quod
3247 478 3291 529 si
3342 482 3462 532 uni-

212 559 584 629 δικαιοσύνην,
621 560 767 628 λέγω
792 561 891 630 τὴν
924 564 1151 633 ἀρετὴν,
1175 564 1365 634 ἡλίκον
1390 566 1539 618 ἐστὶν
1578 566 1784 633 ἀγαθὸν

210 652 307 704 καὶ
326 643 440 702 οἷον
467 652 604 719 αὐτῇ
639 651 863 705 σύνεστι
893 654 1113 718 κάλλος,
1147 656 1242 708 ἐπὶ
1290 657 1387 709 τοῦ
1424 659 1586 729 ἤθους
1622 659 1783 722 μόνου

208 744 480 812 πάρεστιν
511 744 644 797 ἰδεῖν
687 745 779 798 τοῦ
820 747 1091 815 Σωτῆρος,
1156 748 1251 801 ἆτε
1284 751 1445 817 μόνου
1474 750 1582 801 τῶν
1626 752 1783 802 ὲναν-

204 834 340 887 τίων
369 835 500 888 αὐτὸ
555 837 799 908 καθαρὸν
850 840 1135 902 παντελῶς
1187 840 1621 909 ἐπιδειξαμένου,
1661 842 1783 908 (καὶ

199 929 315 996 γὰρ
348 930 637 997 ἁμαρτίαν
667 931 765 982 οὐκ
793 933 1074 999 ἐποίησεν,
1106 932 1228 985 οὐδὲ
1259 934 1286 983 ὁ
1316 932 1411 985 τοῦ
1447 934 1655 1002 κόσμου
1676 934 1777 1002 ἀρ-

197 1040 315 1090 χων
342 1020 518 1073 ἐλθὼν
566 1015 747 1093 εὗρεν,
800 1017 869 1077 οὗ
922 1025 1111 1089 διῶξαι
1160 1025 1450 1093 δυνήσεται
1487 1025 1587 1093 τὴν
1630 1024 1784 1077 θείαν

192 1113 424 1177 ἐκείνην
452 1111 656 1180 ψυχὴν,
687 1113 798 1165 οὐδ’
824 1115 881 1165 ἐν
910 1106 954 1180 ᾧ
985 1114 1261 1182 μέμψαιτο
1308 1114 1406 1183 τὴν
1442 1112 1589 1184 ῶραν
1610 1152 1625 1175 ,
1682 1114 1779 1181 βα·

195 1204 429 1263 σκάνοις
458 1205 813 1271 περισκοπῶν
838 1204 1164 1273 ὀφθαλμοῖς)
1196 1205 1288 1257 τὸν
1314 1206 1412 1274 μὲν
1430 1207 1508 1261 είς
1536 1206 1627 1257 τὸν
1650 1205 1783 1273 Χρι-

187 1297 324 1344 στὸν
360 1295 453 1346 καὶ
504 1296 705 1365 ἀρετὴν
733 1296 913 1364 ἔρωτα
965 1296 1127 1366 δῆλον
1164 1296 1240 1360 ὡς
1293 1296 1447 1349 οὐδὲν
1496 1296 1628 1351 ἀλλο
1660 1312 1781 1349 ποι-

180 1385 398 1449 οῦντας
452 1388 948 1456 ἥμηχανωμένους
989 1388 1020 1455 ἢ
1067 1390 1134 1440 τὰ
1172 1388 1267 1441 τοῦ
1320 1389 1557 1458 Χριστοῦ
1617 1390 1778 1459 μελεο

176 1478 412 1537 τῶντας
439 1477 557 1529 ἔστι
588 1479 795 1531 λαϐεῖν.
838 1479 995 1531 Οῦτω
1023 1482 1129 1548 γάρ
1155 1481 1441 1549 περιέσται
1473 1483 1565 1532 καὶ
1598 1483 1658 1534 τὸ
1676 1483 1776 1550 τῆς

176 1570 398 1635 ἀρετῆς
423 1571 515 1620 καὶ
541 1570 601 1621 ea
626 1571 718 1622 τοῦ
746 1571 1000 1639 Σωτῆρος
1033 1572 1231 1634 κάλλος
1264 1572 1625 1641 καταμαθεῖν,
1680 1592 1779 1626 κα-

170 1660 503 1726 ταμαθοῦσι
578 1662 634 1713 δὲ
672 1663 766 1713 καὶ
819 1666 1015 1730 φιλεῖν,
1049 1663 1123 1726 ὡς
1178 1663 1352 1717 αἴτιον
1403 1663 1462 1715 ὃν
1496 1664 1774 1733 πανταχοῦ

174 1749 286 1800 τοῦ
330 1750 513 1817 φιλεῖν
552 1752 614 1803 τὸ
643 1753 1010 1822 καταμαθεῖν,
1045 1756 1165 1805 ἐπεὶ
1199 1757 1293 1807 καὶ
1317 1754 1415 1825 τὴν
1444 1754 1585 1807 Εὕαν
1622 1757 1649 1805 ό
1680 1754 1773 1807 τοῦ

178 1840 359 1902 ξύλου
409 1843 621 1909 καρπὸς
662 1846 755 1896 καὶ
806 1845 981 1898 ταῦτα
1015 1847 1391 1915 ἀπειρημένου
1442 1848 1632 1900 τοῦτον
1663 1842 1770 1899 εἷλε

174 1932 284 1984 τὸν
324 1934 550 2001 τρόπον·
619 1952 637 1984 ι
684 1936 1007 2005 Κατενόησε
1038 1940 1170 2006 γὰρ,
1229 1941 1415 2008 φησὶν,
1474 1939 1548 2003 ὡς
1574 1939 1773 2009 ὡραῖος

176 2014 255 2093 ἧν
279 2027 369 2086 αἱς
391 2024 603 2093 ὅρασιν,
635 2027 728 2079 καὶ
776 2027 941 2090 καλὸς
962 2029 1041 2091 είς
1074 2027 1299 2097 βρῶσιν.
1344 2049 1361 2080 ι

262 2286 487 2356 Ἔρωτα
516 2288 572 2340 δὲ
596 2289 832 2355 Χριστοῦ
864 2292 958 2343 καὶ
983 2292 1082 2361 τῆς
1108 2292 1310 2364 ἀρετῆς
1342 2294 1485 2348 οὕτω
1506 2296 1772 2363 λαϐόντας

188 2379 289 2431 καὶ
316 2380 577 2448 διωγμῶν
615 2381 756 2450 ὑπὲρ
787 2382 969 2434 αὐτῶν
998 2385 1146 2447 εἰκὸς
1180 2386 1511 2453 ἀνασχέσθαι
1549 2390 1641 2441 καὶ
1674 2407 1775 2459 φυ-

189 2473 312 2537 γεῖν
342 2472 561 2525 ἑλέσθαι
595 2473 794 2542 δεῆσαν
822 2476 915 2527 καὶ
947 2474 1015 2527 τὰ
1041 2476 1327 2529 δεινότατα
1360 2479 1576 2531 πάντων
1607 2481 1773 2534 ἀκοῦ-

196 2578 310 2626 σαι,
343 2564 440 2616 καὶ
466 2566 623 2617 τοῦτο
656 2566 966 2636 χαίροντας,
1002 2569 1077 2632 ὡς
1103 2570 1167 2638 δὴ
1201 2571 1479 2638 μεγίστων
1514 2574 1605 2626 καὶ
1639 2573 1772 2625 κα).-

195 2652 391 2706 λίστων
427 2656 615 2718 αὐτοῖς
655 2658 834 2726 γερῶν
875 2660 1255 2726 ἀποκειμένων
1298 2662 1356 2713 ιν
1394 2664 1661 2732 οὐρανοῖς.
1711 2666 1769 2718 Ὀ

197 2744 305 2815 γὰρ
332 2751 459 2815 περὶ
488 2750 582 2801 τὸν
610 2750 904 2819 ἀθλοθέτην
931 2751 1039 2805 τῶν
1060 2753 1479 2824 ἀγωνιζομένων
1508 2756 1647 2826 ἔρως
1677 2758 1772 2809 καὶ

194 2836 354 2890 τοῦτο
397 2839 647 2905 δύναται,
706 2842 801 2895 καὶ
859 2847 988 2912 περὶ
1037 2846 1146 2897 τῶν
1210 2847 1379 2916 μήπω
1428 2850 1769 2917 φαινομένων

190 2929 370 2982 ἄθλων
401 2935 549 2985 ποιεῖ
571 2936 850 2989 πιστεύειν
879 2938 1026 3007 αὐτῷ
1057 2941 1148 2991 καὶ
1183 2939 1405 3009 βεϐαίας
1440 2944 1518 3003 είς
1553 2943 1614 2993 τὸ
1644 2943 1771 3011 μέλ-

193 3022 282 3071 λον
311 3023 402 3073 ἐπὶ
438 3024 534 3076 τοῦ
584 3026 850 3095 παρόντος
900 3028 1047 3098 ἔχειν
1078 3030 1317 3095 ἐλπίδας.
1354 3032 1512 3085 Οὕτω
1542 3034 1609 3087 τά
1639 3035 1772 3104 Χρι-

194 3112 319 3165 στοῦ
346 3116 469 3177 τοὺς
497 3116 757 3171 ἑκάστοτε
778 3121 1159 3191 λογιζομένους
1183 3126 1277 3176 καὶ
1309 3124 1646 3196 μελετῶντας
1677 3128 1769 3179 καὶ
1795 3160 1840 3223 C

196 3208 451 3273 μετρῖους
478 3204 620 3261 εἶναι
654 3215 800 3263 ποιεί
830 3214 925 3266 καὶ
950 3214 1047 3281 τῆς
1074 3215 1424 3285 ἀνθρωπείας
1460 3217 1771 3284 ἐπιγνώμο-

193 3312 284 3357 νας
307 3298 621 3365 ἀσθενείας,
645 3300 785 3354 ὥστε
808 3303 1043 3368 πενθεῖν,
1072 3307 1166 3358 καὶ
1189 3308 1397 3377 πράους
1421 3309 1769 3363 ἀποδείκνυσι

191 3384 280 3433 καὶ
330 3385 576 3450 δικαίους
608 3391 702 3441 καὶ
752 3391 1167 3463 φιλανθρώπους
1212 3396 1307 3449 καὶ
1336 3398 1624 3469 σώςρονας
1674 3401 1770 3455 καὶ

188 3474 413 3546 εἰρήνης
474 3481 568 3531 καὶ
624 3481 927 3551 διαλλαγῶν
988 3486 1304 3557 ἀνθρώποις
1356 3491 1617 3560 ἐργάτας,
1674 3493 1770 3546 καὶ

188 3562 329 3617 οὕτω
362 3568 601 3636 Χριστοῦ
640 3573 733 3625 καὶ
761 3574 861 3644 τῆς
889 3576 1093 3648 ἀρετῆς
1125 3582 1555 3651 περιεχομένους
1574 3623 1590 3646 ,
1625 3584 1766 3637 ὥστε

190 3654 328 3748 adp
356 3660 539 3712 αὐτῶν
569 3665 670 3717 οὐκ
703 3667 999 3736 ἀνέχεσθαι
1032 3671 1219 3740 μόνον,
1252 3674 1391 3729 ἀλλά
1431 3678 1525 3729 καὶ
1553 3677 1767 3748 χαίρειν

188 3746 582 3821 ὑϐριζομένους
606 3757 700 3809 καὶ
727 3758 953 3829 ἥδεσθαι
974 3762 1363 3835 διωκομένους.
1400 3768 1511 3823 Καὶ
1542 3746 1677 3833 ὅλως
1696 3771 1766 3824 τά

190 3840 426 3909 μέγιστα
466 3847 576 3901 τῶν
616 3849 839 3918 ἀγαθῶν
876 3856 971 3907 καὶ
1010 3857 1135 3911 ὅθεν
1168 3861 1287 3913 ἐστὶ
1323 3878 1634 3932 μακαριους
1668 3881 1764 3933 γε-

190 3934 374 3987 νέσθαι
396 3976 412 3998 ,
445 3939 555 3991 τῶν
591 3941 813 3997 ἐννοιῶν
846 3946 1147 4002 ἀπολαύειν
1180 3949 1357 4015 ἔξεστι
1386 3956 1603 4007 τούτων
1669 3958 1763 4010 καὶ

190 4020 331 4075 οῦτω
360 4028 599 4097 τηρῆσαι
630 4030 732 4101 μὲν
759 4036 817 4086 ἐν
846 4035 924 4106 τῷ
948 4037 1142 4111 ἀγαθῷ
1166 4043 1267 4111 τὴν
1294 4045 1545 4116 γνώμην,
1574 4048 1675 4118 τὴν
1704 4048 1761 4101 δὲ

192 4121 517 4212 γιγνομένην
549 4122 701 4194 ῶραν
729 4129 899 4197 καλὴν
934 4132 1274 4200 ἐργάσασθαι
1306 4138 1406 4208 τὴν
1433 4140 1634 4212 ψυχὴν,
1668 4142 1761 4195 καὶ

190 4208 277 4257 τὸν
314 4211 421 4261 ἀπὸ
455 4213 563 4266 τῶν
615 4220 936 4287 μυστηρίων
985 4223 1218 4289 φυλάξαι
1262 4208 1647 4293 πλοῦτονίκαὶ
1669 4235 1761 4286 τὸν

194 4298 463 4367 βασιλικὸν
489 4307 566 4376 μὴ
598 4309 756 4379 ῥῆξαι
789 4314 926 4382 μηδὲ
955 4317 1191 4384 ῥυπᾶναι
1226 4320 1450 4388 χιτῶνα.
1478 4325 1577 4375 Διά
1601 4325 1759 4377 τοῦτο

196 4393 436 4485 καθάπερ
461 4400 525 4450 τὸ
564 4400 689 4453 νοῦν
725 4403 869 4471 ἔχειν
907 4406 1001 4459 καὶ
1035 4407 1180 4475 λόγῳ
1212 4412 1484 4482 χρῆσθαι.
1520 4417 1617 4485 τῆς
1651 4417 1758 4469 τῶν

1888 579 2099 617 versam
2165 566 2433 628 justitiam
2459 566 2783 627 ,.virtutem
2815 603 2833 628 ,
2889 567 3149 635 inquam,
3192 580 3456 638 quantum

1886 657 1958 709 sit
2013 658 2254 718 bonum,
2312 665 2365 708 et
2404 656 2581 723 qualis
2642 656 2762 723 ejus
2824 658 3192 724 pulchritudo,
3251 662 3301 714 in
3344 678 3460 715 mo-

1885 747 2039 800 ribus
2076 754 2131 800 et
2161 747 2271 799 vita
2325 745 2489 800 unius
2549 744 2849 807 Salvatoris
2903 758 2985 801 est
3039 748 3239 812 videre,
3278 760 3461 817 utpote

1886 839 1979 909 qui
2014 839 2164 893 solus
2213 838 2382 915 ipsam
2427 841 2831 892 contrariorum
2880 840 3174 908 puritatem
3219 841 3457 907 perfer-te

1887 938 2129 987 ostendit
2156 944 2378 991 (etenim
2414 940 2695 1000 peccatum
2726 948 2834 985 non
2863 926 3029 995 fecit;
3071 948 3168 986 nec
3205 933 3457 1001 princeps

1888 1022 2051 1091 hujus
2084 1025 2272 1077 mundi
2322 1024 2569 1088 veniens,
2614 1033 2666 1076 et
2712 1022 2959 1076 invidens
2999 1023 3186 1077 oculos
3225 1024 3460 1077 circum-

1888 1113 2072 1169 ferens
2104 1115 2337 1177 invenit,
2371 1110 2422 1167 in
2460 1131 2569 1184 quo
2602 1115 2837 1167 animam
2866 1114 3011 1167 illam
3049 1130 3304 1169 accusare
3335 1132 3460 1183 pos-

1885 1218 1988 1269 set,
2028 1222 2125 1260 nec
2173 1209 2227 1260 iu
2274 1222 2382 1275 quo
2417 1206 2539 1275 ejus
2587 1206 3049 1273 pulchritudinem
3091 1208 3455 1273 reprehende-

1884 1298 2017 1363 ret),
2059 1306 2267 1350 certum
2322 1307 2424 1361 est,
2450 1312 2688 1350 amorem
2721 1311 2847 1365 erga
2895 1297 3192 1362 Christum,
3228 1305 3281 1350 et
3329 1313 3459 1366 erga

1884 1388 2161 1451 virtutem,
2196 1388 2311 1455 ejus
2348 1389 2514 1441 vitam
2561 1387 2885 1440 meditantes
2918 1387 3233 1453 adepturos,
3264 1404 3458 1456 quam-

1882 1475 1964 1529 vis
2010 1476 2157 1529 aliud
2219 1478 2353 1529 nihil
2408 1478 2630 1539 faciant,
2668 1487 2762 1530 aut
2819 1478 3099 1545 incipiant.
3162 1478 3253 1531 Sic
3309 1482 3454 1532 enim

1882 1567 2100 1620 abunde
2147 1567 2332 1621 licebit
2365 1579 2415 1621 et
2451 1568 2685 1627 virtutis,
2723 1576 2776 1619 et
2811 1566 3115 1621 Salvatoris
3156 1569 3460 1627 pulchritu-

1884 1656 2065 1710 dinem
2104 1658 2427 1729 intelligere.
2459 1670 2513 1713 et
2552 1659 2877 1713 intellectam
2912 1674 3116 1723 amare,
3150 1660 3369 1728 quando
3401 1661 3457 1715 in

1883 1752 2030 1804 omni
2069 1767 2126 1805 re
2182 1753 2541 1820 intelligentia
2594 1754 2711 1806 sive
2763 1754 3006 1820 cognitio
3058 1769 3298 1806 amorem
3334 1770 3458 1822 pro-

1882 1860 2073 1898 creare
2106 1846 2391 1899 consuevit
2419 1863 2431 1898 :
2464 1845 2731 1914 siquidem
2772 1854 2825 1896 et
2864 1844 3028 1897 Eram
3067 1843 3275 1898 fruetus
3304 1846 3458 1915 ligni,

1881 1935 2044 2005 idque
2075 1935 2250 2000 vetiti,
2280 1936 2383 1989 hoc
2420 1936 2583 1989 modo
2622 1950 2835 2003 pessum
2876 1935 3043 1988 dedit.
3078 1954 3094 1985 ι
3126 1934 3186 1988 Et
3209 1936 3459 1989 animad-

1882 2030 2045 2082 vertit
2081 2030 2299 2096 mulier,
2329 2029 2528 2097 inquit,
2559 2028 2703 2099 (juod
2737 2029 2939 2081 bonum
2973 2038 3119 2083 esset
3150 2031 3355 2098 liguttm
3384 2032 3454 2085 ad

1881 2122 2239 2186 vescendum,
2272 2133 2323 2176 et
2377 2124 2661 2193 pulchrum
2716 2121 2912 2183 oculis,
2943 2131 3273 2193 aspectuque
3311 2123 3460 2177 dele-

1878 2214 2076 2268 ctabile
2103 2214 2169 2267 ”.
2205 2232 2223 2265 ι

1949 2304 2205 2358 Amorem
2260 2304 2463 2358 Christi
2516 2316 2571 2361 et
2620 2308 2837 2362 virtutis
2886 2312 2966 2361 sic
3000 2308 3248 2376 adeptos,
3288 2305 3452 2359 etiam

1879 2408 2286 2465 persecutiones
2328 2409 2553 2466 propter
2607 2399 2721 2454 lizec
2778 2402 3049 2456 sustinere
3095 2401 3366 2463 eonwnit.
3401 2408 3459 2455 et

1878 2502 2002 2542 cum
2065 2504 2152 2542 res
2207 2490 2520 2559 postularit,
2559 2490 2741 2558 fugam
2776 2510 2884 2546 non
2928 2508 3209 2557 recusare,
3243 2502 3297 2546 et
3328 2508 3458 2560 pro-

1880 2581 2201 2636 brosissima
2235 2600 2464 2653 quaeque
2498 2586 2707 2649 audire,
2759 2586 2922 2654 idque
2964 2602 3085 2640 eum
3122 2585 3325 2646 lauitia,
3363 2596 3455 2637 ut-

1877 2683 2002 2741 pote
2062 2674 2319 2728 maximis
2374 2675 2872 2745 pulcherrimisque
2912 2676 3147 2745 praemiis
3205 2675 3258 2727 iu
3311 2676 3453 2728 θαιῑο

1880 2765 2155 2833 repositis.
2208 2766 2376 2819 Amor
2405 2766 2549 2819 enim
2602 2768 2929 2839 certantium
2977 2782 3101 2834 erga
3140 2766 3450 2834 prz'esidem,

1881 2868 2463 2927 remuneratoremque
2494 2858 2817 2913 certaminis
2846 2859 3008 2912 etiam
3048 2861 3151 2912 hoc
3178 2868 3376 2928 potest,
3399 2868 3454 2912 et

1875 2949 1942 3003 de
1975 2951 2215 3018 pragmiis
2247 2949 2486 3003 nondum
2518 2950 2671 3013 visis,
2718 2951 2844 3003 facit
2871 2950 2919 3003 ei
2957 2950 3114 3003 ﬁdem
3150 2951 3373 3005 habere.
3398 2958 3453 3001 et

1877 3043 1984 3113 jam
2040 3056 2185 3095 nunc
2236 3041 2548 3096 futurorum
2611 3026 2769 3111 spem,
2822 3042 3053 3096 solidam
3103 3057 3310 3109 gerere.
3362 3040 3455 3095 Sic

1876 3132 2153 3187 Christum
2188 3146 2404 3202 semper
2425 3133 2748 3201 cogitantes,
2780 3130 3214 3198 meditantesque
3246 3138 3298 3181 et
3326 3142 3451 3180 mo-

1873 3223 2093 3276 deratos
2126 3222 2322 3286 reddit,
2356 3231 2409 3276 et
2455 3221 2711 3274 humana:
2751 3219 3085 3273 inﬁrmitatis
3130 3232 3352 3286 gnaros,
3391 3224 3452 3270 ut

1874 3314 2113 3382 lugeant,
2141 3315 2472 3385 eosdemque
2508 3325 2561 3366 et
2611 3315 2791 3375 mites,
2814 3324 2867 3367 et
2907 3312 3112 3382 justos,
3161 3323 3214 3365 et
3253 3311 3453 3364 huma-

1873 3421 1995 3468 nos,
2030 3414 2083 3460 et
2114 3405 2392 3461 modestos
2432 3407 2582 3467 facit.
2612 3415 2664 3459 et
2703 3404 2856 3475 pacis
2900 3403 3324 3471 concordia-que
3368 3405 3453 3457 in-

1874 3508 2157 3567 terpretes,
2182 3499 2428 3568 adeoque
2450 3498 2695 3561 Christo,
2715 3508 2769 3551 et
2796 3497 2997 3551 virtute
3024 3496 3445 3563 circumseptus.

1871 3600 1930 3642 ut
1957 3571 2055 3659 pro
2080 3590 2146 3644 iis
2179 3603 2284 3645 non
2311 3591 2485 3645 solum
2513 3589 2789 3657 patiantur
2814 3627 2831 3649 .
2865 3588 2957 3643 sed
2981 3588 3253 3658 gaudeant
3282 3589 3444 3640 etiam

1870 3681 2084 3749 injuriis
2131 3681 2374 3742 multari.
2431 3690 2484 3735 et
2546 3680 2596 3734 in
2641 3680 3120 3752 persecutionibus
3147 3681 3442 3734 exsultent.

1869 3773 1955 3838 Et,
1996 3784 2053 3827 ut
2090 3776 2403 3828 summatim
2436 3774 2639 3838 dicam,
2672 3774 2816 3827 bona
2856 3772 3215 3840 amplissima,
3241 3781 3295 3825 et
3324 3773 3447 3841 qui-

1868 3865 1968 3920 bus
2002 3866 2232 3919 beatitas
2279 3872 2515 3925 constat.
2546 3880 2611 3918 ex
2644 3863 3069 3933 cogitationibus
3106 3863 3223 3917 istis
3266 3862 3443 3930 perci-

1867 3973 1990 4026 pere
2023 3972 2347 4024 possumus;
2384 3966 2437 4011 et
2469 3955 2538 4010 ita
2581 3956 2632 4009 in
2664 3970 2729 4010 eo
2754 3956 2846 4024 qui
2883 3969 3099 4008 summe
3130 3954 3307 4007 bonus
3336 3963 3441 4015 est,

1866 4059 2100 4102 tuentem
2128 4048 2427 4112 custodire,
2455 4049 2672 4100 solitam
2704 4045 3168 4116 pulchritudinem
3199 4060 3443 4109 servare,

1864 4141 2101 4194 animam
2135 4140 2415 4194 meliorem
2445 4141 2690 4201 reddere.
2720 4148 3086 4208 acceptaSque
3113 4154 3141 4191 ιι
3169 4138 3447 4207 mysteriis

1864 4248 1995 4302 opes
2026 4233 2191 4297 tueri,
2220 4244 2271 4287 et
2325 4232 2558 4301 regalem
2608 4232 2846 4285 tunicam
2893 4245 2997 4283 nou
3030 4245 3305 4299 rumpere.
3339 4244 3445 4283 nec

1862 4325 2166 4381 sordidare.
2202 4323 2266 4377 Et
2299 4324 2509 4377 ideirco
2547 4323 3005 4392 quemadmodum
3044 4324 3239 4375 mentis
3288 4337 3441 4374 cmu-

1862 4426 2039 4488 potem
2096 4434 2237 4482 esse,
2291 4426 2344 4471 et
2393 4419 2604 4471 ratione
2640 4416 2738 4481 uti,
2773 4417 3270 4483 humanenatuea:
3314 4430 3442 4485 pro-

195 4480 489 4551 ἀνθρώπων
524 4487 737 4554 φύσεως
775 4493 905 4545 ίδιον
928 4533 944 4559 ,
974 4495 1119 4548 οὕτω
1152 4499 1221 4551 τά
1251 4480 1495 4569 Χριστοῦ
1531 4480 1759 4575 θεωρεῖν

1875 4511 2041 4580 prium
2074 4519 2190 4575 est;
2228 4510 2309 4564 sic
2350 4524 2439 4564 res
2471 4508 2675 4563 Christi
2718 4509 3106 4577 contemplari,
3134 4524 3271 4578 Optts
3315 4525 3438 4563 esse

194 4570 343 4665 ξργον
370 4572 645 4649 εἶναιχρὴ
674 4583 919 4649 νομίζειν
945 4586 1040 4639 τοῦ
1068 4587 1359 4659 λογισμοῦ,
1393 4594 1628 4662 μάλιστα
1643 4570 1757 4665 -μὲν

193 4663 266 4757 δτι
294 4669 353 4720 τὸ
388 4671 764 4742 παράδειγμα,
803 4677 942 4745 πρὸς
968 4678 995 4730 ὃ
1034 4678 1119 4732 δεῖ
1150 4681 1373 4750 βλέπειν
1410 4663 1751 4757 ἀνθρώπους,

194 4756 249 4807 ἄν
276 4761 332 4812 τὲ
363 4778 413 4814 τι
441 4763 537 4834 δέῃ
558 4766 820 4834 πράττειν
851 4770 936 4839 ἐφ’
961 4772 1173 4827 ἑαυτῶν
1204 4776 1424 4841 αὐτοὺς,
1462 4780 1527 4832 ἀν
1554 4796 1613 4832 τε
1641 4784 1754 4845 τοῖς

194 4848 361 4916 ἄλλοις
394 4855 503 4907 τῶν
546 4857 776 4912 δεόντων
812 4862 1088 4931 ἡγεῖσθαι,
1130 4867 1292 4935 μόνος
1330 4871 1480 4922 ἐστὶν
1526 4870 1750 4939 Ἰησοῦς,

192 4940 241 5003 ὃς
282 4944 373 4997 καὶ
408 4947 515 4999 τῶν
551 4948 695 5003 ἰδίων
742 4953 906 5006 ἕνεκα
945 4956 1039 5008 καὶ
1077 4958 1178 5026 τῆς
1230 4959 1506 5024 πολιτείας
1540 4963 1753 5032 πρῶτος

194 5032 276 5085 καὶ
304 5035 469 5103 μέσος
495 5041 587 5091 καὶ
610 5040 921 5107 τελευταῖος
939 5047 1038 5115 τὴν
1066 5047 1330 5119 ἀληθινὴν
1353 5050 1634 5118 ὑπέδειξεν
1660 5056 1753 5107 ἀν-

194 5121 419 5193 θρώποις
469 5130 840 5205 δικαιοσύνην.
893 5138 1123 5192 Ἔπειτα
1177 5144 1272 5194 καὶ
1322 5143 1493 5213 γέρας
1535 5145 1684 5198 ἐστὶν
1729 5148 1758 5197 ὁ

192 5217 341 5281 αὐτὸς
380 5222 475 5273 καὶ
519 5226 806 5293 στέφανος,
837 5229 895 5281 ὃν
946 5230 1027 5282 δεῖ
1063 5230 1248 5285 λαϐεῖν
1291 5235 1753 5306 ἀγωνισαμένους.

192 5310 390 5363 Οὐκοῦν
432 5316 513 5376 εἰς
562 5320 788 5394 ἐκεῖνον.
816 5323 949 5393 ὁρᾷν
992 5326 1198 5378 δεῖκαὶ
1238 5329 1489 5381 τάκείνου
1528 5334 1751 5384 σκοπεῖν

190 5404 446 5471 ἀκριϐῶς,
473 5411 567 5461 καὶ
584 5409 657 5474 ὡς
678 5411 1169 5487 ἐνεστιπειρᾶσθαι
1191 5423 1653 5491 καταμανθάνειν,
1684 5426 1750 5477 ἵν’

191 5495 408 5564 εἰδῶμεν
437 5500 512 5560 ὡς
554 5502 636 5555 δεῖ
665 5507 864 5559 πονεῖν.
908 5509 989 5561 Τὰ
1021 5511 1129 5581 γὰρ
1169 5506 1305 5565 ἆθλα
1335 5517 1446 5576 τοῖς
1490 5515 1752 5583 ἀθληταῖς

195 5594 375 5658 μετρεῖ
400 5595 523 5656 τοὺς
555 5597 800 5667 ἀγῶνας,
834 5602 1124 5656 καὶταῦτα
1152 5606 1596 5671 ἀποσκοποῦντες
1626 5611 1751 5673 τοὺς

254 5771 295 5803 ⁶⁹
325 5773 459 5827 Gen.
506 5791 591 5841 ιιι,
628 5777 682 5832 6.

1864 4603 2215 4673 cegitationis
2246 4602 2671 4656 existimandum
2697 4610 2799 4656 est.
2829 4600 3080 4665 Maxime,
3101 4605 3225 4671 quia
3254 4616 3411 4656 exem

1863 4695 2004 4766 plar,
2057 4693 2124 4747 ad
2170 4691 2316 4761 quod
2358 4692 2671 4745 hominibus
2707 4693 3109 4759 respiciendum
3167 4703 3267 4755 est,
3320 4696 3445 4749 sive

1864 4803 2001 4855 opus
2036 4794 2117 4839 est
2149 4799 2307 4852 agere
2334 4784 2537 4852 aliquid
2562 4783 2716 4852 ipsos
2747 4785 2800 4835 in
2831 4783 3049 4850 seipsis,
3074 4785 3187 4838 sive
3221 4786 3344 4840 aliis
3382 4790 3436 4841 in

1861 4878 2037 4934 oﬂicio
2095 4876 2473 4946 praeeuntium,
2528 4876 2676 4929 solus
2731 4886 2813 4929 est
2864 4874 3048 4939 Iesus,
3081 4877 3174 4946 qui
3225 4887 3280 4931 et
3330 4894 3436 4948 qua

1861 4972 2078 5041 propria
2131 4982 2339 5033 nostra,
2384 4980 2437 5022 et
2472 4984 2576 5037 qua
2614 4969 2667 5021 in
2725 4969 3125 5023 consuetudine
3154 4973 3433 5028 convicm-

1861 5080 1967 5135 que
2000 5063 2199 5133 posita.
2227 5061 2460 5129 primus,
2495 5060 2729 5122 medius.
2762 5063 3010 5124 ultimus,
3039 5078 3222 5118 veram
3260 5065 3441 5120 homi-

1860 5156 2022 5210 nibus
2056 5154 2325 5223 justitiam
2363 5152 2620 5206 ostendit.
2673 5151 2875 5207 Deinde
2905 5163 2956 5207 et
3004 5157 3286 5224 prtemium
3318 5160 3443 5226 ipse

1858 5259 1960 5311 est,
1999 5260 2053 5301 et
2090 5261 2293 5300 corona
2322 5256 2404 5299 est
2434 5246 2770 5299 certantibus
2797 5247 3091 5301 otii-renda.
3124 5248 3311 5316 Itaque
3344 5252 3440 5304 ille

1860 5351 1985 5393 ante
2013 5340 2204 5393 oculos
2240 5338 2546 5406 ponendus,
2577 5348 2629 5389 et
2660 5354 2780 5407 qua:
2821 5340 2963 5392 illius
3000 5351 3147 5403 sunt,
3178 5353 3439 5395 accurato

1860 5430 2262 5500 perpendenda,
2296 5440 2349 5482 et
2396 5439 2667 5497 quatenus
2702 5430 2845 5492 licet,
2889 5430 2950 5481 ad
3001 5445 3188 5483 eorum
3230 5433 3431 5484 intelli-

1861 5524 2098 5593 gentiam
2132 5520 2469 5585 etiitendum,
2498 5531 2554 5573 ut
2589 5522 2846 5585 sciamus,
2879 5523 3153 5588 quomodo
3182 5525 3437 5578 laborau-

1862 5619 2013 5670 dum.
2046 5613 2270 5667 Przemia
2296 5613 2440 5665 enim
2471 5612 2691 5667 athletrs
2722 5630 2922 5682 agones
2958 5618 3275 5680 metiuntur,
3300 5629 3351 5669 ct
3376 5619 3440 5675 in.
