3982 6208
236 348 329 420 681

1290 348 1389 409 DE
1425 344 1603 407 νιΤΑ
1640 344 1719 405 IN
1760 344 2092 407 CHRISTO
2131 346 2277 408 LIB.
2320 343 2425 409 VI.

3395 340 3501 407 63?.

234 471 290 522 τὸ
318 465 475 536 γένος
505 463 653 518 ἅπαν
675 462 754 527 είς
780 461 972 515 έαυτὸν
1000 459 1235 532 ἥρμοσε,
1266 460 1382 525 πῶς
1407 460 1468 515 οὐ
1491 459 1561 516 τὰ
1587 460 1815 530 δεύτερα

1935 460 2199 531 ιυοιῐιοιιο
2232 457 2537 531 posteriora
2563 457 2810 529 priorum
2841 471 2949 513 non
2978 460 3245 531 exempla,
3269 471 3321 515 et
3353 461 3499 517 hune

232 561 333 615 τῶν
358 558 643 629 προτέρων
668 554 1111 625 παραδείγματα,
1146 555 1241 609 καὶ
1264 554 1355 608 τὸν
1385 553 1484 624 μὲν
1509 552 1817 623 ἀρχέτυπον

234 651 367 707 εἶναι
407 651 514 722 χρὴ
559 648 830 719 νομίζειν,
872 630 963 701 τδν
1009 647 1069 701 δὲ
1110 647 1323 701 ἐκεῖθεν
1360 646 1659 717 είλῆφθαι;
1697 644 1819 697 Τῶν

234 746 336 815 γάρ
361 741 754 813 ἀτοπωτάτων,
782 740 920 811 πρὸς
952 740 1020 793 τὰ
1050 740 1220 809 ἀτελῆ
1248 739 1319 793 τὰ
1351 737 1659 792 τελεώτατα
1685 737 1819 789 πάνο-

233 858 333 893 των
379 835 701 903 ἐπείγεσθαι
743 834 1009 901 νομίζειν,
1066 835 1163 887 καὶ
1200 835 1315 897 τοῖς
1362 832 1598 903 βελτίοσι
1643 848 1821 899 παραυ

232 934 501 1001 δείγματα
552 927 875 997 προκεῖσθαι
925 927 992 980 τὰ
1038 928 1245 996 χείρω,
1281 927 1373 978 καὶ
1411 924 1538 987 τοὺς
1584 922 1820 993 τυφλοὺς

236 1023 485 1092 ἡγεῖσθαι
543 1021 659 1082 τοῖς
707 1017 1019 1088 βλέπουσιν.
1050 1015 1128 1072 Οὐ
1180 1020 1291 1085 γὰρ
1352 1016 1435 1069 ὅτι
1487 1014 1578 1068 τὸν
1630 1014 1821 1085 χρόνον

236 1115 478 1185 πρότερα
517 1114 721 1175 ἐκεῖνα,
779 1112 990 1165 δίκαιον
1058 1110 1124 1163 ἂν
1183 1109 1273 1179 τίη
1333 1106 1668 1177 θαυμάζειν,
1705 1104 1821 1159 ἀλλ’

233 1209 308 1261 ὅτι
341 1206 528 1259 τέλεια
571 1204 747 1259 ταῦτα
779 1204 887 1256 τῶν
925 1202 1129 1257 ἀτελῶν
1171 1202 1346 1272 ἀρχὰς
1392 1197 1533 1254 εἶναι
1573 1199 1821 1270 προσῆκε

234 1299 549 1353 νπισττεύειν
571 1299 752 1350 έκεῖνο
779 1296 1215 1366 ἐνθυμουμένους
1237 1335 1252 1360 ,
1293 1294 1376 1347 ὅτι
1406 1292 1503 1347 καὶ
1550 1291 1690 1363 πρὸς
1724 1290 1824 1363 τὴν

231 1393 527 1463 ἀνθρώπου
557 1390 750 1461 χρείαν
777 1388 949 1442 πολλὰ
977 1387 1417 1443 κατεσκεύασται
1447 1385 1547 1456 μὲν
1582 1385 1822 1455 πρότερα

229 1487 304 1549 δὲ,
346 1486 441 1538 καὶ
469 1487 497 1538 ὁ
536 1484 760 1538 πάντων
793 1481 999 1534 τούτων
1043 1478 1228 1533 κανὼν
1264 1478 1550 1549 ἄνθρωπος
1593 1476 1823 1539 ῦστατος

229 1575 490 1631 ἁπάντων
533 1573 635 1644 τῆς
676 1572 779 1642 γῆς
827 1571 1171 1643 ἐξελήλυθεν.
1220 1567 1366 1625 Εἶεν.
1411 1571 1583 1638 ’Υπὲρ
1617 1569 1823 1623 τούτων

228 1670 412 1721 τοίνυν
436 1668 699 1724 ἁπάντων
733 1666 825 1719 καὶ
856 1664 1017 1733 φύσει
1048 1664 1144 1717 καὶ
1173 1663 1371 1736 γνώμῃ
1412 1664 1506 1715 καὶ
1541 1662 1823 1731 λογισμοῖς

227 1760 519 1831 ἄνθρωπος
538 1759 673 1828 πρὸς
698 1757 789 1811 τὸν
813 1755 1049 1826 Χριστὸν
1079 1756 1241 1819 τεται,
1266 1754 1326 1808 ού
1352 1755 1439 1809 διὰ
1468 1753 1565 1825 τὴν
1594 1753 1844 1824 θεότητα.

232 1852 419 1922 μόνον,
452 1851 487 1921 ἢ
519 1850 738 1903 πάντων
769 1845 904 1902 οὖσα
936 1847 1195 1917 τυγχάνει
1222 1846 1395 1910 τέλος,
1432 1845 1569 1898 ἀλλὰ
1598 1848 1695 1898 καὶ
1728 1846 1823 1912 τῆς

228 1944 451 2012 φύσεως
479 1943 646 1998 ἕνεκα
665 1941 765 2011 τῆς
784 1941 870 1994 ὲτέ
882 1957 1003 2010 ρας.
1032 1941 1126 1994 καὶ
1148 1934 1303 2001 οὗτος
1330 1939 1429 2009 μὲν
1450 1938 1507 1991 τὸ
1534 1937 1825 2007 κατάλυμα

227 2036 345 2088 τῶν
377 2034 741 2105 ἀνθρωπίνων
768 2034 1011 2104 ἐρώτων,
1040 2026 1194 2095 οὗτος
1222 2030 1280 2085 δὲ
1312 2030 1492 2101 τρυφὴ
1520 2029 1823 2099 λογισμῶν,

228 2130 322 2180 καὶ
350 2125 411 2179 τὸ
444 2126 593 2195 παρὰ
618 2124 809 2179 τοῦτον
837 2123 1018 2178 ὁτιοῦν
1046 2123 1079 2194 ἢ
1110 2121 1287 2190 φιλεῖν
1320 2122 1352 2193 ἢ
1390 2120 1703 2192 λογίζεσθαι
1733 2138 1828 2173 πε-

230 2217 475 2291 ριφανὴς
493 2216 588 2271 τοῦ
616 2217 826 2281 δέοντος
859 2214 1107 2287 ἁμαρτία
1138 2215 1233 2269 καὶ
1263 2214 1371 2267 τῶν
1401 2214 1459 2279 ἐξ
1490 2214 1665 2284 ἀρχῆς
1697 2212 1830 2266 ὑπο-

228 2313 502 2366 τεθέντων
532 2314 598 2380 τῇ
631 2310 790 2379 φύσει
821 2309 1151 2380 παρατροπή
1172 2324 1186 2341 ·
1220 2308 1295 2371 ὼς
1322 2306 1388 2361 ἂν
1419 2306 1476 2360 δὲ
1502 2308 1640 2378 πρὸς
1665 2304 1828 2361 αὑτὸν

228 2405 385 2474 ἔχειν
421 2403 507 2457 ἀεὶ
563 2401 849 2472 δυνώμεθα
888 2400 986 2473 τὴν
1033 2400 1264 2471 μελέτην
1301 2400 1396 2452 καὶ
1433 2399 1639 2468 ταύτης
1678 2391 1829 2468 ὦμεν

226 2496 501 2550 ἑκάστοτε
546 2494 648 2565 τῆς
699 2494 959 2564 σπουδῆς,
997 2493 1163 2547 αὐτὸν
1219 2492 1479 2563 καλῶμεν
1522 2493 1644 2547 ὅσαι
1686 2484 1827 2565 ὧραι

226 2587 341 2640 τῶν
388 2588 671 2658 λογισμῶν
716 2587 815 2658 τὴν
843 2586 1124 2640 ὑπόθεσιν.
1166 2586 1394 2650 Πάντως
1443 2585 1500 2638 δὲ
1548 2585 1611 2638 ού
1651 2601 1831 2654 παρα-

228 2679 444 2747 σκευῆς
485 2680 623 2750 πρδς
664 2680 765 2742 τὰς
814 2677 981 2749 εὐχὰς
1015 2677 1097 2730 δεῖ
1151 2678 1248 2732 καὶ
1305 2677 1485 2730 τόπων
1523 2676 1646 2731 οὐδὲ
1701 2676 1831 2746 βοῆς

230 2773 453 2825 ἐκεῖνον
482 2772 737 2826 καλοῦσιν
756 2787 770 2804 ο
801 2772 863 2824 ού
893 2771 1001 2841 γὰρ
1031 2769 1180 2823 ἔστιν
1201 2765 1261 2825 οὗ
1295 2771 1370 2839 μὴ
1404 2769 1693 2840 πάρεστιν,
1720 2766 1830 2821 οὐδ’

230 2866 392 2917 ἐστιν
414 2865 565 2926 ὅπως
593 2864 669 2935 μὴ
699 2862 948 2916 σύνεστιν
971 2862 1126 2931 ἡμῖν,
1161 2863 1219 2924 ὃς
1253 2879 1315 2929 γε
1348 2864 1460 2923 τοῖς
1482 2858 1707 2931 ζητοῦσι
1734 2860 1831 2912 καὶ

230 2957 413 3026 αὐτῆς
452 2955 637 3024 ἔγγιον
670 2957 790 3010 ἐστι
832 2954 931 3024 τῆς
977 2955 1233 3027 καρδίας.
1283 2954 1607 3007 Ἀκόλουθον
1646 2951 1704 3006 δὲ
1739 2952 1834 3006 καὶ

230 3052 299 3104 τὰ
356 3048 512 3119 παρὰ
549 3048 660 3102 τῶν
705 3046 883 3118 εὐχῶν
922 3049 1053 3117 ἡμῖν
1085 3045 1159 3109 ὼς
1203 3047 1513 3116 ἀπαντήσει
1549 3044 1695 3115 μάλα
1740 3061 1831 3098 πι-

1858 1817 1899 1871 Β

1922 553 2307 624 archetypum,
2344 551 2495 607 illum
2524 565 2656 606 vero
2715 550 2841 605 inde
2881 561 3162 621 sumptum
3189 564 3242 608 et
3272 569 3499 624 expres-

1922 659 2040 699 sum
2077 660 2183 699 non
2209 642 3174 699 existimabimus?Absurdissimum
3204 647 3405 716 quippe
3420 656 3505 702 est

1923 747 2115 804 putare
2164 736 2411 789 omnium
2464 734 2865 804 perfectissima
2919 736 2986 790 ad
3033 736 3353 806 imperfecta
3390 739 3503 792 exi-

1923 826 2122 896 genda,
2158 834 2211 881 et
2244 828 2566 883 melioribus
2592 827 2843 895 exempla
2872 826 3142 882 deteriora
3176 844 3500 899 praeponen-

1922 920 2016 984 da,
2042 930 2096 976 et
2130 936 2159 975 a
2202 921 2362 976 caecis
2411 922 2765 990 praeeuntium
2818 920 3148 976 videntibus.
3204 920 3319 977 Non
3353 924 3499 976 enim

1922 1012 2052 1082 quia
2087 1012 2176 1066 illa
2204 1024 2447 1082 tempore
2482 1012 2686 1080 priora,
2718 1012 2853 1066 adeo
2874 1012 2995 1081 jure
3024 1013 3366 1080 admiranda,
3406 1014 3502 1068 sed

1925 1104 2054 1175 quia
2102 1104 2216 1161 haec
2262 1105 2504 1174 perfecta
2553 1115 2701 1172 sunt,
2750 1104 3195 1175 iiuperfcctorum
3240 1107 3503 1176 principia

1926 1211 2047 1252 esse
2073 1196 2274 1253 debere
2321 1197 2651 1252 credendum
2694 1207 2797 1260 est,
2846 1207 2898 1252 et
2944 1198 3075 1252 illud
3128 1199 3503 1269 cogitandum,

1925 1288 2091 1342 etiam
2122 1288 2189 1343 ad
2224 1290 2464 1345 hominis
2498 1305 2659 1345 usum
2702 1291 2873 1344 multa
2904 1290 3057 1358 prius
3088 1300 3277 1361 parata
3312 1290 3505 1346 fuisse.

1926 1375 2160 1448 Pmpter
2198 1379 2316 1434 haec
2367 1381 2551 1435 omnia
2591 1381 2756 1451 igitur
2784 1390 2837 1436 et
2866 1390 3085 1447 natura,
3114 1391 3168 1436 et
3202 1382 3505 1446 voluntate,

1926 1481 1981 1527 et
2014 1472 2445 1542 cogitationibus
2498 1473 2779 1529 Christum
2834 1475 3000 1530 homo
3052 1475 3347 1542 desiderat,
3400 1491 3506 1531 non

1928 1577 2148 1635 pr0pter
2175 1566 2441 1635 deitatem
2484 1576 2718 1631 tantum,
2770 1583 2890 1638 qua:
2938 1578 3019 1623 est
3066 1569 3315 1623 omnium
3363 1568 3507 1635 linis,

1929 1661 2023 1715 sed
2073 1667 2127 1715 et
2187 1669 2410 1730 propter
2462 1648 2689 1714 alteram
2724 1671 3004 1715 naturam.
3061 1660 3126 1714 Et
3164 1661 3256 1715 hic
3288 1662 3507 1732 quidem

1930 1751 2227 1822 (Christus)
2257 1752 2624 1807 diversorium
2656 1762 2741 1807 est
2793 1768 3073 1807 armorum
3112 1754 3503 1820 humanorum,

1930 1845 2019 1901 hic
2044 1844 2257 1901 deliciae
2290 1845 2706 1915 cogitationum,
2733 1852 2788 1900 et
2815 1856 3015 1916 praeter
3047 1845 3191 1902 hunc
3222 1847 3512 1918 quodcun-

1930 1952 2034 2007 que
2065 1946 2161 1993 aut
2189 1951 2397 2004 amare,
2429 1947 2523 1993 aut
2552 1938 2817 2008 cogitare,
2856 1937 3146 1995 manifesta
3178 1947 3262 1995 est
3295 1941 3364 1995 ab
3390 1941 3513 1996 oili-

1929 2029 2016 2083 cio
2055 2029 2354 2095 aberratio,
2410 2036 2465 2084 et
2511 2043 2541 2084 a
2583 2030 2776 2099 primis
2828 2040 3041 2085 naturae
3094 2032 3381 2102 principiis
3420 2034 3514 2087 de.

1929 2121 2112 2177 ﬂexio.
2153 2119 2225 2176 Ut
2256 2130 2441 2177 autem
2475 2122 2654 2193 ipsum
2692 2136 2910 2193 semper
2941 2124 3190 2178 meditari
3220 2140 3510 2193 queamus,

1930 2220 1985 2268 et
2019 2212 2075 2267 in
2104 2212 2207 2269 hoc
2230 2214 2414 2269 studio
2450 2229 2889 2283 perseveremus,
2916 2217 3093 2285 ipsum
3115 2219 3510 2289 cogitationum

1930 2316 2313 2376 argumentum
2367 2306 2518 2361 horis
2567 2308 2830 2364 omnibus
2888 2309 3227 2365 invocemus.
3276 2310 3513 2367 Omnino

1932 2407 2113 2452 autem
2148 2412 2256 2452 non
2298 2399 2701 2469 praeparatione
2750 2402 2817 2455 ad
2863 2416 3053 2471 preces
3099 2419 3239 2475 opus
3269 2415 3374 2469 est,
3417 2423 3517 2461 nec

1932 2488 2091 2553 locis,
2138 2504 2239 2544 nec
2285 2490 2621 2546 clamoribus
2651 2499 2737 2546 est
2783 2491 3127 2549 invocandus
3164 2514 3179 2551 :
3217 2512 3325 2551 non
3368 2498 3513 2552 enim

1934 2592 2017 2637 est
2050 2582 2203 2639 locus
2239 2582 2330 2639 ubi
2383 2599 2629 2654 prasens
2679 2598 2788 2639 non
2839 2586 2932 2651 sit,
2965 2603 3064 2643 nec
3092 2600 3178 2643 est
3222 2589 3312 2645 ubi
3354 2592 3516 2647 nobis

1937 2686 2046 2726 non
2094 2672 2259 2739 adsit,
2293 2675 2387 2743 qui
2413 2674 2790 2744 quaerentibus
2822 2690 2881 2731 se
2920 2678 3037 2747 ipso
3085 2680 3250 2733 corde
3294 2681 3517 2752 propior

1934 2772 2038 2819 est.
2066 2763 2429 2836 Consequens
2467 2778 2651 2821 autem
2688 2776 2792 2830 est,
2832 2768 2996 2822 etiam
3032 2780 3349 2824 constanter
3395 2787 3518 2826 cre-

1935 2854 2088 2920 dere,
2112 2869 2234 2924 quae
2263 2869 2576 2924 precamur,
2622 2856 2778 2912 nobis
2809 2866 3098 2922 eventura,
3129 2873 3231 2913 nec
3259 2859 3383 2914 ideo
3412 2860 3515 2913 du-

1938 2947 2129 3012 bitare,
2163 2947 2293 3018 quia
2329 2963 2525 3003 sumus
2558 2948 2819 3019 improbi,
2850 2949 2947 3004 sed
2979 2950 3172 3016 fidere,
3200 2952 3329 3021 quia
3366 2954 3521 3007 Chri-

1936 3049 2054 3096 stus
2102 3048 2188 3095 est
2232 3040 2325 3109 qui
2378 3056 2546 3110 super
2598 3041 2848 3111 ingratos
2896 3051 2948 3097 et
2994 3043 3170 3099 malos
3203 3045 3514 3100 invocatur.

236 3141 484 3207 στεύειν,
521 3141 616 3194 καὶ
660 3139 736 3210 μὴ
769 3140 1089 3205 ἐνδοιάζειν,
1123 3139 1206 3191 ὅτι
1242 3139 1471 3209 πονηροὶ
1503 3138 1595 3191 τὸν
1630 3136 1832 3227 τρόπον

1938 3128 2076 3197 Quia
2125 3138 2336 3185 tantum
2375 3131 2529 3187 abest
2570 3142 2683 3187 uta
2718 3133 2923 3204 quibus
2948 3134 3190 3191 oﬁ‘ensus
3219 3145 3300 3191 est
3329 3151 3517 3192 Servos

235 3235 431 3305 ἡμεῖς,
466 3231 603 3285 ἀλλὰ
644 3230 894 3301 θαρῤεἷν,
928 3230 1011 3282 ὃτι
1044 3227 1285 3300 χρηστὸς
1312 3230 1340 3281 ὁ
1371 3225 1708 3296 καλούμενος
1739 3221 1834 3278 ἐπὶ

234 3329 369 3386 τοὺς
386 3323 719 3395 ἀχαρίστους
747 3323 844 3375 καὶ
867 3321 1161 3391 πονηροὺς,
1178 3321 1235 3384 ὃς
1256 3336 1321 3388 γε
1339 3318 1592 3373 τοσοῦτον
1612 3318 1832 3388 ἀπέχει,

235 3419 369 3479 τοὺς
403 3413 922 3485 προσκεκρουκότας
957 3413 1065 3466 τῶν
1092 3411 1297 3465 δούλων
1323 3411 1611 3481 δεομένους
1641 3427 1834 3482 περιο-

242 3509 345 3579 ρᾷν
370 3548 386 3571 ,
428 3504 573 3557 ὥστε
626 3505 793 3575 μήπω
838 3501 1177 3566 καλέσαντας
1221 3501 1358 3573 μηδὲ
1397 3502 1553 3570 λόγον
1592 3502 1835 3555 ὁντινοῦν

238 3600 461 3652 ἐκείνου
494 3598 899 3667 ποιησαμένους
923 3594 1086 3658 αύτὸς
1114 3596 1215 3665 τὴν
1243 3595 1349 3666 γῆν
1369 3592 1690 3647 καταλαϐὼν
1708 3593 1837 3648 ἐκά-

240 3692 371 3744 λεσε
406 3692 651 3759 πρῶτος.
689 3709 706 3741 ι
740 3685 947 3742 Ἦλθον
1002 3688 1134 3759 γὰρ,
1184 3688 1339 3757 φησὶ,
1389 3686 1618 3741 καλέσαι
1658 3687 1839 3756 ἁμαρ-

238 3782 491 3845 τωλούς·
565 3800 586 3833 ι
641 3784 669 3835 ὁ
719 3780 777 3835 δὲ
842 3780 978 3851 μηδὲ
1046 3779 1402 3850 βουλομένους
1465 3778 1609 3832 οὕτω
1668 3777 1836 3850 ζητήο

240 3891 369 3939 σας,
428 3873 514 3937 τίς
574 3873 640 3927 ἂν
688 3874 776 3943 εἴη
828 3871 1195 3942 καλούμενος;
1236 3872 1329 3926 καὶ
1385 3872 1437 3925 ει
1506 3872 1837 3942 μισούμενος

239 3966 501 4033 ἐφίλησε,
554 3965 670 4029 πῶς
700 3963 984 4019 ἀπώσεται
1018 3964 1382 4034 φιλούμενος;
1419 3965 1484 4017 Ὀ
1515 3964 1610 4017 καὶ
1662 3964 1837 4035 δηλῶν

238 4060 269 4110 ὁ
336 4057 576 4121 Παῦλος,
639 4075 658 4108 ι
725 4058 787 4109 Ei
838 4056 1024 4127 ἐχθροὶ
1074 4056 1226 4119 ὄντες
1277 4055 1705 4126 κατηλλάγημεν
1762 4056 1839 4124 τῷ

240 4150 367 4221 Θεῷ
408 4150 497 4203 διὰ
526 4149 619 4203 τοῦ
657 4148 892 4202 θανάτου
928 4147 1023 4201 τοῦ
1056 4148 1189 4201 Υίοῦ
1223 4147 1390 4201 αὑτοῦ
1413 4187 1427 4211 ,
1460 4150 1616 4219 φησὶ,
1657 4147 1840 4219 πολλῷ

244 4243 455 4311 μᾶλλον
476 4240 911 4308 καταλλαγέντες
929 4238 1289 4310 σωθησόμεθα
1306 4240 1362 4292 ὲν
1378 4241 1442 4308 τῇ
1463 4236 1576 4307 ζωῇ
1596 4238 1782 4294 αὐτοῦ.
1815 4256 1833 4290 ι

245 4337 360 4389 Καὶ
386 4335 495 4404 μὴν
525 4335 621 4388 καὶ
646 4333 708 4388 τὸ
732 4333 919 4404 σχῆμα
944 4332 1045 4401 τῆς
1070 4331 1280 4394 ἱκεσίας
1315 4329 1715 4400 ἐνθυμηθῶμεν
1735 4338 1751 4363 ⁴
1777 4332 1838 4385 οὑ

242 4429 357 4499 γάρ
387 4427 424 4481 ἃ.
456 4426 645 4495 φίλους
679 4427 825 4488 είκὸς
857 4424 1125 4479 αἰτεῖσθαι
1154 4424 1250 4477 καὶ
1272 4422 1597 4494 λαμϐάνειν,
1632 4422 1841 4477 τούτων

1937 3235 2225 3295 precantes
2253 3226 2381 3281 velit
2422 3227 2720 3297 negligere,
2757 3238 2813 3282 ut
2838 3229 3080 3285 nondum
3112 3246 3171 3286 sc
3201 3230 3517 3286 invocantes

1938 3331 2116 3388 neque
2149 3318 2315 3373 ullam
2374 3319 2545 3389 ipsius
2578 3319 2852 3376 rationem
2886 3322 3173 3387 ducentes,
3213 3323 3268 3376 in
3317 3334 3515 3378 terram

1938 3411 2217 3482 delapsus,
2239 3411 2390 3482 prior
2420 3414 2650 3467 vocarit.
2686 3432 2704 3465 ι
2734 3411 2868 3469 Veni
2895 3415 3065 3482 enim,
3092 3416 3290 3484 inquit,
3324 3432 3520 3472 vocare

1938 3505 2352 3575 peccatores“.
2390 3524 2408 3556 ι
2447 3502 2566 3558 Jam
2603 3505 2697 3575 qui
2731 3520 2833 3560 nec
2862 3505 3107 3561 volentes
3144 3508 3215 3561 ita
3245 3510 3517 3577 quaesivit,

1937 3596 2155 3667 qualem
2195 3612 2255 3653 se
2290 3597 2581 3651 invocatus
2622 3597 2935 3652 exhibebit?
2984 3607 3038 3653 et
3072 3599 3117 3653 si
3163 3600 3355 3655 dilexit
3393 3616 3517 3655 cum

1940 3690 2068 3744 odio
2119 3689 2437 3754 haberetur,
2492 3691 2774 3759 quomodo
2836 3705 2937 3746 nos
2988 3692 3217 3761 repellet
3246 3692 3521 3747 dilectus?

1939 3780 2098 3847 Quod
2128 3788 2182 3835 et
2229 3778 2428 3835 Paulus
2472 3781 2811 3850 significans,
2865 3800 2883 3832 ι
2918 3780 2974 3835 Si
3031 3797 3153 3836 cum
3194 3783 3399 3838 inimici
3430 3800 3521 3838 es-

1940 3887 2147 3936 semus,
2186 3873 2383 3943 inquit,
2415 3874 2754 3928 reconciliati
2792 3889 2986 3929 sumus
3016 3875 3123 3929 Deo
3160 3893 3254 3944 per
3287 3888 3517 3933 martem

1942 3963 2064 4018 Filii
2102 3965 2245 4034 ejus,
2278 3965 2453 4020 multo
2484 3967 2657 4034 magis
2695 3965 3029 4020 reconciliati
3061 3967 3193 4022 salvi
3227 3968 3433 4024 erimus
3466 3973 3518 4025 in

1942 4059 2052 4114 vita
2101 4059 2275 4129 ipsius
2306 4058 2374 4111 "'.
2415 4077 2433 4110 ι
2472 4058 2616 4124 Quin
2648 4058 2881 4114 formam
2916 4076 3136 4129 quoque
3166 4062 3522 4132 supplicatio-

1944 4152 2029 4205 nis
2059 4150 2380 4221 COgitcmus.
2416 4148 2533 4205 Non
2575 4152 2723 4206 enim
2755 4166 2876 4220 qua:
2913 4152 3122 4207 amicos
3169 4169 3384 4224 aequum
3437 4165 3522 4211 est

1942 4254 2130 4313 petere
2181 4252 2237 4297 et
2285 4243 2557 4314 accipere,
2586 4259 2648 4298 ea
2695 4245 2928 4315 petimus
2957 4246 3243 4317 consequi,
3276 4251 3368 4303 sel
3402 4266 3523 4318 quae

1942 4335 2087 4390 servi
2117 4335 2370 4401 obnoxii,
2411 4345 2465 4391 et
2494 4336 2733 4392 maxime
2768 4335 2844 4391 rei
2885 4352 3077 4407 rogare
3109 4343 3521 4408 permittuntur.

1945 4425 2062 4480 Non
2119 4427 2268 4482 enim
2297 4435 2357 4481 ut
2402 4442 2503 4482 nos
2538 4437 2785 4494 coronet,
2838 4426 3129 4484 Dominum
3181 4435 3523 4499 invocamus,

242 4520 511 4592 ἀξιοῦμεν
542 4521 855 4589 τυγχάνειν,
884 4518 998 4573 ἀλλ’
1027 4514 1102 4575 ὧν
1132 4521 1228 4573 καὶ
1255 4520 1369 4583 τοῖς
1396 4519 1722 4583 ὑπευθύνοις
1748 4521 1832 4573 καὶ

1948 4534 2048 4575 nec
2082 4530 2140 4575 ut
2169 4519 2272 4574 alia
2314 4520 2627 4590 huiusmodi
2675 4537 2774 4576 nos
2811 4524 2984 4593 gratia
3018 4524 3295 4596 dignetur,
3329 4528 3422 4582 sed
3468 4536 3527 4582 ut

246 4614 761 4685 προσκεκρουκὸσιν
779 4615 990 4682 ἐφεῖται
1010 4613 1218 4676 δούλοις
1232 4613 1325 4666 καὶ
1350 4613 1585 4685 μάλιστα
1603 4613 1835 4677 τούτοις.

243 4707 324 4759 Οὐ
355 4707 465 4776 γὰρ
492 4705 581 4758 ίνα
611 4706 952 4776 στεφανώση,
984 4705 1074 4758 τὸν
1105 4705 1383 4775 Δεσπότην
1411 4705 1708 4777 καλοῦμεν,
1732 4700 1842 4760 οὐδ’

244 4801 340 4853 ἵνα
389 4800 558 4869 ἄλλην
600 4800 864 4871 τοιαύτην
898 4800 1025 4854 τινὰ
1065 4801 1370 4868 κατάθηται
1404 4802 1587 4872 χάριν,
1630 4801 1746 4854 ἀλλ’
1774 4801 1840 4855 ἵν’

245 4893 479 4962 ἐλεήσῃο
507 4892 655 4944 ἔλεον
674 4891 732 4944 δὲ
763 4894 854 4945 καὶ
886 4893 1218 4963 συγγνώμην
1249 4895 1344 4947 καὶ
1368 4894 1563 4965 χρέους
1595 4895 1840 4949 διάλυσιν

245 4986 349 5037 καὶ
378 4986 445 5037 τὰ
474 4982 701 5037 τοιαῦτα
736 4984 830 5036 τοῦ
862 4984 1254 5055 φιλανθρώπου
1287 4987 1550 5057 δεηθῆναι
1583 4988 1676 5041 καὶ
1714 4988 1836 5058 δεη-

248 5077 443 5139 θέντας
473 5078 548 5147 μὴ
581 5078 764 5138 κεναῖς
792 5078 983 5146 χερσὶν
1016 5077 1296 5141 ἀπελθεῖν,
1332 5079 1380 5130 εἰ
1417 5077 1492 5149 μὴ
1519 5081 1643 5141 τοὺς
1675 5080 1840 5131 ὑπευ-

248 5166 465 5233 θύνους,
512 5166 666 5229 τίνας
698 5167 944 5234 είκὸς,εῖ
989 5184 1052 5236 γε
1087 5188 1104 5221 ι
1140 5171 1217 5238 μὴ
1265 5170 1457 5241 χρείαν
1510 5168 1729 5238 ἔχουσιν
1787 5171 1873 5239 οίη

254 5259 528 5326 ἰσχύοντες
546 5258 733 5329 ἰατροῦ
751 5276 765 5324 ;
789 5278 806 5310 ι
834 5261 893 5313 El
914 5260 1022 5331 γὰρ
1036 5261 1173 5324 ὅλως
1190 5262 1507 5331 ἀνθρώπους
1523 5262 1839 5331 νενόμισται

256 5350 394 5417 πρὸς
436 5351 527 5404 τὸν
563 5350 696 5403 Θεὸν
727 5350 877 5404 ἔλεον
908 5353 1321 5423 ἐκκαλουμένην
1355 5355 1574 5423 ἀφεῖναι
1627 5354 1837 5424 φωνὴν,

258 5444 366 5494 τῶν
384 5443 543 5510 ἀξίως
566 5444 717 5496 ἐλέου
742 5446 1111 5515 πραττόντων.
1131 5447 1238 5499 τῶν
1262 5446 1664 5518 ἡμαρτηκότων
1691 5448 1840 5525 ἐστὶν

259 5540 295 5607 ἡ
332 5539 493 5608 φωνή.
526 5534 797 5606 Καλῶμεν
825 5536 881 5590 δὲ
915 5538 1004 5591 τὸν
1031 5539 1163 5591 Θεὸν
1194 5541 1286 5591 καὶ⁵
1338 5538 1553 5609 γλώττῃ
1582 5539 1676 5591 καὶ
1708 5539 1848 5608 γνώ-

338 5731 375 5761 ⁶⁶
399 5733 585 5789 Matth.
618 5748 697 5794 ιι,
732 5731 821 5786 15.
897 5729 940 5760 ⁸⁷
976 5729 1133 5781 liora.
1163 5742 1216 5792 ν,
1255 5722 1337 5780 ισ.
1370 5725 1415 5755 ⁸⁸
1444 5722 1637 5781 Matth.
1672 5742 1747 5793 ιτ,
1784 5726 1870 5780 1‘2.

551 5918 817 5981 ΡΑτιιοι.
849 5920 962 5979 Gtt.
1015 5915 1105 5975 Cl.
1126 5953 1147 5973 .

1946 4615 2297 4669 misereatur.
2350 4613 2783 4671 Misericordiam
2839 4630 3045 4683 autem,
3100 4630 3153 4673 et
3203 4620 3439 4681 veniam.
3473 4631 3528 4675 ιι

1946 4704 2112 4758 debiti
2145 4704 2547 4770 dimissionem,
2594 4716 2649 4760 et
2689 4705 3009 4776 hujusmodi
3056 4710 3126 4762 ab
3159 4710 3399 4762 humano
3433 4726 3529 4779 pe-

1946 4811 2083 4864 tere,
2118 4810 2173 4855 et
2203 4810 2450 4871 petentes
2475 4816 2583 4855 non
2617 4801 2807 4857 vacuis
2837 4802 3091 4858 manibus
3121 4803 3292 4869 abire,
3327 4804 3371 4859 si
3416 4819 3525 4857 non

1948 4892 2030 4948 fas
2062 4902 2146 4949 est
2173 4907 2317 4956 reos,
2349 4907 2488 4963 quos
2518 4894 2731 4948 tandem
2784 4893 2867 4949 ias
2912 4904 3016 4959 est,
3057 4896 3322 4965 siquidem
3360 4916 3378 4948 ι
3418 4916 3523 4952 non

1945 4996 2030 5041 cst
2057 4994 2195 5054 Opus
2233 4987 2541 5042 valentibus
2587 4986 2819 5042 medicis
2845 4986 2933 5041 “‘3
2972 5006 2991 5039 ι
3029 4988 3085 5042 Si
3117 4990 3263 5042 enim
3299 4990 3525 5044 omnino

1948 5080 2195 5134 moribus
2250 5091 2529 5151 receptum
2589 5090 2693 5145 est,
2752 5081 3003 5136 homines
3037 5081 3103 5136 ad
3140 5081 3307 5137 Deum
3364 5100 3526 5139 voces

1949 5171 2387 5227 misericordiam
2426 5173 2711 5229 elicientes
2763 5176 3000 5241 mittere,
3036 5177 3224 5246 utique
3277 5187 3529 5246 peccato-

1948 5279 2068 5318 rum
2114 5281 2218 5321 vox
2254 5268 2604 5331 miscrorum,
2629 5275 2682 5322 et
2714 5268 3089 5324 misericordia
3124 5270 3523 5338 dignandorum

1950 5371 2053 5411 vox
2088 5367 2193 5412 est.
2249 5359 2617 5429 lmploramus
2666 5367 2842 5414 autem
2896 5359 3067 5415 Deum
3115 5370 3167 5414 et
3221 5361 3431 5429 lingua,
3472 5372 3525 5413 et

1952 5458 2154 5516 mente,
2206 5459 2259 5504 et
2317 5452 2773 5522 cogitationibus,
2823 5464 2881 5507 ut
2938 5455 3190 5509 omnibus
3249 5468 3344 5523 per
3402 5470 3524 5523 qua:

1960 5540 2329 5611 peccavimus,
2376 5543 2732 5611 pharmacum
2774 5546 2951 5600 solum
2989 5545 3228 5600 salutare
3265 5545 3527 5601 adhibea-

3128 5914 3203 5976 22
