3920 6206
383 291 499 353 (:37
1655 269 1931 360 NICOLA

2035 266 2095 325 ιλ
2108 263 2399 326 BASlL/E
3497 263 3583 328 αρε,

391 422 486 467 aut
556 407 980 478 iuquisiverunt,
1033 400 1100 456 de.
1158 397 1360 468 quibus
1433 390 1798 464 praesentibus
1843 403 1939 459 gau

2038 414 2052 449 ι
2076 383 2246 478 όντων
2285 381 2475 436 οὐδένα
2503 379 2670 434 πόθον
2717 376 2908 432 ἔλαϐον
2935 375 3048 431 οὐδ’
3075 374 3354 448 ἐζήτησαν,
3377 371 3442 431 ὧν
3467 397 3586 452 mp-

390 509 520 558 ttere
551 471 656 554 non
685 500 832 552 licet.
861 514 878 546 (
905 492 1078 548 Nolite
1109 488 1362 560 gaudere,
1386 483 1584 554 inquit,
1620 478 1761 550 quod
1800 479 1935 549 spiri

2071 477 2242 530 όντων
2293 475 2414 528 οὐδὲ
2483 473 2697 545 χαίρειν
2758 471 2960 536 ἔξεστι.
3015 488 3035 522 ι
3079 471 3168 541 Mi)
3233 472 3432 542 χαίρετε
3482 474 3590 544 γὰρ,

391 609 480 654 tus
509 596 664 651 vobis
710 589 1098 660 subjiciuntur,
1144 581 1237 638 sed
1286 578 1518 650 gaudete
1552 576 1697 646 quod
1739 573 1939 630 nomin:

2069 570 2256 660 φησιν,
2283 568 2364 660 ὅτι
2389 565 2458 620 τὰ
2495 565 2784 636 πνεύματα
2821 565 2950 631 ὑμῖν
2993 563 3367 630 ὑποτάσσεται,
3402 567 3589 638 χαίρετε

393 699 574 744 vestra
632 687 832 752 scripta
873 686 1003 734 sunt
1067 676 1124 730 in
1183 672 1360 728 caelis.
1402 688 1422 722 ι
1465 667 1616 736 Quod
1662 665 1828 736 igitur
1875 676 1940 715 ne

2069 659 2146 722 δὲ,
2177 661 2260 752 ὅτι
2298 658 2368 712 τὰ
2389 657 2632 729 ὀνόματα
2661 659 2820 729 ὑμῶν
2859 660 3078 732 ἐγράφη
3107 663 3163 714 ἐν
3191 663 3300 722 τοῖς
3319 661 3591 732 οὐρανοῖς.ι

390 797 501 852 que
549 778 680 832 facit
730 751 1009 833 virtutem,
1071 781 1247 835 neque
1300 763 1422 833 ejus
1481 758 1824 830 praesentiam
1877 754 1938 807 de

2067 753 2141 805 *Ο
2165 751 2344 852 τρίνυν
2374 752 2524 852 μήτε
2543 754 2688 805 ποιεῖ
2716 751 2822 852 τὴν.
2843 753 3068 823 ἀρετὴν,
3099 754 3234 824 μήτε
3265 753 3386 821 γοῦν
3407 755 3596 810 δύναται

395 882 703 928 monstrare
737 873 938 936 potest,
984 863 1088 916 hoc
1133 857 1350 928 aliquis,
1394 869 1512 907 eam
1545 863 1817 922 quaerens,
1853 846 1943 900 sin

2074 842 2318 936 μηνῦσαι
2338 841 2656 936 παροῦσαν,
2692 841 2990 912 περίεργον
3024 843 3077 895 εἷ
3103 860 3185 907 τις
3215 845 3417 915 ἐκείνην
3446 845 3600 914 ζητῶν

396 961 683 1021 commodo
729 959 953 1012 faceret.
1005 953 1108 1006 Sed
1162 967 1261 1005 nec
1311 949 1357 1003 si
1405 947 1528 1016 quis
1569 943 1752 997 divina
1812 940 1944 1009 plan

2070 934 2229 988 ’ὁῦτο
2262 935 2739 1004 πολυπραγμονεῖ.
2783 933 2926 988 Ἀλλ’
2969 933 3078 987 οὐδ’
3111 935 3160 986 εί
3209 934 3440 1005 θεωριῶν
3467 952 3603 989 τινων

391 1059 618 1114 edoctus
670 1047 1094 1107 revelationihus
1137 1043 1411 1098 frueretur
1465 1047 1771 1104 cunctaque
1811 1031 1939 1086 scire

2074 1027 2342 1082 ἀπολαύει
2373 1027 2470 1114 καλ
2501 1025 2902 1096 ἀποκαλύψεων
2929 1027 3187 1096 τυγχάνει
3219 1028 3312 1080 καὶ
3339 1028 3403 1080 τὰ
3432 1029 3605 1097 μυστή-

397 1146 677 1220 mysteria,
704 1160 769 1220 ex
814 1142 882 1197 iis
910 1139 1060 1195 illum
1092 1136 1406 1206 iudicamus
1444 1141 1497 1185 et
1539 1127 1822 1182 miramur.
1880 1120 1943 1174 Et

2077 1135 2170 1187 ρια
2202 1118 2381 1172 πάντα
2424 1112 2589 1180 οἶδεν,
2637 1116 2748 1170 ἀπὸ
2779 1117 2986 1170 τούτων
3037 1117 3203 1171 αὐτὸν
3241 1117 3484 1186 εἰσόμεθα
3529 1119 3607 1170 καὶ

387 1243 540 1298 enim
569 1214 882 1305 quanquam
912 1232 1016 1286 ista
1049 1227 1375 1298 quandoque
1401 1219 1707 1277 viventibus
1741 1216 1794 1270 in
1818 1213 1935 1270 ειη-³

2076 1207 2608 1305 θαυμάσομεν.-Καὶ
2655 1207 2825 1260 ταῦτα
2852 1208 2961 1279 γὰρ
3001 1208 3173 1261 ἐνίοτε
3211 1208 3477 1262 ἀκολουθεῖ
3516 1212 3609 1271 τοῖς

389 1345 481 1390 ηειο
525 1339 726 1402 prazsto
783 1325 929 1386 sint,
989 1337 1098 1375 non
1160 1323 1490 1385 componunt
1557 1325 1656 1365 nec
1727 1306 1927 1362 efﬁcio:

2076 1303 2136 1354 ἐν
2167 1299 2391 1371 Χριστῷ
2425 1299 2616 1380 ζῶσιν,
2645 1300 2705 1352 οὐ
2745 1301 3060 1368 συνίστησιν
3090 1299 3197 1354 οὐδ’
3231 1298 3503 1369 ἐργάζεται
3529 1299 3610 1366 τὴν

400 1428 593 1486 vitam,
619 1423 691 1475 ita
726 1426 782 1470 ut
821 1415 958 1471 nihil
993 1412 1059 1466 ad
1093 1410 1344 1464 virtutem
1373 1404 1542 1474 magis
1586 1399 1838 1455 conferre
1899 1397 1948 1449 vi

2078 1393 2246 1464 ζωὴν,
2273 1392 2414 1446 ὥστε
2469 1393 2638 1464 μηδὲν
2680 1391 2846 1446 πλέον
2882 1391 2961 1454 είς
2995 1391 3198 1463 ἀρετὴν
3227 1388 3364 1443 εἶναι
3397 1389 3469 1460 τῷ
3498 1393 3611 1460 up‘;

385 1483 591 1569 deatur
612 1511 660 1564 ei
695 1507 784 1577 qui
815 1506 915 1559 ista
942 1503 1116 1558 solum
1149 1496 1387 1566 respicit.
1409 1492 1569 1560 Quod
1599 1487 1933 1545 ostenditbe:

2078 1487 2254 1540 ταῦτα
2288 1486 2450 1556 μόνον
2495 1486 2728 1556 ὁρῶντιο
2767 1483 3053 1536 καὶτοῦτο
3096 1485 3367 1538 δείκνυσιν
3393 1485 3419 1537 6
3467 1487 3615 1554 μακά-

398 1617 488 1660 tus
545 1572 749 1658 Paulus
800 1597 864 1651 ad
919 1592 1236 1649 Corinthios
1290 1586 1585 1643 scribens:
1625 1601 1643 1634 ι
1689 1581 1745 1636 Si
1809 1592 1946 1633 nove

2081 1595 2197 1650 ριος
2257 1577 2494 1642 Παῦλος,
2550 1579 2610 1631 ἐν
2663 1572 2748 1641 οἷς
2801 1576 3122 1649 Κορινθὶοις
3178 1575 3468 1644 γράφων,ι
3513 1575 3616 1628 Ἐὰν

401 1699 535 1759 rint,
567 1695 766 1760 inquit,
809 1687 999 1744 omnia
1055 1682 1337 1755 tuymeria,
1365 1688 1695 1744 omnemque
1737 1670 1949 1726 habuen

2081 1670 2227 1734 εἰδῶ,
2256 1671 2413 1740 φησὶ,
2443 1668 2512 1721 τὰ
2541 1669 2820 1739 μυστήρια
2852 1669 3052 1734 πάντα,
3091 1667 3187 1721 καὶ
3213 1667 3319 1738 ἔχω
3341 1669 3510 1720 πᾶσαν
3536 1669 3617 1735 τὴν

393 1785 709 1848 scientiam,
753 1779 1070 1834 eltaritatem
1123 1784 1300 1828 autem
1343 1785 1452 1824 non
1513 1766 1795 1826 habuero,
1841 1760 1931 1814 nih

2085 1762 2309 1830 γνῶσιν,
2343 1761 2569 1830 ἀγάπην
2618 1759 2674 1812 δέ
2708 1759 2780 1830 μὴ
2808 1759 2938 1831 ἔχω,
2970 1759 3126 1812 οὐδέν
3170 1759 3306 1829 ειμι,
3338 1759 3424 1812 καὶ
3448 1758 3620 1827 γέγονα

393 1881 550 1939 sum,
581 1886 632 1928 et
672 1872 848 1926 factus
878 1883 998 1926 sum
1024 1866 1171 1920 velut
1205 1878 1280 1918 aes
1311 1873 1515 1916 sonans
1547 1866 1640 1911 aut
1671 1850 1941 1924 cymbalut

2081 1853 2284 1926 χαλκὸς
2309 1854 2463 1923 ἠχῶν
2495 1852 2530 1925 ἦ
2573 1851 2857 1922 κύμϐαλον
2905 1852 3202 1917 ἀλαλάζον.
3236 1869 3254 1903 ι
3293 1851 3446 1904 Ὅθεν
3480 1850 3621 1905 τάλλα

392 1967 664 2023 sittttiens.
694 1983 712 2016 ι
750 1961 926 2022 Unde,
955 1954 1167 2012 caeteris
1208 1946 1617 2022 praetermissis,
1648 1945 1819 2013 ipsam
1854 1939 1940 1994 ani

2084 1946 2539 2016 παραδραμόντες
2583 1947 2664 2008 είς
2709 1945 2878 2016 αὐτὴν
2908 1947 3111 2016 ῐδωμεν
3160 1944 3259 2016 τὴν
3311 1943 3514 2012 θέλησιν
3541 1943 3622 2012 τῆς

405 2079 506 2117 ma:
535 2059 820 2114 videamus
849 2054 1204 2113 voluntatem,
1235 2047 1285 2099 in
1325 2058 1432 2114 qua
1462 2038 1716 2096 consistit
1747 2033 1950 2090 homini

2087 2031 2433 2112 ψυχῆς,ἐνῇ
2485 2037 2580 2090 καὶ
2627 2037 2934 2108 χρηστότης
2986 2036 3322 2107 συνέστηκεν
3368 2034 3622 2105 ἀνθρώπου

391 2153 622 2208 ‘bon'rtas
671 2157 726 2202 et
773 2145 1003 2206 malitia,
1041 2140 1252 2195 sanitas
1281 2145 1337 2190 et
1371 2133 1619 2194 morbus,
1653 2137 1706 2183 et
1755 2123 1939 2181 omnin

2087 2136 2184 2186 καὶ
2216 2131 2475 2202 πονηρία,
2512 2131 2607 2182 καὶ
2639 2129 2700 2183 τὸ
2725 2129 2944 2198 ἀληθῶς
2964 2129 3234 2198 ὑγιαίνειν
3268 2127 3429 2182 καὶτὸ
3456 2115 3631 2190 νοσεῖν,

397 2248 514 2300 vita
570 2241 652 2297 vel
697 2255 878 2303 mors,
921 2249 1158 2305 quaeque
1195 2244 1322 2284 cum
1344 2227 1486 2283 bona
1513 2230 1598 2280 est
1632 2231 1686 2277 et
1712 2219 1782 2275 ad
1811 2217 1945 2272 Deut

2085 2227 2182 2280 καὶ
2214 2223 2441 2277 καθόλου
2473 2221 2571 2293 ζῇν
2604 2222 2636 2294 ἢ
2663 2221 2939 2286 τεθνάναι,
2974 2221 3043 2292 ἣν
3072 2220 3136 2274 τὸ
3171 2220 3378 2288 ἀγαθὴν
3395 2216 3522 2272 εἷναι
3549 2220 3626 2272 καὶ

395 2337 583 2393 solum
619 2331 816 2395 tendit,
845 2329 955 2382 vita
989 2327 1144 2381 beata
1175 2329 1280 2377 est.
2081 2317 2226 2387 πρὸς
2251 2315 2387 2369 Θεὸν
2419 2316 2579 2385 μόνον
2604 2313 2809 2384 ἐχεινὴ
2843 2313 3094 2384 μακαρία
3133 2314 3252 2366 ἐστὶ
3288 2311 3420 2382 ζωή.

467 2428 589 2480 οιιοε
634 2425 780 2478 enim
838 2419 1223 2491 mysteriorum
1261 2413 1607 2481 humanique
1641 2404 1811 2463 studii
1841 2415 1980 2474 opus

2153 2405 2332 2460 Τοῦτο
2383 2406 2494 2474 γὰρ
2545 2405 2642 2459 καὶ
2700 2404 3016 2476 μυστηρίων
3069 2405 3169 2458 καὶ
3225 2403 3449 2474 μελέτης
3493 2401 3627 2471 ἔργον

407 2531 516 2586 est,
555 2517 697 2588 quod
729 2516 878 2570 illius
908 2512 1052 2581 quod
1091 2525 1212 2563 vere
1248 2507 1451 2561 bonum
1484 2509 1568 2557 est
1608 2495 1955 2554 tantummod

2085 2496 2401 2568 ἀνθρώπου,
2458 2497 2562 2588 ,την
2619 2497 2846 2588 γνώμην
2907 2494 3072 2564 μόνου
3123 2495 3379 2564 γενέσθαι
3431 2492 3520 2546 τοῦ
3569 2493 3631 2554 ὡς

394 2615 548 2668 ratio
573 2586 868 2664 Vitabeatur
897 2643 912 2659 .
966 2603 1102 2657 Nam
1155 2600 1318 2656 totius
1346 2611 1472 2667 erga
1515 2595 1760 2648 homines
1790 2589 1942 2644 divin.

2085 2589 2301 2660 ἀληθῶς
2332 2587 2560 2657 ἀγαθοῦ.
2587 2587 2697 2642 Καὶ
2721 2588 2830 2657 γὰρ
2853 2587 2952 2658 τῆς
2981 2587 3076 2640 τοῦ
3109 2586 3246 2642 Θεοῦ
3271 2587 3399 2656 περὶ
3419 2586 3475 2640 τὸ
3497 2586 3629 2654 γένος

406 2722 550 2761 cura:
578 2703 727 2766 finis,
762 2708 824 2753 ut
867 2697 1133 2758 videmus,
1163 2693 1269 2746 hoc
1320 2702 1490 2743 unum
1542 2694 1644 2751 est,
1673 2691 1728 2738 et
1776 2681 1844 2737 ad
1884 2682 1952 2735 lto

2087 2679 2410 2752 ἐπιμελείας
2446 2680 2668 2750 ἀπάσης
2721 2681 2896 2733 ἐκεῖνο
2925 2679 3092 2751 μόνον
3125 2680 3279 2744 τέλος
3326 2679 3466 2733 ἐστιν
3505 2678 3629 2740 ἰδεῖν,

397 2797 584 2855 ~tendit
607 2794 785 2851 omnis
816 2793 1084 2845 bonorum
1122 2781 1412 2854 promissio
1441 2777 1726 2845 omnisque
1754 2772 1945 2829 comnti

2088 2774 2180 2829 καὶ
2221 2773 2358 2843 πρὸς
2387 2772 2546 2826 τοῦτο
2575 2775 2725 2827 πᾶσα
2757 2775 2856 2842 μὲν
2886 2772 3109 2841 ἀγαθῶν
3141 2770 3440 2840 ἐπαγγελία
3477 2769 3630 2840 φέρει,

405 2888 562 2942 natio
634 2883 928 2939 malorum.
975 2876 1152 2945 Hujus
1181 2873 1345 2925 etiam
1380 2869 1549 2938 gratia
1582 2889 1587 2895 -
1616 2866 1757 2918 Deus
1823 2877 1951 2915 ntun

2090 2866 2241 2920 πᾶσα
2262 2865 2320 2918 δὲ
2353 2864 2539 2919 κακῶν
2565 2865 2764 2936 ἀπειλή
2795 2880 2808 2894 °
2840 2866 2936 2919 καὶ
2957 2863 3154 2918 τούτου
3183 2864 3345 2935 χάριν
3365 2865 3391 2916 6
3417 2864 3536 2925 Θεὸς
3559 2861 3634 2914 τὸν

412 2979 542 3033 dum
596 2974 754 3029 nobis
790 2973 936 3025 hunc
990 2963 1298 3026 aediﬁcavit,
1346 2963 1596 3029 legi-sque
1643 2955 1860 3027 posuit,
1920 2967 1960 3006 at

2087 2958 2293 3029 κόσμον
2317 2958 2449 3028 ἡμῖν
2481 2956 2796 3028 ᾠκοδόμησε
2845 2957 3052 3023 τοῦτον,
3109 2960 3206 3011 καὶ
3250 2957 3441 3026 νόμους
3472 2955 3634 3025 ἔθηκε,

398 3071 560 3125 inille
585 3067 746 3123 bonis
773 3058 1300 3124 cumulavit,—multis
1338 3064 1519 3109 autem
1579 3067 1672 3105 rur
1707 3065 1769 3104 us
1812 3056 1946 3101 extet

2089 3051 2182 3103 καὶ
2216 3049 2435 3120 μυρίοις
2471 3049 2571 3118 μὲν
2599 3045 2733 3118 ἦσεν
2763 3050 3012 3118 ἀγαθοῖς,
3046 3048 3266 3111 πολλοῖς
3313 3047 3367 3100 δὲ
3403 3044 3635 3118 μετῆλθεν

415 3163 526 3216 ruit
563 3159 745 3223 malis,
774 3166 833 3210 ut
867 3154 935 3208 ad
994 3149 1344 3218 semetipsum
1390 3159 1490 3198 nos
1531 3141 1775 3196 alliceret
1812 3139 1963 3191 addui

2091 3143 2358 3213 ἀνιαροῖς,
2392 3141 2462 3195 ἶν’
2494 3143 2575 3205 εἰς
2605 3141 2799 3195 ἑαυτὸν
2833 3140 3146 3214 ἐπιστρέψῃ
3179 3143 3277 3196 καὶ
3308 3143 3462 3210 πείσῃ
3488 3139 3635 3191 θέλειν

400 3258 752 3321 verctqueut
802 3248 978 3317 ipsum
1031 3244 1204 3298 solum
1264 3238 1492 3292 velimus
1554 3249 1617 3288 ac
1678 3231 1948 3299 diligantur

2093 3232 2255 3321 αὐτὸν
2283 3235 2374 3287 καὶ
2416 3235 2580 3304 μόνον
2609 3231 2810 3302 φιλεῖν.
2842 3231 3013 3285 Τοῦτο
3041 3232 3100 3285 δὲ
3147 3233 3332 3304 δῆλον,
3357 3235 3413 3298 ἐξ
3438 3225 3506 3284 ὧν
3532 3229 3639 3284 ταὺ-

415 3343 531 3396 lloe
582 3319 769 3394 autem
845 3330 1192 3388 manifestum
1263 3335 1348 3382 est
1393 3340 1460 3378 ex
1510 3340 1575 3378 eo
1640 3321 1781 3389 quod
1852 3319 1963 3371 han

2091 3344 2192 3397 την
2217 3319 2397 3398 μόνην
2424 3325 2556 3398 παρ’
2580 3329 2612 3397 η
2623 3327 2760 3395 μῶν,
2789 3326 2931 3396 ὑπὲρ
2960 3320 3033 3380 ὧν
3060 3322 3122 3380 εὖ
3156 3329 3473 3396 πεποίηκεν,
3502 3326 3637 3378 ἀπαι-

405 3440 586 3493 solam
618 3449 647 3487 a
685 3430 867 3491 nobis,
897 3427 950 3479 in
999 3437 1144 3495 quos
1188 3417 1453 3475 beneﬁcia
1474 3414 1728 3477 contulit,
1754 3425 1944 3479 reposc

2093 3425 2177 3475 τεῖ
2204 3422 2304 3492 τὴν
2335 3423 2529 3492 φορὰν,
2555 3420 2616 3474 τὸ
2647 3421 2850 3489 ἀγαθὸν
2878 3421 3171 3491 βούλεσθαι
3196 3423 3295 3476 καὶ
3322 3422 3417 3492 τὴν
3445 3418 3639 3490 γνώμην

417 3526 750 3585 mercedem,
784 3530 836 3574 ut
872 3519 1102 3573 Velimns
1126 3516 1327 3569 bonum
1360 3509 1577 3579 etquod
1599 3509 1884 3559 honestum
1909 3516 1965 3555 es

2094 3507 2237 3566 εἶναι
2264 3513 2572 3584 χρηστούς³
2605 3513 2700 3567 καὶ
2732 3513 3071 3584 μαρτυροῦσι
3105 3513 3207 3583 μὲν
3231 3513 3440 3566 ἐντολαὶ
3471 3515 3637 3576 πᾶσατ,

409 3628 600 3675 mente
637 3616 960 3670 recolantus.
1009 3607 1125 3662 Hoc
1179 3613 1451 3660 testantur
1483 3599 1664 3655 omnia
1686 3605 1950 3669 praecepta

2099 3605 2436 3677 μαρτυροῦσι
2466 3606 2522 3660 δὲ
2575 3607 2928 3676 παραινέσεις
2961 3607 3056 3660 καὶ
3106 3608 3299 3672 ἁπλῶς
3342 3607 3490 3676 λόγος
3521 3606 3641 3666 ἅπας

409 3715 522 3767 hoc
575 3707 989 3764 exhortationes
1043 3711 1099 3756 et
1157 3697 1340 3754 omnis
1395 3689 1957 3761 scrmorespiciensc

2095 3696 2404 3766 ἀνθρώποις
2435 3695 2629 3764 ὄφελος
2664 3696 2826 3766 ἔχων,
2865 3697 2946 3758 εἰς
2990 3695 3156 3750 τοῦτο
3189 3700 3394 3768 φέρων.
3427 3697 3527 3751 Καὶ
3552 3694 3641 3762 γὰρ

409 3797 1035 3874 producenshominum
1069 3793 1378 3847 utilitatem.
1413 3785 1587 3841 llomo
1617 3785 1760 3838 enim
1785 3778 1957 3850 cupidi

2095 3786 2410 3852 πλεονεξίαν
2434 3787 2677 3858 ἀναιρῶν
2728 3789 2824 3841 καὶ
2859 3789 3133 3858 σωμάτων
3180 3788 3478 3858 ἐπιθυμίαν
3505 3786 3643 3838 κολά-

410 3907 583 3952 tatem
618 3893 1026 3952 condemnans,
1060 3883 1300 3941 carnalia
1349 3879 1618 3936 desideria
1669 3874 1958 3944 reprimens

2097 3875 2204 3943 ζων
2235 3879 2331 3932 καὶ
2359 3879 2532 3948 θυμὸν
2579 3878 2763 3950 ἀγχων
2816 3881 2909 3936 καὶ
2945 3879 3319 3948 μνησικακίαν
3371 3877 3641 3940 ἐκϐάλλων,

413 3987 759 4044 iracundiam
794 3975 1075 4037 refrenans
1109 3977 1349 4044 malique
1379 3969 1696 4026 meritoriam
1731 3964 1954 4020 abolens

2094 3969 2249 4022 οὐδὲν
2277 3968 2310 4038 ἢ
2339 3969 2570 4040 γνώμης
2595 3971 2945 4041 χρηστότητα
2977 3971 3070 4024 καὶ
3101 3970 3406 4024 ἐπιείκειαν
3431 3970 3639 4024 ἀπαιτεῖ·

413 4080 554 4133 nihil
637 4077 740 4130 nisi
821 4071 1115 4128 voluntatis
1198 4069 1499 4122 bonitatem
1553 4070 1609 4116 et
1667 4057 1961 4114 modestiat

2095 4063 2189 4114 καὶ
2223 4058 2456 4128 «eam;
2501 4063 2560 4116 ἐν
2614 4061 2886 4131 πνεύματι
2940 4064 3187 4133 πτωχεία
3233 4064 3328 4118 καὶ
3369 4063 3426 4116 τὸ
3457 4058 3642 4114 πενθεῖν

410 4172 702 4238 exposcit;
733 4178 1059 4232 rursumque
1107 4167 1397 4228 paupertas
1440 4155 1494 4208 in
1539 4151 1760 4222 Spiritu,
1788 4149 1958 4202 luctus

2095 4155 2190 4206 καὶ
2228 4153 2288 4206 τὸ
2338 4153 2510 4208 ἐλεεῖν
2554 4156 2650 4208 καὶ
2697 4157 2758 4207 τὸ
2791 4156 2967 4226 πρᾶον
3014 4151 3162 4209 εἶναι
3204 4158 3300 4208 καὶ
3351 4157 3453 4209 τῶν
3493 4153 3643 4207 ἄλλων

423 4258 820 4319 misericordia,
841 4252 1228 4312 mansuetudo,
1249 4259 1508 4301 etca'tera
1521 4251 1740 4305 cuncta,
1759 4254 1971 4310 quorun

2095 4244 2346 4312 ἕκαστον,
2375 4243 2413 4299 ἀ
2467 4246 2596 4308 τοὺς
2642 4245 3042 4316 κατορθοῦντας
3092 4247 3122 4299 6
3167 4246 3402 4316 Χριστ“ς
3449 4246 3643 4298 eam:

416 4365 720 4410 sectatores
739 4348 996 4403 Christus
1019 4343 1306 4412 appellavit
1333 4341 1540 4401 beatos,
1557 4333 1844 4388 manifeste
1866 4346 1964 4386 sun

2099 4336 2431 4407 μακαρίους,
2469 4337 2712 4408 ἀτεχνῶς
2737 4337 2876 4407 ἔργα
2908 4337 3203 4408 θελήσεως.
3238 4337 3360 4392 Ἐτι
3383 4338 3438 4391 δέ
3461 4338 3516 4390 τὸ
3540 4353 3646 4389 συν-

410 4461 587 4514 opera
619 4439 936 4497 voluntatis.
967 4435 1071 4490 St'd
1121 4444 1176 4486 et
1213 4433 1375 4484 rectis
1421 4425 1733 4484 consentire
1773 4423 1958 4493 dogma

2101 4429 2289 4484 θέσθαι
2322 4433 2434 4494 τοῖς
2461 4430 2639 4502 ὀρθοῖς
2667 4431 2775 4484 τῶν
2805 4432 3092 4502 δογμάτων
3121 4433 3219 4485 mi.
3267 4434 3397 4502 περὶ
3429 4429 3556 4484 Θεοῦ
3586 4429 3643 4480 τὰ

427 4540 570 4590 tibus
623 4543 677 4587 et
727 4529 910 4584 omnia
944 4528 1009 4580 ad
1043 4523 1211 4578 Deum
1246 4523 1470 4586 referre,
1509 4520 1644 4573 bene
1665 4524 1975 4570 moratorun

2103 4523 2231 4577 ῦντα
2261 4521 2578 4586 πιστεῦσαι,
2614 4522 2723 4575 τῶν
2771 4524 3132 4593 εὐγνωμόνων
3165 4525 3377 4587 γίνεται
3400 4538 3416 4556 ο
3448 4521 3538 4575 καὶ
3565 4537 3651 4574 κα·-

410 4639 542 4692 est;
595 4643 661 4679 ac
706 4620 970 4686 omnino,
1021 4627 1242 4686 propter
1286 4612 1615 4669 cltaritatem
1672 4608 1816 4663 Deus
1867 4606 1955 4660 dic

2103 4613 2261 4667 θόλου
2285 4615 2382 4684 τῆς
2412 4615 2634 4687 ἀγάπης
2659 4615 2823 4667 ἕνεκα
2854 4616 3030 4669 πάντα
3056 4617 3226 4687 φησὶν
3250 4619 3278 4670 6
3300 4615 3433 4678 Θεὸς
3456 4613 3651 4681 τεθῆναι

417 4738 642 4778 omnem
678 4718 902 4788 positam
933 4711 1290 4780 essclegem;
1341 4707 1578 4762 charitas
1619 4714 1796 4756 autem
1848 4701 1965 4753 bon:

2102 4707 2194 4759 τὸν
2223 4706 2407 4776 νόμον,
2451 4708 2484 4777 ή
2536 4705 2594 4759 δὲ
2643 4706 2834 4776 ἀγάπη
2875 4706 2976 4776 τῆς
3023 4707 3257 4776 γνώμης
3291 4707 3438 4761 ἐστὶν
3482 4703 3649 4776 ἀρετή.

414 4813 623 4868 ιιιιιοίιε
645 4822 728 4863 est
755 4809 948 4860 \irtus.
975 4803 1112 4857 Cum
1148 4803 1314 4869 igitur
1347 4806 1468 4867 post
1496 4809 1714 4850 omnem
1759 4789 1962 4860 discipli

2105 4794 2234 4848 Ὅτε
2267 4796 2451 4849 τοίνυν
2487 4795 2625 4865 μετὰ
2667 4795 2848 4847 πᾶσαν
2885 4793 3137 4847 παιδείαν
3176 4797 3272 4848 καὶ
3301 4793 3546 4864 πρόνοιαν
3577 4789 3653 4841 θε-

431 4921 554 4959 nam
594 4898 1054 4970 ant-midentiam
1087 4890 1380 4948 voluntatis
1411 4888 1554 4943 Deus
1583 4901 1611 4939 a
1640 4884 1794 4939 nobis
1821 4881 1973 4949 requi

2103 4886 2311 4956 λήσεως
2358 4887 2508 4956 ἡμᾶς
2547 4887 2575 4938 6
2629 4883 2765 4948 Θεὸς
2812 4885 3135 4954 είσπράττει
3195 4885 3464 4955 καρποὺς,
3515 4877 3650 4950 δῆλόέ

430 5008 514 5050 rat
565 4996 813 5056 fructus,
839 4990 1117 5043 evidenter
1173 4987 1224 5038 in
1268 4982 1417 5037 illam
1455 4987 1650 5035 cuncta
1682 4976 1978 5037 seminat,e

2104 4979 2258 5030 ἐστιν
2291 4979 2371 5040 εἰς
2432 4975 2650 5045 ἐκείνην
2698 4975 2919 5030 ἅπαντα
2968 4976 3212 5046 σπείρων
3261 4975 3354 5030 καὶ
3413 4975 3576 5026 πᾶσαν
3602 4971 3650 5019 ἐν

419 5102 648 5143 omnem
684 5086 735 5137 in
769 5098 832 5137 ea
862 5081 1083 5149 deponit
1114 5076 1178 5130 ad
1227 5078 1432 5129 bonum
1475 5074 1771 5141 potentiam
1804 5082 1868 5121 ac
1896 5065 1967 5120 dit

2104 5071 2243 5140 αὐτῇ
2272 5069 2757 5138 καταϐαλλόμενος
2798 5069 2897 5136 τὴν
2931 5069 3010 5132 είς
3040 5067 3283 5136 τάγαθὸν
3322 5064 3544 5133 δύναμιν
3571 5058 3649 5113 καὶ

435 5179 782 5250 positionem.
854 5173 1042 5239 itaque
1111 5167 1442 5238 baptismum
1516 5175 1735 5232 quoque
1782 5159 1851 5212 ad
1901 5158 1983 5210 ιιοι

2103 5162 2482 5229 παρασκευήν.
2535 5159 2745 5211 οὐκοῦν
2797 5160 2892 5211 καὶ
2938 5160 2998 5212 τὸ
3056 5157 3341 5228 βάπτισμα
3387 5158 3469 5209 διὰ
3516 5151 3650 5204 τοῦτο

417 5275 592 5330 nobis
638 5270 806 5334 dedit,
841 5275 896 5321 et
925 5269 977 5320 in
1010 5265 1222 5319 caeteris
1247 5276 1346 5316 nos
1387 5259 1644 5322 initiavit,
1670 5263 1727 5309 ttt
1764 5254 1818 5309 in
1849 5252 1965 5308 nohi

2105 5249 2309 5303 δέδωκε
2343 5253 2435 5303 και⁵
2487 5248 2660 5302 τᾶλλα
2701 5249 2854 5318 ἡμᾶς
2909 5249 3182 5314 ἐτέλεσεν,
3238 5248 3325 5300 ἵνα
3373 5245 3502 5314 πρὸς
3538 5241 3649 5308 ἡμῖν

433 5373 634 5425 bertam
663 5367 902 5420 efﬁceret
927 5361 1280 5421 voluntatem,
1308 5354 1374 5409 ad
1399 5353 1541 5423 quod
1566 5351 1797 5421 pertinet
1823 5348 1981 5400 omnis

2104 5344 2318 5413 ἀγαθὴν
2349 5345 2549 5414 ποιήσῃ
2583 5344 2681 5412 τὴν
2716 5343 2965 5411 γνώμην,
3001 5343 3094 5394 καὶ
3144 5341 3299 5392 πᾶσα
3331 5338 3438 5389 τῶν
3470 5346 3651 5403 μυστη-

419 5463 823 5531 ριιιγςιριιιοωιιι
860 5462 1104 5526 potestas
1149 5462 1204 5504 et
1250 5463 1388 5503 nova
1431 5448 1555 5500 inde
1586 5442 1839 5497 exoriens
1873 5441 1967 5492 vita

2109 5439 2240 5507 ρῐων
2273 5438 2305 5507 ἡ
2334 5435 2564 5506 δύναμις
2595 5437 2747 5505 καὶὴ
2783 5436 2944 5504 καινὴ
2984 5433 3097 5504 ζωὴ
3143 5432 3276 5504 παρ’
3307 5431 3461 5498 αὐτῇ.
3496 5424 3647 5483 ὀλως

427 5557 699 5607 Caeterum
745 5551 875 5620 quid
931 5547 1144 5598 tandem
1201 5543 1358 5595 nobis
1405 5536 1690 5608 potestatis
1719 5529 1975 5588 conferun

2107 5531 2162 5582 δὲ
2191 5529 2243 5582 τί
2278 5546 2410 5582 ποτε
2435 5531 2565 5599 ἡμῖν
2596 5529 2652 5581 ai
2685 5528 2899 5579 τελεταὶ
2932 5526 3228 5591 δύνανται;
3260 5523 3398 5592 Πρὸς
3424 5521 3507 5572 τὸν
3537 5513 3650 5584 μέλ’

423 5642 721 5711 xnysteria?
762 5604 851 5693 ⁸ΔιΙ
910 5638 1143 5692 httnratn
1209 5634 1373 5686 vitam
1405 5604 1419 5608 -
1447 5635 1776 5701 praeparant,
1821 5633 1880 5678 ut
1931 5622 1971 5674 ai

2106 5621 2270 5675 λοντα
2311 5621 2424 5692 βίον
2461 5618 2948 5690 παρασκευάζουσι
2976 5634 2990 5647 ο
3038 5637 3056 5671 ι
3095 5619 3365 5685 Δυνάμεις
3413 5612 3513 5678 γαρ
3559 5604 3649 5654 εισι

422 5731 667 5799 ξυιυς,
687 5749 710 5782 ι
737 5731 959 5786 virtutes
985 5738 1112 5786 sunt
1142 5723 1354 5783 venturi
1385 5720 1592 5780 saeculi.
1618 5738 1635 5773 ι
1664 5718 1805 5785 Quid
1825 5726 1970 5772 autet

2114 5715 2209 5768 τοῦ
2244 5713 2528 5787 μέλλοντος
2552 5712 2768 5776 αἰῶνος,
2811 5730 2827 5762 ι
2931 5727 3060 5781 φησι
3091 5709 3300 5770 Παῦλος
3321 5721 3338 5738 ⁶
3368 5705 3420 5757 τί
3447 5701 3498 5755 δέ
3520 5691 3648 5748 ἐστιν
