3982 6208
356 383 466 446 689

1351 389 1448 448 DE
1491 390 1660 448 VITA
1703 391 1778 449 IN
1822 389 2149 448 CHRISTO
2191 391 2334 451 LIB.
2373 392 2508 450 VH.

3480 396 3547 455 G‘J
3564 396 3582 451 l

355 487 400 562 ᾧ
416 494 564 566 μόνῳ
592 496 1127 570 παρασκευαζόμεθα
1151 518 1164 565 ;
1199 499 1272 554 Τὸ
1301 505 1544 574 τηρῆσαι
1571 503 1669 568 τὰς
1702 505 1920 568 ἐντολὰς

2029 509 2109 556 est
2149 501 2398 573 ad‘quod
2453 519 2624 557 unum
2681 503 3169 572 disponimur?Ad
3234 504 3376 560 illius
3409 515 3590 560 custo-

357 586 449 640 τοῦ
481 587 782 655 στεφανοῦν
823 589 920 642 καὶ
947 589 1203 655 κολάζειν
1245 593 1338 645 ἐπὶ
1366 593 1463 646 τοῦ
1514 594 1802 663 μέλλοντος
1828 596 1924 647 δυ-

358 678 614 746 ναμένου·
646 678 804 734 τοῦτο
839 681 950 750 γὰρ
977 682 1069 735 τὸν
1099 681 1234 735 Θεὸν
1265 682 1429 736 αύτδν
1468 684 1600 752 ἡμῖν
1645 685 1921 749 ὲνοικίζει.

362 779 382 812 ι
427 762 485 815 ’0
516 764 625 833 γὰρ
673 766 909 832 ἀγαπῶν
951 785 1041 838 με,
1078 771 1230 840 φησὶ,
1272 770 1370 834 τάς
1416 772 1637 828 ιντολάε
1677 791 1778 842 μου
1831 792 1925 843 τη-

361 854 538 923 ρήσει,
570 859 666 911 xei.
691 858 719 910 6
743 858 934 929 Πατήρ
962 878 1065 930 μου
1096 864 1379 934 ἀγαπήσει
1415 867 1600 930 αὑτὸν,
1637 868 1735 920 καὶ
1771 867 1924 920 ἐλευ-

359 943 586 1013 σόμεθα,
617 947 710 999 καὶ
753 948 925 1018 μονὴν
978 952 1111 1020 παρ’
1135 953 1283 1024 αὑτῷ
1329 955 1653 1026 ποιήσομεν.
1693 974 1712 1008 ι
1742 955 1818 1008 Τδ
1868 956 1924 1009 δὲ

360 1036 532 1090 σῶσαι
559 1037 690 1101 τοὺς
729 1039 929 1110 νόμους
955 1043 1054 1113 τῆς
1086 1043 1312 1115 γνώμης
1342 1047 1490 1100 ἅπαν
1516 1047 1652 1102 ἐστί.
1683 1048 1791 1102 Καὶ
1815 1048 1924 1118 γὰρ

358 1123 498 1182 ἆθλα
529 1132 706 1184 κεῖται
741 1134 854 1196 τοῖς
886 1134 1183 1190 αἰδεσθεῖσι
1211 1139 1304 1192 τὸν
1343 1139 1641 1211 νομοθέτην
1673 1143 1923 1212 καθάπερ

357 1221 620 1290 τιμωρίαι
671 1225 785 1287 τοῖς
819 1224 1182 1297 ὗπερόπταις,
1229 1228 1291 1282 τὸ
1321 1230 1378 1282 δὲ
1424 1231 1666 1285 τοιοῦτον
1711 1233 1921 1287 ἐθελού-

360 1327 494 1387 σιον.
542 1311 711 1366 Τοῦτο
741 1315 850 1386 γάρ
879 1317 995 1370 ἐστι
1027 1319 1126 1389 τῆς
1153 1318 1332 1389 ψυχῆς
1355 1321 1414 1373 τὸ
1439 1323 1538 1385 τὰς
1571 1323 1808 1380 εὐθύνας
1837 1325 1922 1378 δε-

359 1402 588 1472 χόμενον
627 1407 926 1476 πανταχοῦ,
967 1411 1061 1462 καὶ
1107 1410 1220 1463 τῶν
1250 1412 1601 1467 παντάπασιν
1649 1417 1922 1469 ἀκουσίων

358 1494 478 1548 οὔτε
513 1497 776 1562 στέφανον
802 1499 926 1553 οὔτε
977 1504 1252 1573 τιμωρίαν
1284 1504 1430 1573 εὖροι
1459 1522 1545 1570 τις
1583 1507 1650 1562 ἄν
1676 1523 1688 1536 ⁸
1726 1508 1921 1561 οὐκοῦν

359 1589 407 1639 εῖ
435 1588 534 1656 τὴν
555 1590 782 1661 γνώμην
811 1591 1196 1663 ἀναπτύξομεν
1227 1595 1322 1649 τοῦ
1359 1597 1501 1651 κατά
1531 1598 1663 1651 Θεὸν
1694 1599 1916 1664 ζῶντος,

359 1681 417 1731 ὲν
445 1680 586 1751 αὐτῇ
619 1682 944 1750 λάμπουσαν
974 1687 1283 1758 εὑρήσομεν
1311 1688 1412 1759 τὴν
1441 1692 1718 1761 μακαρίαν
1749 1690 1916 1760 ζωήν·

359 1769 506 1824 ὠσάν
535 1771 592 1825 δὲ
619 1775 798 1826 πᾶσαν
823 1775 992 1846 αὐτῆς
1023 1777 1255 1847 εἰδῶμεν
1294 1779 1390 1848 τὴν
1415 1780 1668 1850 δύναμιν,
1702 1784 1789 1835 ἐπ’
1820 1783 1916 1835 αὐο

359 1859 458 1927 τῆς
486 1860 654 1929 αὐτὴν
685 1863 997 1932 σκεψόμεθα
1027 1871 1123 1936 τῆς
1170 1869 1498 1940 ὑπερϐολῆς,
1545 1871 1794 1940 καθάπερ
1823 1873 1915 1927 καὶ

361 1951 607 2022 σώματος
635 1955 788 2025 ἰσχὺν
831 1957 924 2008 ἐπὶ
960 1959 1057 2028 τῆς
1092 1961 1298 2029 ἀκμῆς.
1337 1961 1648 2034 ’Υπερδολὴ
1674 1965 1731 2016 δὲ
1759 1964 1920 2032 θελή-

360 2059 494 2105 σεως
527 2043 688 2113 ἡδονὴ
728 2046 822 2100 καὶ
874 2047 1043 2118 λύπη,
1077 2050 1137 2102 τὸ
1175 2053 1273 2120 μὲν
1315 2055 1686 2125 προσιεμένης
1717 2056 1918 2125 ότιοῦν,

360 2136 533 2190 ἐκεῖνο
562 2137 618 2191 δὲ
651 2141 1059 2211 ἐκτρεπομένης
1083 2159 1100 2175 ο
1135 2145 1257 2197 ὅθεν
1299 2147 1357 2197 ὲν
1397 2147 1607 2211 τούτοις
1637 2149 1921 2218 ἄνθρωπος

359 2227 386 2279 ὅ
412 2245 465 2282 τι
495 2229 629 2292 ἔστι,
663 2232 935 2301 φαίνεται,
973 2236 1068 2290 καὶ
1092 2236 1265 2292 ταῦτα
1299 2239 1387 2291 τὸν
1418 2240 1653 2294 ὲκάστου
1677 2241 1920 2305 δείκνυσι

359 2323 556 2392 τρόπον
589 2327 681 2377 καὶ
729 2328 855 2390 τοὺς
891 2331 1164 2399 πονηροὺς
1213 2329 1449 2402 διίστησι
1489 2333 1600 2386 τῶν
1645 2334 1918 2402 χρηστῶν.

363 2416 469 2467 Καὶ
493 2416 636 2469 οῦτω
671 2419 844 2483 διττὸς
875 2423 902 2474 ὁ
926 2422 1036 2474 τῶν
1061 2421 1366 2492 ἀνθρώπων
1395 2425 1607 2492 γίνεται
1641 2426 1778 2496 βίος,
1814 2427 1922 2478 τῶν

366 2508 462 2574 μὲν
489 2511 743 2580 πονηρῶν
767 2517 1011 2583 αἰσχροῖς
1043 2518 1138 2569 καὶ
1173 2516 1444 2586 ματαίοις,
1481 2519 1590 2571 τῶν
1623 2520 1679 2572 δὲ
1702 2521 1922 2587 ἀγαθῶν

363 2601 662 2670 χαιρόντων
686 2608 798 2668 τοῖς
835 2608 1078 2674 ἀγαθοῖς,
1113 2611 1209 2662 καὶ
1248 2611 1358 2664 τῶν
1394 2613 1493 2679 μὲν
1533 2616 1645 2675 τοῖς
1678 2613 1925 2666 δοκοῦσιν

364 2693 574 2760 ἀηδέσι,
599 2697 706 2749 τῶν
735 2698 791 2750 δὲ
820 2703 932 2763 τοῖς
967 2702 1041 2763 ὡς
1081 2702 1297 2774 ἀληθῶς
1339 2705 1528 2766 κακοῖς
1569 2704 1885 2774 ἀχθομένων
1907 2719 1922 2733 ⁸

368 2786 458 2838 καὶ
501 2787 563 2838 οὐ
617 2791 851 2858 πονηρία
901 2793 992 2843 καὶ
1048 2793 1357 2863 χρηστότης
1415 2795 1597 2862 μόνον,
1639 2796 1774 2848 ἀλλά
1832 2795 1926 2850 καὶ

368 2873 619 2943 ῥᾳστώνη
651 2875 769 2944 βίου
805 2880 898 2931 καὶ
930 2879 1187 2933 δυσκολία
1213 2884 1304 2934 καὶ
1334 2883 1392 2934 τὺ
1432 2883 1719 2953 δυστυχεῖν
1748 2885 1841 2936 καὶ
1867 2885 1927 2938 τὸ

366 2966 624 3031 πράττειν
654 2962 712 3020 εὖ
744 2968 852 3021 ἀπὸ
894 2970 1100 3023 τούτων
1141 2974 1410 3041 κρίνεται.
1445 2968 1542 3036 Οἷς
1572 2975 1752 3027 τοίνυν
1801 2979 1929 3048 περὶ

367 3054 508 3124 ζωῆς
535 3059 815 3128 μακαρίας
853 3063 880 3114 6
925 3061 1102 3128 λόγος.
1132 3064 1248 3127 πῶς
1279 3065 1379 3118 οὒκ
1418 3067 1692 3134 ἀναγκαία
1724 3069 1930 3122 τούτων

2027 593 2222 648 dienda
2277 603 2564 663 praecepta,
2603 595 2697 664 qui
2747 606 2924 665 potest
2949 596 3001 650 in
3033 597 3276 651 futurum
3323 614 3590 653 coronare

2029 686 2110 740 vel
2139 686 2361 756 punire;
2399 687 2503 742 hoc
2533 689 2676 742 enim
2716 687 2883 743 Deum
2923 691 3100 759 ipsum
3140 691 3190 743 in
3226 691 3384 744 nobis
3428 692 3587 745 inha-

2029 776 2202 832 bitare
2253 777 2403 833 facit.
2439 798 2457 831 ι
2499 779 2599 846 Qui
2655 780 2824 841 enim,
2857 781 3054 849 inquit,
3083 781 3259 850 diligit
3295 800 3402 846 me,
3454 801 3591 853 prm-

2025 877 2179 938 cepta
2227 884 2344 923 mea
2373 869 2633 932 servabit,
2675 878 2728 924 et
2757 868 2917 924 Pater
2959 886 3111 925 meus
3142 871 3330 940 diliget
3357 887 3504 936 eum,
3535 881 3590 926 et

2027 961 2307 1018 veniemus
2328 1002 2345 1027 ,
2379 973 2435 1016 et
2466 963 2802 1017 mansionem
2853 965 2994 1032 apud
3027 964 3207 1033 ipsum
3239 960 3517 1019 faciemus.
3564 984 3582 1017 ι

2027 1054 2150 1109 Haec
2173 1065 2353 1108 autem
2385 1054 2696 1109 observatio
2728 1055 2926 1125 legum,
2951 1055 3016 1110 ad
3058 1055 3388 1110 voluntatem
3434 1073 3610 1126 prora

2026 1161 2122 1199 sus
2143 1147 2356 1199 attinet.
2377 1145 2587 1199 Etenim
2607 1147 2824 1214 prtemia
2845 1155 3046 1215 pra‘sto
3070 1158 3196 1202 sunt
3228 1148 3587 1215 legislatomn

2027 1236 2426 1300 venerantibus,
2450 1237 2906 1306 quemadmodum
2939 1254 3110 1307 paenae
3133 1239 3552 1307 despicientibus
3574 1255 3588 1296 ;

2025 1327 2204 1382 ethoc
2231 1327 2592 1380 voluntarium
2622 1336 2723 1381 est.
2762 1327 2875 1382 Hoc
2907 1328 3049 1382 enim
3073 1337 3156 1383 est
3188 1331 3408 1396 animm,
3446 1331 3588 1398 quod

2026 1413 2366 1484 disciplinam
2417 1415 2616 1485 ubique
2643 1416 2875 1484 recipit;
2897 1426 2950 1471 ει
2973 1417 3189 1470 illorum
3221 1435 3340 1486 quae
3367 1433 3592 1487 prorsus

2025 1503 2193 1560 invite
2216 1517 2470 1576 aguntur,
2503 1523 2665 1562 nemo
2687 1523 2942 1561 coronam
2976 1523 3076 1562 nec
3104 1525 3320 1578 poenam
3355 1510 3592 1562 invenire

2024 1600 2217 1670 possit.
2271 1599 2458 1670 Itaque
2512 1601 2557 1654 si
2597 1601 2929 1655 voluntatem
2981 1601 3102 1669 ejus
3151 1602 3244 1670 qui
3289 1599 3590 1655 secundum

2028 1691 2196 1746 Deum
2217 1691 2368 1756 vivit,
2388 1691 2836 1760 expanderimus,
2865 1692 2919 1745 in
2941 1691 3042 1745 hac
3066 1691 3333 1744 lucentem
3349 1689 3593 1743 invenie-

2027 1800 2148 1838 mus
2167 1785 2379 1838 beatam
2399 1783 2566 1837 vitam
2589 1800 2603 1847 ;
2625 1792 2682 1836 ut
2707 1794 2887 1837 autem
2904 1799 3125 1838 omnem
3146 1782 3291 1836 illius
3310 1781 3594 1835 videamus

2021 1877 2341 1947 potentiam,
2379 1876 2518 1931 lianc
2545 1877 2596 1929 in
2630 1877 2742 1946 ipsa
2764 1875 3169 1945 speculabimur
3187 1873 3590 1943 exsuperantia,

2019 1969 2478 2041 quemadmodum
2500 1967 2748 2037 corporis
2777 1967 2918 2021 vires
2941 1967 3318 2035 iujuventule.
3347 1963 3593 2032 Exsupe-

2022 2061 2195 2117 rantia
2219 2069 2402 2115 autem
2439 2059 2741 2115 voluntatis
2758 2069 2843 2114 est
2868 2060 3120 2129 voluptas
3151 2067 3203 2112 et
3237 2058 3437 2119 luctus,
3462 2057 3598 2112 hinc

2020 2151 2235 2221 quidem
2255 2150 2617 2221 quodcunque
2632 2147 3226 2218 laetanteraceipientis,
3251 2147 3397 2200 illiue
3415 2155 3590 2200 autem

2024 2244 2352 2312 repellentis.
2380 2240 2533 2296 Unde
2589 2243 2750 2295 homo
2783 2240 2911 2309 quid
2955 2241 3024 2295 sit
3087 2239 3140 2293 in
3201 2239 3286 2293 bis
3336 2246 3597 2308 apparot;

2024 2337 2137 2389 haec
2174 2334 2608 2402 uniuscujusque
2668 2347 2849 2386 mores
2880 2333 3198 2396 ostendunt,
3233 2347 3294 2388 ac
3335 2347 3530 2402 pravos
3564 2348 3592 2386 a

2025 2422 2179 2476 bonis
2235 2430 2548 2476 secernunt.
2589 2421 2652 2474 Et
2703 2424 2774 2475 ita
2808 2421 3004 2490 duplex
3035 2422 3091 2475 lit
3127 2423 3409 2477 hominum
3458 2422 3598 2484 vita,

2026 2528 2316 2581 pravorum
2350 2511 2567 2582 quidem
2605 2512 2694 2581 qui
2728 2513 2793 2567 de
2828 2512 3078 2580 turpibus
3111 2513 3370 2582 vanisque
3406 2513 3592 2566 ltetan-

2025 2613 2133 2667 tur,
2165 2604 2430 2657 bonorum
2464 2613 2645 2658 autem
2687 2604 2781 2673 qui
2806 2604 2963 2658 bonis
2994 2605 3369 2673 congaudent;
3402 2620 3603 2658 rursus

2027 2695 2242 2749 illorum
2277 2696 2371 2765 qui
2397 2695 2464 2751 de
2493 2697 2658 2750 rebus
2687 2711 2784 2766 per
2808 2699 3045 2765 speciem
3071 2695 3276 2751 odiosis
3307 2695 3510 2764 lugent,
3543 2704 3600 2751 et

2029 2788 2254 2843 istorum
2305 2788 2398 2856 qui
2430 2787 2498 2842 de
2541 2789 2704 2842 rebus
2731 2802 2858 2842 vere
2890 2787 3048 2842 malis
3084 2787 3493 2842 contristantur.
3533 2785 3600 2842 Et

2027 2890 2137 2929 non
2167 2875 2346 2930 solum
2393 2876 2719 2945 perversitas
2749 2885 2802 2931 et
2826 2877 3068 2942 bonitas,
3113 2878 3206 2931 sed
3239 2888 3290 2930 et
3323 2877 3449 2930 vita:
3479 2877 3602 2930 dul-

2029 2968 2162 3022 cedo
2195 2970 2628 3039 morositasque,
2671 2969 2955 3025 calamitas
2987 2984 3051 3024 ac
3087 2971 3420 3040 prosperitas
3453 2979 3604 3024 recte

2029 3075 2096 3116 ex
2147 3061 2234 3117 his
2264 3060 2602 3131 iudicantur.
2637 3061 2851 3128 Quibus
2899 3076 3030 3131 ergo
3070 3062 3137 3115 de
3167 3061 3275 3115 vita
3319 3062 3472 3115 beata
3516 3071 3601 3116 est

364 3147 396 3214 ἡ
425 3146 644 3218 θεωρία,
682 3151 812 3220 παρ’
834 3147 916 3213 οἷς
942 3155 1034 3205 καὶ
1065 3153 1125 3206 τὸ
1153 3155 1249 3223 τῆς
1280 3156 1424 3225 ζωῆς
1454 3155 1594 3221 εἶδος
1618 3161 1805 3224 ἁπλῶς
1835 3164 1925 3215 καὶ

2031 3168 2233 3219 sermo,
2259 3155 2538 3223 quomodo
2566 3154 2876 3210 necessaria
2903 3169 3010 3208 non
3034 3163 3181 3208 esset
3216 3155 3442 3208 istorum
3471 3168 3601 3220 spe.

367 3241 466 3306 τὴν
523 3240 874 3310 εὐδαιμονίαν
924 3243 1042 3296 ἔστι
1080 3247 1309 3313 μαθεῖνι
1350 3249 1506 3303 Ἐπεὶ
1551 3250 1607 3303 δὲ
1664 3252 1855 3322 ἡδονῆς
1895 3257 1928 3325 ἡ

363 3329 506 3398 λύπη
533 3332 796 3402 προτέρα,
820 3335 1052 3388 καθόσον
1080 3339 1290 3391 ἐκείνου
1315 3340 1473 3394 τοῦτο
1504 3343 1738 3413 καρπὸς,
1769 3362 1786 3394 ι
1820 3344 1931 3396 Πα-

365 3422 799 3491 ρακληθήσονται
848 3427 978 3496 γὰρ,
1031 3431 1218 3497 φησὶν,
1260 3431 1310 3483 οί
1332 3432 1672 3496 πενθοῦντες,
1723 3453 1740 3485 ι
1787 3435 1934 3499 εἰκός

362 3514 482 3565 ἐστι
515 3513 608 3565 καὶ
640 3515 732 3567 τὸν
762 3516 894 3586 περὶ
923 3517 1125 3589 ταύτης
1159 3521 1320 3588 λόγον
1350 3523 1685 3592 ἡγήσασθαι.
1719 3528 1931 3593 ’Λλλως

358 3621 422 3656 τε
458 3604 518 3658 τδ
545 3607 643 3675 μὲν
671 3603 749 3672 οἷς
777 3610 1051 3679 προσῆκόν
1075 3615 1222 3666 ἐστιν
1249 3614 1540 3682 ἄχθεσθαι.
1563 3618 1788 3686 φεύγειν
1813 3622 1932 3674 ἐστὶ

360 3700 422 3750 τδ
458 3699 651 3764 κακὸν,
679 3699 738 3753 τό
775 3719 838 3769 γε
878 3702 986 3772 μὴν
1026 3704 1240 3772 χαίρειν
1274 3705 1533 3776 δεύτερον
1565 3713 1592 3762 6
1629 3710 1763 3779 πρὸς
1791 3711 1929 3779 ἀγα-

360 3788 456 3841 θόν
492 3790 607 3841 ἐστι
637 3790 858 3858 δρόμος,
889 3794 1067 3845 ἐκεῖνο
1089 3793 1149 3846 δὲ
1185 3796 1380 3847 τούτου
1410 3799 1476 3866 τῇ
1511 3798 1722 3868 προόδῳ
1751 3798 1932 3852 δεύτε-

363 3898 479 3951 ρον,
517 3900 537 3933 ι
573 3882 860 3936 Ἕκκλινον
882 3885 1010 3954 γὰρ.
1037 3888 1221 3956 φησὶν,
1253 3888 1362 3940 ἀπὸ
1386 3888 1555 3942 κακοῦ
1580 3891 1675 3942 καὶ
1705 3890 1932 3959 ποίησον

359 3974 591 4042 ἀγαθόν.
635 3993 654 4027 ι
687 3977 917 4048 Εἴρηται
953 3976 1052 4047 μὲν
1088 3975 1183 4032 οὖν
1217 3979 1320 4034 κάν
1352 3977 1465 4042 τοῖς
1507 3980 1814 4051 ἔμπροσθεν
1845 3981 1931 4036 λό-

356 4081 481 4133 γοις
511 4066 774 4138 περὶτῆς
836 4069 976 4121 κατὰ
1024 4068 1156 4122 Θεὸν
1205 4068 1408 4138 λύπης,
1443 4065 1517 4123 ὧν
1570 4073 1844 4140 ὑπόθεσις,
1894 4075 1930 4130 ἆ

352 4155 735 4226 λογιζομένοις
787 4159 866 4212 ἔνι
921 4161 1160 4226 πενθεῖν,
1203 4161 1340 4216 ἀλλά
1379 4163 1464 4215 ἐπ’
1489 4163 1622 4218 ἄλλα
1673 4165 1928 4234 βλέπουσι

355 4255 453 4302 καί
484 4249 572 4301 διὰ
600 4249 757 4303 τοῦτο
789 4255 926 4322 πρδς
967 4254 1133 4319 ἆπαν,
1163 4254 1190 4307 ὃ
1222 4257 1494 4323 προσήκει
1528 4255 1604 4325 τῷ
1635 4257 1823 4321 πάθει,
1854 4259 1929 4327 μὴ

352 4341 652 4409 δυνηθεῖσι.
693 4343 805 4396 Νῦν
855 4345 911 4397 δὲ
959 4345 1233 4416 θεωρῆσαι
1264 4347 1365 4411 δεῖ,
1419 4348 1550 4411 Θεὸς
1591 4350 1647 4402 δὲ
1683 4350 1806 4419 ἄγοι
1838 4352 1930 4403 τὴν

351 4433 540 4501 λόγον,
567 4434 619 4485 τί
649 4436 707 4486 τέ
735 4435 885 4487 ἐστιν
923 4435 950 4488 ὃ
983 4437 1222 4505 λυπήσει
1249 4439 1340 4491 τὸν
1368 4442 1657 4492 σπουδαῖον
1686 4445 1780 4492 καὶ
1807 4441 1926 4494 τίνα

353 4523 583 4591 τρόπον,
621 4525 713 4576 καὶ
736 4525 903 4578 τᾶλλα
927 4526 1220 4597 δήπουθεν,
1258 4530 1314 4580 ὲν
1341 4523 1422 4590 οἷς
1466 4529 1564 4598 τῆς
1603 4531 1929 4600 ἐπαινουμέ-

351 4632 454 4684 νης
483 4615 659 4686 λύπης
685 4617 820 4688 πρὸς
846 4617 943 4690 τὴν
981 4621 1221 4692 πονηρὰν
1257 4622 1288 4690 ἡ
1320 4621 1575 4691 διαφορά.

429 4800 560 4852 Ὅτι
610 4801 706 4870 μὲν
738 4795 831 4854 οὖν
860 4796 939 4864 οἷς
978 4801 1178 4854 δεῖκαὶ
1215 4803 1329 4866 πῶς
1379 4803 1461 4856 δεῖ
1507 4805 1801 4861 ἀκόλουθον
1838 4807 1930 4860 τὸν

349 4893 414 4943 ὲν
456 4891 578 4960 Θιῷ
606 4890 782 4954 ζῶντα
812 4892 1124 4958 λυπεῖσθαι,
1157 4893 1322 4949 πᾶσιν
1348 4895 1463 4947 ἐστι
1499 4897 1766 4965 φανερόνο
1811 4897 1931 4949 τίνα

347 4980 409 5033 δὲ
437 4981 509 5031 τά
549 4980 762 5046 δέοντα,
789 4983 884 5034 καὶ
908 4983 990 5045 τίς
1021 4983 1049 5034 6
1073 4983 1274 5054 τρόπος
1299 4984 1326 5036 6
1357 4987 1652 5054 προσήκων
1691 4987 1785 5040 καὶ
1821 4987 1928 5040 τῶν

351 5068 618 5122 τοιούτων
648 5071 708 5122 ού
742 5072 874 5124 πᾶσι
923 5073 1100 5141 δήλων
1154 5073 1604 5143 καθεσταμένων,
1647 5077 1680 5146 ἡ
1733 5078 1928 5146 σκέψις

348 5160 416 5210 οὗ
453 5159 630 5228 μάτην
659 5162 856 5226 γένοιτ’
905 5163 972 5216 ἂν
1006 5166 1136 5234 ἡμῖν
1174 5167 1274 5236 ὅση
1335 5167 1559 5239 δυνατή.
1597 5169 1663 5220 Ἦ
1708 5170 1806 5238 μὲν
1837 5169 1928 5224 οὖν

347 5249 504 5318 λύπη
524 5251 619 5303 τοῦ
640 5253 827 5322 μίσους
843 5256 1159 5325 ἐξήρτηται,
1187 5259 1246 5309 τὸ
1270 5259 1326 5311 δὲ
1351 5263 1505 5328 μῖσος
1523 5261 1615 5313 τοῦ
1646 5261 1804 5328 λόγου
1831 5265 1926 5328 τῆς

349 5344 650 5445 πόνηρίας.
685 5345 794 5398 Καὶ
836 5347 944 5445 γάρ
971 5348 1432 5445 ἀποστρεφόμεθα
1470 5351 1567 5420 μὲν
1601 5351 1629 5404 ὃ
1659 5352 1927 5421 δοκοῦμεν

351 5429 502 5484 εἷναι
553 5434 808 5504 πονηρὸν,
842 5431 924 5499 οἷς
968 5437 1024 5490 δέ
1071 5429 1168 5500 τις’
1186 5439 1394 5510 ἐχθρῶς
1422 5442 1536 5510 ἔχει
1587 5444 1680 5496 καὶ
1727 5444 1862 5514 πρὸς
1891 5443 1927 5496 ἃ

348 5525 728 5594 δυσχεραίνει,
760 5527 972 5592 τούτοις
1008 5530 1226 5584 ἀνιᾶται
1272 5532 1537 5603 παροῦσιν
1565 5549 1579 5564 ⁶
1608 5534 1732 5587 ὅθεν
1759 5537 1785 5588 6
1818 5533 1927 5598 ζῶν

351 5614 536 5686 ὀρθῶς
568 5617 660 5670 καὶ
702 5620 801 5688 τῆς
849 5620 1114 5693 ἀληθινῆς
1163 5623 1481 5691 φιλοσοφίας
1525 5625 1929 5696 ἐπειλημμένος

351 5705 472 5760 εἶδε
511 5709 610 5778 μὲν
640 5711 876 5780 πρῶτον,
909 5712 1046 5782 ὅπερ
1083 5715 1200 5767 ἐστὶ
1243 5715 1411 5767 κακὸν
1444 5715 1680 5784 ἀληθῶς,
1713 5713 1821 5770 οἶδε
1870 5717 1928 5769 δὲ

353 5801 384 5852 ὃ
418 5801 526 5872 χρὴ
555 5805 756 5873 μισεῖν,
787 5806 1005 5860 ἀνιᾶται
1034 5806 1090 5860 δὲ
1112 5800 1192 5871 οἷς
1224 5805 1485 5877 ἄχθεσθαι
1514 5809 1612 5864 δεῖ.
1641 5809 1737 5864 Διά
1767 5810 1923 5863 τοῦτο

2035 3244 2254 3309 culatio,
2282 3259 2308 3297 a
2334 3244 2535 3315 quibus
2557 3253 2612 3298 et
2645 3245 2771 3299 vita:
2801 3245 3104 3314 simplicem
3139 3244 3362 3298 formant
3395 3254 3454 3297 ιιι·
3485 3243 3602 3296 feli-

2033 3334 2248 3388 citatem
2301 3336 2513 3391 discere
2545 3335 2734 3390 datum
2753 3337 2867 3390 est!
2896 3335 3162 3401 Quoniam
3207 3343 3388 3387 autem
3450 3335 3602 3388 volu-

2035 3433 2180 3495 ptate
2229 3427 2377 3494 prior
2435 3437 2516 3481 est
2549 3428 2730 3482 luctus
2769 3428 2822 3481 in
2859 3436 3124 3497 quantum
3180 3427 3340 3496 ltujus
3368 3427 3456 3479 illa
3489 3426 3604 3480 fru-

2033 3528 2154 3573 ctus
2180 3528 2284 3582 est,
2321 3537 2340 3570 ι
2371 3519 2810 3574 Consolabuutur
2846 3519 3015 3581 enim,
3065 3518 3163 3582 ait,
3203 3518 3295 3587 qui
3327 3519 3531 3584 lugent,
3574 3537 3593 3567 ι

2031 3626 2248 3681 ατηυυιη
2289 3619 2370 3665 est
2415 3610 2480 3664 de
2511 3610 2619 3664 isto
2674 3609 2934 3664 inchoare
2989 3623 3316 3662 sermonem.
3349 3605 3556 3663 Revera
3582 3648 3598 3671 ,

2034 3704 2214 3772 lugere
2247 3701 2314 3755 de
2343 3701 2545 3771 quibus
2577 3710 2786 3770 oportet
2818 3710 2901 3755 est
2939 3699 3124 3767 fugere
3156 3701 3383 3763 malum,
3413 3710 3465 3753 et
3495 3702 3598 3752 ite-

2035 3811 2154 3848 rum
2221 3793 2478 3862 gaudere,
2518 3808 2713 3846 cursus
2756 3793 2821 3845 ad
2863 3792 3063 3845 bonum
3101 3799 3221 3859 est;
3251 3789 3379 3847 iliud
3416 3803 3596 3847 autem

2035 3884 2160 3938 buic
2189 3885 2364 3953 quoad
2395 3895 2604 3952 tempus
2621 3883 2899 3938 succedit:
2928 3905 2947 3937 ι
2975 3882 3192 3941 Declina
3213 3886 3382 3951 enim,
3401 3887 3599 3956 inquit,

2034 3992 2060 4028 a
2100 3977 2240 4030 malo
2275 3982 2328 4029 et
2371 3975 2456 4031 fac
2498 3974 2725 4030 bonum.
2768 3993 2787 4027 ι
2830 3974 2984 4031 Dicta
3021 3993 3148 4032 vero
3193 3986 3321 4032 sunt
3349 3978 3416 4032 de
3449 3978 3597 4032 luctu

2032 4066 2326 4121 secundum
2397 4065 2563 4120 Deum
2630 4065 2686 4119 iu
2749 4067 3026 4135 prioribus
3086 4067 3472 4131 sermonibus,
3533 4082 3598 4122 ea

2031 4173 2261 4228 quorum
2324 4167 2405 4213 est
2473 4157 2771 4227 propositio
2819 4158 2886 4213 de
2952 4159 3154 4227 quibus
3225 4173 3356 4213 sane
3417 4160 3600 4228 lugere

2032 4249 2175 4311 licet,
2223 4248 2316 4302 sed
2369 4247 2435 4302 ad
2485 4248 2591 4301 alia
2627 4247 2946 4317 respiciunt,
2977 4257 3032 4302 et
3087 4248 3208 4302 idco
3245 4263 3410 4303 omne
3451 4248 3597 4318 quod

2033 4339 2271 4404 passioui
2346 4341 2636 4409 competit,
2682 4355 2987 4410 pratcavere
3066 4353 3364 4408 nequeunt.
3441 4340 3596 4398 Nune

2035 4443 2211 4486 autem
2265 4431 2556 4486 videndum
2611 4442 2695 4488 est
2749 4431 2861 4487 Deo
2890 4433 3132 4502 auspice,
3172 4431 3302 4500 quid
3338 4432 3426 4494 sit,
3450 4433 3596 4502 quod

2035 4533 2210 4590 putest
2273 4523 2599 4577 contristare
2675 4524 3005 4587 studiosum,
3071 4533 3126 4577 et
3168 4524 3494 4592 quomodo,
3531 4525 3598 4578 de

2030 4625 2224 4668 caetero
2255 4615 2307 4668 in
2331 4614 2525 4683 quibus
2546 4614 2750 4668 laudati
2782 4615 2960 4669 luctus
2981 4629 3011 4668 a
3037 4630 3294 4684 perverso
3318 4623 3424 4668 stet
3446 4616 3598 4670 dilic-

2031 4707 2227 4759 rentia.

2099 4797 2256 4863 Quod
2291 4797 2509 4866 quidem
2539 4796 2682 4851 ﬁdeli
2725 4796 2779 4850 in
2837 4797 2944 4850 Deo
2999 4795 3224 4860 viventi,
3283 4798 3350 4852 de
3397 4799 3598 4869 quibus

2027 4896 2240 4958 oportet
2261 4896 2316 4942 et
2343 4887 2618 4958 quomodo
2652 4896 2882 4955 oportet,
2927 4886 3000 4942 sit
3053 4888 3383 4960 lugendum,
3416 4893 3596 4944 omni-

2029 4982 2131 5034 bus
2171 4979 2517 5034 manifestum
2563 4991 2647 5034 est
2680 4996 2695 5045 ;
2731 4995 2979 5049 quaenam
3018 4988 3200 5035 autem
3236 4982 3347 5035 sint
3388 4997 3594 5035 conve-

2031 5073 2233 5127 nientia
2288 5082 2344 5127 et
2394 5072 2517 5142 quis
2557 5071 2756 5126 modus
2824 5073 3176 5136 conveniens,
3225 5073 3470 5142 quidque
3524 5073 3596 5126 sit

2022 5164 2386 5234 iudicandum
2414 5164 2481 5219 de
2511 5163 2640 5218 aliis
2660 5163 2933 5219 similibus
2983 5181 3090 5218 non
3125 5164 3368 5232 profecto
3399 5166 3450 5215 in
3481 5164 3596 5215 luce

2025 5257 2243 5325 positis,
2279 5271 2385 5309 non
2421 5256 2620 5310 lrustra
2650 5255 2813 5309 nobis
2870 5271 2968 5325 pro
3021 5255 3278 5309 facultate
3309 5254 3592 5321 speculan-

2025 5347 2154 5400 dum
2213 5346 2378 5400 venit.
2410 5343 2615 5401 Luctus
2667 5345 2836 5416 igitur
2884 5349 2953 5400 ab
2987 5347 3115 5400 odio
3164 5344 3376 5413 pendet,
3408 5343 3588 5395 odium

2024 5446 2204 5491 autem
2249 5453 2280 5491 a
2330 5437 2562 5492 rationis
2625 5436 2851 5490 malitia.
2920 5436 3128 5489 Etenim
3183 5434 3399 5488 odimus
3446 5433 3590 5499 quod

2027 5528 2185 5584 nobis
2217 5528 2421 5582 malum
2452 5543 2574 5584 esse
2598 5527 2849 5591 videtur;
2879 5541 3000 5596 quae
3030 5535 3210 5580 autem
3237 5525 3436 5592 aliquis
3465 5523 3591 5577 odio

2024 5623 2208 5686 habet,
2235 5630 2288 5677 et
2312 5621 2512 5692 quibus
2535 5621 2893 5690 prmsentibus
2921 5619 3309 5674 contristatur:
3343 5617 3467 5672 hinc
3497 5620 3588 5687 qui

2027 5725 2171 5770 recte
2203 5715 2332 5768 vivit
2360 5723 2414 5768 et
2450 5729 2588 5769 verte
2619 5711 2977 5781 phil050pltim
3019 5710 3269 5766 addictus
3305 5719 3408 5777 est,
3443 5712 3592 5766 novit

2031 5809 2206 5878 primo
2239 5806 2366 5878 quid
2423 5823 2547 5864 vere
2597 5807 2666 5859 sit
2712 5804 2936 5873 malum,
2982 5805 3135 5863 novit
3187 5806 3409 5877 insuper
3455 5805 3590 5874 quid
