3982 6208
357 284 475 356 δέη

1403 295 1499 353 DE
1543 297 1720 354 Vl'l‘A
1749 296 1826 354 ΙΝ
1869 295 2194 356 CHlilSTO
2235 298 2380 361 LIB.
2408 301 2540 359 Vll.

3461 295 3570 355 ὅθί

339 398 524 466 νηρὸν,
564 399 718 450 αὐτοὶ
765 400 820 451 δὲ
878 401 1000 464 τοὺς
1059 402 1294 471 τρόπους
1347 408 1613 475 χρηστοί·
1652 408 1899 478 δεύτερον

2012 407 2110 461 bus
2153 409 2308 464 bonis
2336 413 2546 474 vivunt,
2582 413 2984 481 secumlo,quia
3021 414 3110 467 Dei
3134 413 3340 481 legibus
3381 413 3568 466 advero

339 491 420 542 ὅτι
453 494 570 552 τοῖς
621 491 714 544 τοῦ
746 492 881 544 Θεοῦ
919 495 1150 564 μάχεται
1200 497 1408 567 νόμοις,
1455 493 1498 566 ᾧ
1533 500 1630 570 τῆς
1677 500 1903 570 γνώμης

338 581 653 648 ἐπείγονται
700 586 974 637 κοινωνεῖν
999 602 1013 616 ο
1047 588 1140 640 καὶ
1183 590 1366 657 τρίτον
1413 591 1497 643 ὅτι
1545 592 1723 662 μάτην
1752 593 1904 646 ἀνιᾶ-

340 672 464 724 σθαι
495 673 638 726 κατὰ
667 675 760 727 τὸν
792 677 951 745 ὀρθὸν
995 678 1154 744 λόγον
1177 679 1383 744 ζῶντας
1430 684 1630 753 ἣκιστα
1657 687 1899 754 πρέπον·

338 762 572 816 ἐνταῦθα
601 766 762 833 μόνον
804 767 865 819 οὐ
906 769 1084 840 μάτην
1109 773 1257 824 ἐστὶν
1296 775 1552 828 ἀνιᾶσθαι
1594 777 1695 845 τῆς
1724 778 1904 846 λύπης

346 855 403 906 τά
437 855 659 907 πάντων
707 858 1123 914 λυσιτελέστατα
1164 868 1607 936 καρπουμένους.
1651 869 1771 922 Ἐπὶ
1805 871 1903 940 μὲν

337 947 444 1014 γὰρ
475 947 584 998 τῶν
613 949 787 1001 ἄλλων
813 951 966 1004 οὐδὲν
992 953 1143 1006 ἔσται
1179 957 1359 1017 πλέον,
1406 961 1458 1012 εἴ
1485 977 1570 1022 τις
1601 960 1776 1028 ἀλγεῖ,
1809 965 1903 1015 καὶ

339 1037 496 1088 πενία
527 1038 623 1092 καὶ
646 1039 801 1102 νόσος
829 1042 922 1092 καὶ
955 1042 1134 1095 ὁτιοῦν
1161 1049 1269 1098 τῶν
1301 1047 1559 1100 τοιούτων
1589 1050 1741 1102 οὐδὲν
1770 1052 1906 1119 μᾶλ-

315 1128 429 1180 .λον
455 1129 806 1201 ἀποχωρήσει
832 1133 1128 1202 δακρύουσι
1149 1138 1375 1208 ’.ψυχῆς
1407 1141 1460 1192 δὲ
1495 1144 1729 1212 πονηρία
1757 1142 1899 1213 λύπη

336 1219 396 1271 eo
431 1220 750 1290 φάρμακον,
789 1223 823 1293 ἢ
850 1225 944 1276 καὶ
975 1227 1276 1293 μέλλουσαν
1305 1232 1590 1300 προανεῖλε
1619 1237 1716 1286 καὶ
1762 1252 1900 1303 παρ-

335 1311 504 1364 οῦσαν
541 1311 744 1366 ἔπαυσε
794 1320 888 1369 καὶ
933 1320 1299 1391 τολμηθείσης
1353 1324 1447 1385 τάς
1491 1325 1719 1387 εὐθύνας
1745 1327 1904 1381 δύνα-

335 1420 428 1455 ται
467 1404 637 1461 λύειν.
679 1407 852 1478 ’Υπὲρ
886 1402 946 1462 οὗ
981 1429 1071 1480 μοι
1099 1411 1248 1465 δοκεῖ
1284 1416 1378 1466 καὶ
1416 1417 1512 1485 τὴν
1547 1418 1718 1487 ἀρχὴν
1751 1422 1896 1471 ὲντει

334 1491 492 1561 θῆναι
525 1497 590 1563 τῇ
623 1497 804 1562 φύσει,
842 1499 978 1566 πρὸς
1002 1499 1160 1552 οὐδὲν
1192 1502 1322 1556 ἄλλο
1353 1503 1571 1574 βοηθεῖν
1620 1510 1753 1576 ἡμῖν
1813 1510 1900 1562 δυ-

331 1586 564 1656 ναμένῃ.
595 1588 707 1656 Τήν
747 1588 853 1656 γάρ
885 1590 1162 1658 ἁμαρτίαν
1201 1592 1262 1644 ού
1297 1601 1523 1662 προῖκα,
1589 1599 1782 1666 μισθοῦ
1844 1600 1899 1652 δέ

2009 503 2358 570 satur,cnjus
2393 505 2658 558 voluntati
2695 506 3016 574 participare
3048 515 3350 574 coguntur;
3386 506 3562 560 tertio.

2004 593 2260 659 quoniam
2291 609 2383 647 eos
2432 598 2739 651 contristari
2769 599 2858 665 qui
2884 599 3178 650 secundum
3219 606 3420 650 rectam
3473 611 3560 648 ra-

2007 683 2204 736 tionem
2237 687 2457 751 vivunt,
2484 688 2705 742 minime
2741 689 3031 752 convenit;
3063 690 3150 744 hic
3187 700 3366 741 autem
3391 688 3567 743 solum

2007 791 2114 829 non
2146 787 2222 829 est
2260 778 2314 830 in
2351 795 2543 832 vanum
2577 782 2927 850 contristari,
2955 781 3044 834 ubi
3082 780 3146 834 de
3198 780 3346 834 luctu
3393 779 3571 833 υιίιίετ-

2005 870 2176 923 simus
2214 869 2418 924 fructus
2454 871 2746 940 colligunt.
2782 871 2956 941 Super
3001 874 3210 927 cmteris
3250 873 3394 926 enim
3435 871 3576 925 nihil.

2006 964 2237 1031 amplius
2263 965 2384 1024 erit,
2405 964 2448 1017 si
2482 964 2602 1032 quis
2633 966 2840 1026 doleat,
2866 975 2916 1017 et
2949 975 3236 1033 paupertas
3267 972 3318 1016 et
3348 963 3568 1016 morbus

2003 1063 2056 1106 et
2111 1055 2304 1108 similia
2351 1072 2456 1108 non
2512 1057 2684 1125 magis
2725 1056 2977 1110 recedent
3021 1072 3050 1109 a
3114 1056 3566 1126 larrymantihus:

2008 1147 2203 1200 anima:
2238 1162 2365 1200 vero
2397 1149 2652 1215 nequitia:
2705 1149 2880 1201 luctus
2928 1158 3006 1202 est
3043 1149 3310 1202 lllt'dlCllla
3339 1192 3352 1210 ,
3394 1149 3567 1215 siqui-

2003 1237 2124 1290 dem
2161 1236 2400 1290 futuram
2435 1239 2701 1307 praecidit,
2731 1248 3053 1307 praesentem
3089 1239 3436 1301 terminat,et
3469 1241 3567 1292 ad-

2011 1331 2195 1384 missa:
2227 1344 2418 1399 poenas
2455 1331 2604 1384 luere
2639 1340 2849 1399 potest.
2882 1331 3108 1400 Propter
3135 1331 3280 1400 quod
3319 1332 3452 1384 mihi
3487 1332 3567 1384 νὶ-

2002 1419 2160 1474 detur
2190 1434 2218 1472 a
2252 1421 2518 1490 principio
2550 1421 2753 1476 inditus
2787 1435 2908 1475 esse
2941 1434 3148 1476 naturas
3170 1465 3183 1486 ,
3215 1439 3275 1476 ea
3307 1424 3424 1492 lege
3452 1463 3466 1486 ,
3509 1433 3567 1475 ut

2003 1511 2159 1566 nobis
2190 1512 2255 1566 ad
2292 1511 2427 1565 nihil
2453 1513 2599 1566 aliud
2635 1513 2913 1581 proﬁcuus
2959 1513 3050 1567 sit.
3095 1516 3382 1569 Peccatum
3424 1516 3566 1568 enim

2005 1615 2109 1654 non
2184 1603 2456 1669 gratuito,
2507 1601 2598 1658 sed
2655 1615 2879 1673 pr0pter
2941 1605 3234 1673 quamdam
3283 1605 3569 1672 voluptatis

332 1692 476 1736 τινος
506 1676 816 1745 τολμῶντες
842 1681 942 1748 τῆς
975 1681 1168 1751 ἡδονῆς
1200 1687 1371 1737 καὶτὸ
1401 1685 1600 1756 τέρπον
1628 1689 1719 1740 τοῦ
1755 1690 1897 1742 κατὰ

332 1765 514 1788 .l,_-__l._-
545 1766 595 1788 ,ἲ
625 1767 796 1788 !,,_,.,,
822 1787 833 1788 γ
901 1770 978 1788 »πε
1103 1773 1116 1788 ι
1332 1775 1345 1788 ο
1388 1776 1400 1788 ι
1489 1778 1498 1788 α
1586 1779 1596 1788 ι
1651 1782 1664 1788 -
1702 1780 1714 1788 .
1833 1781 1856 1788 -

2007 1690 2314 1743 mercedem
2339 1693 2769 1756 committentes,
2791 1705 2843 1745 et
2865 1693 3119 1762 gaudium
3150 1693 3296 1747 illius
3322 1693 3412 1761 qui
3434 1695 3570 1746 bene

330 1765 515 1836 ψυχὴν
541 1766 598 1819 εὖ
623 1767 836 1837 ἔχοντος
890 1770 1277 1841 άλλαττόμενοι
1325 1775 1409 1844 (οὐ
1441 1778 1548 1845 γὰρ
1581 1779 1664 1845 ἐφ’
1696 1780 1896 1849 ἑαυτῆς

333 1858 507 1927 αὐτὴν
536 1858 770 1927 ὲλοίμεθ’
798 1859 864 1912 ἂν
891 1861 1070 1931 ψυχῆς
1101 1863 1326 1936 ὄλεθρον
1346 1869 1438 1919 καὶ¹
1458 1869 1547 1920 νοῦ
1572 1868 1899 1940 πύρσωσιν),

333 1949 430 1999 καὶ
481 1949 709 2002 τοιαῦτα
749 1952 942 2020 σαφῶς
984 1954 1206 2018 ειδότες,
1275 1957 1495 2010 ἐπειδὰν
1545 1961 1903 2026 μεταγνόντες

332 2042 421 2106 ἐφ’
455 2035 537 2104 οἷς
567 2043 888 2114 ἡμάρτομεν
919 2045 1222 2116 ἀνιώμεθα,
1289 2048 1388 2118 τὴν
1437 2050 1648 2104 ἐκεῖθεν
1699 2054 1903 2122 ἀτιμά-

331 2130 520 2195 ζοντες
573 2133 766 2204 ἡδονὴν
791 2137 882 2188 καὶ
915 2137 1077 2192 πάθει
1116 2138 1285 2202 πάθος
1339 2141 1706 2212 ἐκκρούοντες
1749 2144 1900 2211 δῆλοι

257 2299 262 2303 1
333 2224 714 2294 καθέσταμεν·
739 2225 816 2294 τῷ
843 2227 1056 2297 ῥίπτειν
1092 2230 1235 2299 ἅπερ
1265 2233 1553 2302 ἐλάϐομεν,
1587 2236 1898 2306 λαμϐάνον.

331 2331 424 2377 τες
465 2315 609 2384 ἅπερ
643 2317 973 2388 ἔρῤίψαμεν.
1015 2320 1126 2373 Καὶ
1158 2320 1276 2390 ἅμα
1305 2324 1364 2376 τὸ
1387 2323 1643 2377 ἀνιᾶσθαι
1680 2328 1901 2396 τίμημα

331 2405 544 2470 γίνεται
582 2408 714 2472 ἡμῖν
763 2410 846 2473 ἐφ’
877 2404 958 2471 οἷς
986 2411 1384 2481 ἐτολμήσαμεν,
1427 2407 1471 2480 ᾧ
1497 2415 1902 2485 καθηραμένοις

330 2498 394 2549 οὐ
432 2497 656 2567 πληγῶν
679 2500 864 2568 δεήσει
895 2501 1184 2573 δευτέρωνο
1223 2497 1268 2571 ᾧ
1296 2507 1390 2558 καὶ
1435 2506 1566 2570 Θεὸς
1622 2508 1682 2572 ἐξ
1728 2511 1903 2579 ἀρχῆς

330 2590 448 2650 τοῖς
484 2589 650 2642 αὑτοῦ
680 2595 920 2661 τιμωρεῖ
953 2594 1138 2664 νόμοις
1173 2595 1522 2665 ἠδικημένοις
1573 2598 1749 2670 λύπης
1810 2603 1902 2654 καὶ

333 2680 515 2732 πόνων
541 2681 619 2749 τῷ
646 2687 1122 2755 παρανενομηκότι
1150 2689 1415 2758 τιμήσας,
1471 2690 1570 2743 οὐκ
1601 2691 1668 2744 ἂν
1693 2692 1902 2762 ταύτην

333 2769 760 2837 εἰσπράττεσθαι
793 2772 1020 2840 νομίσας
1041 2774 1140 2839 τὴν
1165 2775 1341 2844 δίκην,
1373 2779 1421 2829 εξ
1443 2779 1532 2846 ,μὴ
1565 2776 1672 2831 τῶν
1701 2782 1901 2848 ἐγκλη-

335 2861 529 2916 μάτων
557 2861 816 2931 ἄντικρυς
843 2859 910 2934 ἦν
942 2865 1036 2918 καὶ
1059 2865 1207 2920 λύειν
1235 2861 1380 2937 εἶχεν
1420 2871 1669 2933 εὐθύνας.
1715 2872 1902 2944 Τούτῳ

328 2951 388 3003 δὲ
420 2950 499 3019 τῷ
527 2951 711 3023 τρόπῳ
736 2956 829 3008 καὶ
854 2957 1014 3019 αὐτὸς
1041 2957 1269 3028 ὕστερον
1302 2962 1460 3026 ζκατὰ
1497 2966 1596 3031 τῆς
1630 2964 1902 3034 ἁμαρτίας

2004 1781 2166 1834 habet
2195 1784 2376 1836 anima
2443 1794 2842 1840 commutantes
2912 1786 3042 1854 (non
3095 1786 3236 1840 enim
3274 1786 3420 1839 illam
3455 1787 3571 1840 ani-

2003 1886 2104 1925 ma:
2161 1874 2461 1942 perniciem
2512 1886 2566 1930 et
2633 1878 2828 1931 mentis
2889 1878 3197 1932 incendium
3257 1879 3327 1932 ob
3394 1879 3570 1946 ipsam

2001 1961 2369 2032 eligeremus),
2450 1973 2503 2018 et
2572 1966 2684 2020 haec
2738 1967 2904 2035 probe
2957 1967 3218 2031 scientes,
3281 1977 3567 2036 postquam

2002 2053 2330 2124 pcenitentes
2399 2071 2565 2125 super
2621 2057 2705 2112 his
2759 2073 2879 2125 quae
2925 2058 3304 2112 commisimus
3370 2059 3564 2127 atllig-i-

2007 2162 2132 2200 mur
2161 2188 2176 2210 ,
2218 2148 2550 2217 voluptatem
2603 2164 2725 2218 qua:
2778 2149 2902 2204 inde
2951 2151 3097 2203 venit
3151 2150 3518 2218 despicientes
3551 2191 3565 2214 ,

2001 2237 2254 2306 passione
2282 2239 2586 2306 passionem
2620 2240 2796 2308 palam
2843 2239 3186 2294 elimina-mus
3219 2257 3233 2293 :
3263 2241 3570 2308 abiicienda

2002 2342 2062 2381 ea
2106 2343 2228 2399 qua:
2273 2344 2702 2399 sumpseramus,
2755 2329 3084 2385 resumimus
3143 2346 3262 2399 qua:
3300 2331 3568 2399 rejecera-

2003 2433 2128 2474 mus
2157 2458 2171 2473 .
2211 2420 2274 2473 Et
2318 2420 2481 2474 simul
2523 2420 2838 2490 poenitentia
2875 2431 3219 2490 peccatorum
3256 2431 3564 2474 nostrorum

2005 2510 2064 2564 [lt
2136 2511 2374 2580 expiatio
2404 2550 2419 2575 ,
2455 2527 2560 2580 qua
2610 2513 2909 2581 puriticatis
2963 2526 3068 2565 non
3121 2512 3242 2565 aliis
3300 2528 3437 2580 opus
3485 2524 3567 2567 est

2002 2603 2216 2672 pcenis.
2252 2604 2364 2658 Hac
2395 2606 2557 2658 etiam
2598 2606 2739 2659 Deus
2796 2608 2865 2660 ab
2915 2606 3068 2661 initio
3120 2608 3278 2661 lassas
3331 2607 3567 2660 vindicat

2001 2695 2188 2764 leges,
2234 2696 2384 2750 luctu
2437 2697 2825 2768 laboribusque
2864 2701 3173 2769 puniendo;
3235 2716 3338 2753 non
3385 2709 3564 2752 autem

2006 2787 2148 2841 hanc
2179 2789 2323 2858 exigi
2359 2802 2570 2857 penam
2608 2792 2924 2856 statuisset,
2967 2793 3068 2846 nisi
3103 2793 3426 2846 criminibus
3474 2807 3562 2844 es-

2003 2891 2088 2937 set
2130 2884 2438 2952 Oppositus,
2468 2892 2521 2937 et
2556 2886 2795 2937 rationes
2831 2884 3045 2938 solvere
3099 2894 3319 2952 posset.
3362 2881 3562 2936 Verum

2003 2972 2107 3027 hoc
2142 2976 2298 3028 modo
2321 2986 2505 3029 contra
2535 2985 2818 3044 peccatum
2851 2976 2984 3043 ipse,
3014 2975 3176 3028 homo
3203 2974 3397 3037 factus,
3434 2990 3566 3028 usus

329 3043 609 3112 ἐχρήσατο
631 3045 723 3097 τὸν
744 3045 1031 3117 ἄνθρωπον
1057 3050 1336 3114 εἰσελθὼν,
1371 3057 1463 3106 καὶ
1515 3054 1712 3124 δεῆσαν
1735 3056 1896 3109 ὲκόαο

2003 3077 2102 3129 est,
2138 3077 2344 3119 etcum
2399 3067 2467 3120 ab
2519 3068 2798 3121 hominum
2849 3078 3042 3122 natura
3091 3078 3371 3135 peccatum
3421 3076 3566 3123 esset

328 3132 449 3184 λεῖν
488 3135 590 3203 τῆς
621 3136 837 3205 φύσεως
884 3139 994 3192 τῶν
1021 3141 1326 3211 ἀνθρώπων
1360 3145 1456 3214 τὴν
1494 3147 1770 3217 ἁμαρτίαν
1799 3150 1896 3202 άλ-

329 3226 511 3291 γήσας
539 3227 781 3290 ἐξέϐαλε.
814 3231 924 3283 Καὶ
953 3231 1062 3302 μὴν
1095 3232 1155 3286 ού
1191 3234 1420 3289 τοῦτοδὲ
1458 3238 1706 3306 μάταιον,
1737 3239 1900 3305 εἴτις

329 3314 421 3383 ἐφ’
443 3315 648 3385 ὁτῳοῦν
673 3319 888 3373 ἀνιᾶται
912 3322 1021 3374 τῶν
1071 3325 1155 3386 εἰς
1208 3325 1368 3395 σῶμα
1420 3329 1714 3398 φερόντων,
1763 3331 1898 3387 ἀλλὰ

329 3411 426 3458 καὶ
457 3405 630 3477 ζημία
662 3413 990 3480 περιφανής·
1021 3414 1180 3482 τοῦτο
1207 3417 1316 3483 γάρ
1343 3419 1480 3483 ἐστι,
1534 3420 1670 3474 Θεοῦ
1699 3440 1755 3474 τι
1789 3423 1899 3476 τῶν

330 3503 510 3557 ἄλλων
544 3504 856 3573 ἔμπροσθεν
903 3508 1170 3575 ἀγαγεῖνί
1219 3511 1436 3582 Ταύτης
1490 3515 1592 3584 τῆς
1632 3519 1898 3587 πονηρίας

332 3597 566 3666 ἔσχατον
596 3599 694 3666 μὲν
745 3601 777 3668 ή
813 3600 907 3653 τοῦ
970 3601 1140 3656 Ἰούδα
1172 3606 1361 3673 μανία,
1404 3609 1601 3676 μικρὸν
1633 3610 1900 3681 ἀργύριον

333 3689 428 3743 τοῦ
466 3689 603 3744 Θεοῦ
656 3693 748 3751 καὶ
775 3693 1025 3762 Σωτῆρος
1077 3696 1474 3766 ἀλλαξαμὲνου,
1529 3701 1668 3770 ἀρχή
1724 3703 1900 3755 δὲκαὶ

336 3781 564 3848 σπέρμα
591 3783 652 3833 τὸ
679 3782 815 3851 πρὸς
843 3783 942 3852 τὴν
971 3784 1184 3838 ἐκείνου
1211 3789 1434 3858 μνήμην
1476 3790 1635 3843 τοῦτο
1685 3792 1898 3859 παθεῖν,

335 3870 428 3920 καὶ
457 3868 558 3938 τῆς
598 3873 656 3923 ὲν
702 3873 852 3943 αὐτῷ
880 3875 1160 3946 διατριϐῆς
1184 3879 1584 3946 ἑκκρουσθῆναι
1627 3881 1702 3949 τῷ
1729 3882 1902 3949 φιλεῖν

337 3958 460 4009 ἄλλο
479 3975 531 4011 τι
555 3960 662 4012 τῶν
688 3963 924 4018 πάντων.
965 3965 1170 4020 Τούτου
1206 3969 1314 4036 γὰρ
1383 3971 1765 4035 ὲπιδεδωκότος
1807 3975 1901 4026 τοῦ

335 4050 564 4114 πάθους,
609 4054 701 4105 καὶ
743 4055 840 4123 τῆς
893 4057 987 4109 τοῦ
1026 4058 1162 4111 Θεοῦ
1209 4059 1380 4130 λήθης
1429 4063 1529 4132 τὴν
1566 4063 1750 4134 χώραν
1801 4067 1900 4135 τῆς

332 4139 514 4209 ψυχῆς
546 4144 948 4215 κατασχούσης,
984 4148 1017 4218 ή
1048 4151 1176 4220 περὶ
1211 4151 1376 4204 αὐτὸν
1409 4153 1596 4224 ἀγάπη
1634 4155 1898 4226 μαραίνε-

335 4250 444 4295 ται,
477 4235 602 4286 ὲπεὶ
631 4238 724 4288 καὶ
774 4239 1086 4294 τούναντίον
1115 4245 1178 4312 τῇ
1215 4247 1433 4313 συνεχεῖ
1465 4247 1654 4317 μνήμῃ
1681 4247 1899 4315 φύεται,

336 4325 427 4375 τοῦ
449 4325 500 4377 δὲ
537 4325 759 4395 φίλτρου
791 4330 1114 4393 σϐεσθέντος
1163 4336 1196 4402 ή
1246 4338 1375 4404 περὶ
1407 4336 1508 4399 τὰς
1551 4338 1768 4400 ἐντολάς
1798 4341 1896 4393 αύ-

334 4417 423 4468 τοῦ
457 4417 699 4486 ῥᾳθυμία
730 4419 825 4471 καὶ
849 4421 908 4472 τὸ
925 4427 1260 4493 παρανομεῖν
1279 4427 1439 4490 εὐθὺς
1462 4428 1700 4501 ἀπαντᾷ,
1730 4449 1749 4483 t
1778 4434 1898 4485 Κα-

336 4509 556 4578 θάπερδ
587 4511 818 4578 ἀγαπῶν
867 4530 954 4582 με,
998 4517 1151 4584 φησὶ,
1184 4519 1282 4580 τὰς
1313 4521 1532 4584 ἐντολάς
1575 4540 1679 4590 μου
1733 4525 1903 4593 τηρή-

337 4617 440 4663 σει,
473 4621 490 4653 ι
523 4605 636 4664 τοῖς
667 4605 722 4656 δὲ
749 4606 877 4668 τοὺς
907 4607 1000 4659 τοῦ
1024 4607 1158 4661 Θεοῦ
1182 4614 1381 4678 νόμους
1430 4613 1662 4667 πατοῦσι
1693 4616 1788 4669 καὶ
1833 4617 1902 4669 τὰ

333 4693 558 4745 τοιαῦτα
581 4696 879 4762 τολμηταῖς
925 4703 1016 4750 καὶ
1049 4699 1141 4750 τὸν
1187 4701 1284 4766 τῆς
1314 4702 1548 4766 πίστεως
1608 4705 1901 4774 προδοῦναι

336 4783 514 4850 λόγον,
541 4783 605 4838 ἄν
629 4802 680 4836 τι
699 4783 793 4855 δὲῃ
817 4785 1144 4856 κερδαίνειν,
1173 4789 1322 4842 οὐδὲν
1347 4792 1570 4861 ἀπᾷδον.
1600 4813 1619 4845 ε
1658 4794 1770 4862 Τῆς
1792 4795 1900 4864 γὰρ

340 4877 694 4946 συνειδήσεώς
753 4896 899 4942 τινες
954 4880 1356 4948 ἀστοχήσαντες
1391 4887 1518 4954 περὶ
1565 4886 1662 4956 τὴν
1719 4889 1901 4941 πίστιν

341 4966 710 5036 ἐναυάγησαν,
749 4987 769 5020 ι
830 4972 858 5022 ὁ
894 4972 1162 5039 μακάριος
1200 4972 1304 5042 ἔφη
1365 4975 1595 5038 Παῦλοςθ
1647 4996 1664 5027 ι
1711 4979 1901 5047 Νεκρὰ

338 5057 446 5122 γάρ
490 5060 627 5123 ἐστι,
653 5063 841 5131 φησὶν,
973 5065 1176 5132 πίστις,
1219 5085 1238 5117 ι
1295 5061 1374 5128 οἷς
1406 5069 1512 5120 τῶν
1547 5069 1900 5139 καταλλήλων

339 5150 436 5201 οὐκ
466 5151 728 5220 ἐμέλησεν
764 5153 960 5221 ἔργων,
1003 5157 1123 5210 ὅθεν
1163 5160 1209 5210 εἰ
1253 5159 1620 5229 διαφθείροιτο
1677 5164 1898 5231 ῥᾳδίως,

341 5242 522 5294 καινὸν
554 5243 723 5300 οὐδέν.
744 5246 921 5314 Τριῶν
946 5249 1052 5316 γὰρ
1077 5248 1275 5313 ὄντων,
1295 5249 1330 5302 ἃ
1360 5251 1438 5318 τῷ
1460 5251 1578 5320 Θεῷ
1611 5254 1741 5321 παρ’
1767 5255 1900 5322 ήμῖν

340 5341 595 5408 φυλάττει
623 5345 681 5394 τὸ
699 5345 877 5406 σέϐας,
896 5345 988 5397 τοῦ
1014 5346 1176 5413 φόϐαν
1202 5347 1311 5400 τῶν
1331 5350 1600 5416 κειμένων
1632 5353 1742 5412 τοῖς
1771 5353 1898 5403 ἀσε-

341 5434 456 5488 ϐέσι
484 5438 690 5497 κακῶν,
718 5439 814 5503 τῆς
848 5438 1060 5506 ἀγαθῆς
1099 5440 1203 5491 τῶν
1256 5442 1624 5496 εὐσεϐούντων
1657 5443 1895 5507 ἐλπίδος,

339 5526 430 5578 τοῦ
461 5530 588 5596 περὶ
628 5528 788 5581 αὑτὸν
840 5529 974 5582 Θεὸν
1002 5531 1094 5582 καὶ
1120 5530 1180 5581 τὸ
1212 5533 1376 5584 καλὸν
1408 5536 1631 5602 ἔρωτος,
1672 5536 1898 5604 ἐνεργὸν

341 5615 487 5668 οὐδὲν
505 5620 622 5678 ταῖς
644 5617 751 5670 τῶν
785 5621 1123 5686 παρανομεῖν
1157 5621 1474 5686 ἐγνωκότων
1502 5626 1889 5678 καταλεέπεται

341 5703 552 5775 ψυχαῖς·
587 5709 721 5763 ἀλλὰ
759 5710 1006 5778 καθάπερ
1037 5705 1117 5773 οἷς
1147 5713 1171 5763 ὁ
1202 5713 1311 5780 βίος
1337 5715 1448 5776 τοῖς
1484 5713 1578 5766 τοῦ
1604 5715 1736 5768 Θεοῦ
1760 5721 1889 5771 τατ-

2001 3159 2401 3228 expellendum,
2435 3175 2628 3230 passus
2657 3160 2882 3229 expulit.
2912 3161 2978 3215 At
3015 3162 3117 3213 hoc
3151 3168 3298 3213 certe
3333 3174 3440 3211 non
3478 3169 3562 3212 est

2001 3251 2182 3316 inane,
2204 3251 2253 3306 ei
2289 3253 2410 3320 quis
2439 3267 2537 3322 pro
2563 3267 2894 3322 quocunque
2951 3253 3130 3316 lugeat
3164 3252 3230 3304 ad
3264 3266 3460 3318 corpus
3485 3260 3564 3303 at-

2002 3341 2225 3402 tinente.
2261 3343 2354 3398 sed
2389 3352 2443 3396 et
2472 3347 2728 3397 damnum
2763 3344 2952 3411 ingens
2993 3362 3006 3398 :
3043 3345 3145 3397 hoc
3173 3344 3317 3398 enim
3350 3355 3431 3396 est
3457 3357 3566 3410 prae

2006 3431 2115 3487 Deo
2150 3434 2352 3503 aliquid
2385 3435 2530 3488 aliud
2563 3434 2765 3489 dueere
2793 3436 2808 3488 l
2840 3433 3014 3503 Hujus
3055 3435 3274 3503 quidem
3308 3432 3565 3500 nequitizc

2001 3523 2200 3592 gradus
2236 3524 2458 3578 ultimus
2516 3533 2596 3579 est
2624 3525 2774 3579 Juda:
2799 3525 3094 3588 dementia,
3143 3541 3263 3579 cum
3300 3523 3468 3578 Deum
3509 3535 3564 3576 et

2003 3615 2336 3670 Salvatorem
2370 3617 2556 3686 paucis
2579 3618 2818 3672 nummis
2837 3617 3121 3672 venderet:
3144 3617 3357 3671 initium
3380 3627 3558 3669 autem

2002 3718 2055 3761 et
2072 3723 2252 3761 semen
2272 3717 2354 3762 est
2373 3710 2423 3762 in
2448 3708 2594 3762 illius
2613 3708 2929 3762 memoriam
2950 3709 3051 3761 hoc
3072 3709 3200 3777 pati,
3227 3718 3386 3774 atque
3406 3725 3466 3761 ex
3485 3708 3562 3774 ip.

2002 3801 2116 3853 sius
2150 3802 2429 3854 consortio
2482 3801 2552 3853 ob
2589 3801 2730 3854 alius
2777 3803 2853 3853 rei
2905 3815 3146 3852 amorem
3201 3800 3407 3865 repelli.
3463 3800 3561 3854 Ubi

2003 3891 2148 3942 enim
2184 3891 2297 3944 haec
2346 3891 2584 3959 nequitia
2639 3892 2832 3954 crevit,
2882 3890 3194 3961 ohlirioque
3240 3890 3330 3945 Dei
3385 3893 3561 3946 locum

2004 3983 2198 4036 animae
2226 3985 2530 4050 occupavit,
2559 3998 2686 4052 erga
2729 3983 2902 4051 ipsum
2952 3983 3193 4037 charitas
3242 3983 3562 4051 languescit,

2003 4075 2272 4144 siquidem
2299 4075 2634 4129 contrarium
2671 4075 2948 4129 memoria:
2979 4091 3036 4129 se
3065 4074 3290 4142 ingerit;
3319 4073 3408 4127 ubi
3436 4089 3564 4126 vero

2003 4167 2245 4220 Charitas
2285 4166 2553 4220 exstincta
2585 4173 2690 4230 est,
2719 4165 2866 4220 brevi
2899 4166 3043 4219 circa
3089 4164 3342 4217 mandata
3390 4163 3564 4230 ipsius

2004 4257 2327 4328 negligentia
2357 4267 2410 4311 et
2455 4259 2813 4326 transgressio
2842 4259 3104 4325 irrepnut.
3149 4275 3166 4308 ι
3201 4254 3565 4320 Quemadmo-

2003 4351 2131 4406 dum
2168 4352 2258 4420 qui
2291 4351 2468 4420 diligit
2509 4366 2617 4410 me,
2648 4349 2840 4416 inquit,
2878 4359 3145 4417 praecepta
3213 4365 3328 4400 mea
3381 4363 3566 4402 serra-

2004 4445 2100 4507 bit,
2138 4462 2156 4494 ›
2196 4443 2302 4496 illis
2333 4451 2510 4498 autem
2545 4444 2636 4510 qui
2673 4440 2764 4496 Dei
2795 4442 2934 4510 leges
2971 4441 3295 4495 conculcant
3330 4441 3562 4493 audent-

2002 4549 2110 4603 que
2151 4535 2304 4598 talia,
2350 4544 2408 4588 ut
2448 4534 2568 4587 ﬁdei
2620 4535 2842 4586 verbum
2887 4533 3134 4601 prodant,
3173 4547 3201 4582 a
3257 4530 3403 4584 nullo
3454 4531 3563 4583 cri-

2005 4627 2149 4679 mine
2185 4625 2298 4677 utili
2344 4627 2668 4678 abhorrent.
2711 4641 2729 4674 ι
2765 4622 2994 4688 Quidam
3043 4623 3184 4676 enim
3217 4635 3246 4675 a
3275 4622 3563 4676 conscien-

2005 4715 2078 4768 tia
2107 4715 2536 4777 aberrantcs,ait
2574 4717 2765 4767 beatus
2795 4712 3017 4776 Paulus,
3053 4712 3196 4764 circa
3233 4712 3392 4764 fidem
3427 4726 3562 4764 nau-

2002 4806 2388 4875 fragaverunt;
2421 4824 2438 4856 ι
2475 4823 2493 4856 ι
2525 4805 2732 4858 Mortua
2762 4817 2994 4871 namque
3017 4802 3147 4856 lidcs
3169 4813 3276 4866 est,
3308 4819 3329 4853 ι
3365 4803 3559 4871 inquit,

2000 4895 2220 4948 illorum
2256 4894 2454 4962 quibus
2483 4894 2550 4947 de
2579 4893 2833 4961 cperibus
2873 4906 2980 4945 non
3010 4901 3093 4946 est
3122 4907 3254 4946 cura
3281 4907 3295 4955 ;
3334 4894 3477 4946 unde
3515 4896 3560 4946 si

2004 4986 2163 5040 facile
2197 4986 2524 5054 dissipetur,
2550 4999 2658 5038 non
2690 4993 2774 5039 est
2823 4984 3021 5038 mirum
3043 5022 3058 5036 .
3089 4984 3225 5038 Cum
3258 4986 3402 5037 etiim
3459 4985 3560 5037 tria

2003 5081 2116 5134 sint
2159 5095 2280 5148 qua:
2330 5086 2570 5132 nostram
2611 5092 2737 5146 erga
2773 5077 2938 5130 Deum
2987 5077 3391 5130 venerationem
3447 5091 3562 5129 scr-

2001 5179 2152 5237 vant,
2206 5173 2368 5225 timor
2413 5171 2677 5224 malorum
2725 5170 2908 5238 impiis
2953 5169 3388 5231 imminentium,
3422 5168 3560 5220 bona

2005 5264 2217 5332 piorum
2270 5277 2415 5331 spes,
2459 5262 2549 5314 Dei
2583 5271 2636 5315 et
2666 5262 2882 5316 virtutis
2920 5277 3110 5314 amor:
3145 5261 3342 5313 animis
3371 5273 3562 5312 eorum

2002 5354 2094 5424 qui
2125 5353 2425 5419 transgredi
2455 5353 2598 5420 leges
2633 5353 2808 5405 solent
2836 5353 2968 5405 nihil
3005 5351 3190 5405 ellicax
3222 5349 3561 5416 relinquitur.

2005 5445 2111 5498 Sed
2141 5444 2598 5513 qpeinadmodum
2630 5444 2768 5505 illis,
2793 5457 3028 5513 quorum
3071 5441 3185 5493 vita
3223 5440 3313 5494 Dei
3357 5439 3566 5508 legibus

2003 5536 2304 5590 ordinatur.
2330 5549 2457 5602 erga
2492 5535 2667 5602 ipsum
2710 5543 2936 5602 augetur
2974 5530 3294 5593 reverentia,
3356 5531 3430 5583 ita
3463 5531 3560 5585 de-

2005 5637 2286 5697 Spectorrs
2316 5625 2719 5687 Scripturarum
2751 5624 2894 5676 brevi
2920 5621 3138 5681 dest-rit,
3165 5629 3219 5672 et
3257 5620 3290 5671 ii
3317 5621 3408 5689 qui
3440 5637 3565 5688 prn-

2010 5718 2330 5788 gretliuutur
2359 5717 2512 5785 juxta
2559 5715 2838 5782 pulchram
2882 5713 3020 5766 hanc
3069 5711 3378 5780 passionem
3425 5714 3565 5768 nihil
