3920 6206
477 233 582 293 695
1727 245 2034 307 NlCOLAl
2079 248 2468 311 CABASILIE
3557 271 3639 338 69.6

474 344 676 399 habent
719 358 1141 414 commune;eo
1191 351 1307 420 ipso
1361 362 1541 407 autem
1592 354 1742 424 quod
1793 371 1824 410 e
1873 356 2016 412 medi

2121 392 2128 421 ι
2159 377 2308 415 τεται
2341 362 2545 432 νόμοις,
2575 364 2608 434 ἡ
2653 365 2782 436 περὶ
2820 366 2984 422 αὐτὸν
3009 365 3172 434 αἰδὼς
3195 367 3414 438 αὔξεται,
3457 378 3531 432 τδν
3550 384 3642 438 [σον

475 437 707 499 tollitur,
741 441 955 493 cunctis
981 455 1101 510 quae
1135 439 1426 509 prohibere
1483 457 1709 514 possent
1759 449 2018 520 nequitia:

2157 455 2361 525 τρόπον
2411 455 2538 520 τοὺς
2565 457 2676 511 τῶν
2732 457 2930 529 λογίων
2981 461 3282 534 ὑπερόπτας
3323 469 3446 522 κατὰ
3493 477 3645 545 μικρὸν

475 528 697 596 ablatis,
723 539 778 585 et
809 529 1016 585 ratione
1059 548 1180 602 quac
1223 533 1428 590 bonum
1475 537 1683 593 inducit
1710 551 1832 608 post
1862 540 2018 595 multa

2161 547 2461 612 ἐπιλείπει,
2495 549 2591 602 καὶ
2625 528 2881 621 προϊοῦσι
2924 553 3062 624 πρὸς
3088 528 3149 608 τὸ
3178 528 3328 612 καλδν
3352 528 3646 632 τοῦτοιπάθσς

473 617 868 674 rel‘renationes
917 629 1151 685 tacente,
1197 625 1340 692 quod
1383 627 1434 680 in
1482 627 1621 682 mala
1687 637 1929 686 extrema
1983 631 2018 686 lt

2167 634 2324 690 οὐδὲν
2361 637 2560 704 κοινὸν,
2591 617 2685 710 τῷ*
2723 639 2782 693 δέ
2836 617 3045 714 ταύτην
3111 643 3175 697 ἐκ
3229 646 3380 716 μέσον
3423 617 3646 721 γενέσθαι,

473 713 680 767 buntur
718 711 876 766 facile
908 713 1250 783 intelligitur.

2158 728 2378 784 πάντων
2407 732 2517 787 τῶν
2549 733 2796 804 ἐπισχεῖν
2823 734 2890 789 ἂν
2916 711 3247 807 δυνηθέντων
3300 740 3390 811 τὴν
3434 711 3648 815 πονηρίαν

469 803 853 876 ἀνῃρημένων,
878 806 974 859 καὶ
1007 807 1098 860 τοῦ
1123 808 1363 876 τάγαθὸν
1387 811 1730 883 ἅσφέροντος
1767 815 2028 887 λογισμοῦ
2067 817 2144 887 τῷ
2173 823 2435 889 πολλάκις
2483 827 2945 900 ὲπιστομισθῆναι
2981 803 3361 902 σεσιγηκὸτοςί
3389 803 3648 908 ἐπ’ἔσχατα

469 899 666 967 χωρεῖν
697 898 894 964 αὐτοὺς
915 901 1024 954 τῶν
1053 902 1261 970 κακῶν,
1289 903 1440 958 οὐδὲν
1464 906 1721 976 χαλεπόν.

538 993 830 1062 Pr0pterea
890 996 1314 1054 sollicitudinem
1375 999 1478 1056 viri
1550 1003 1703 1072 probi
1767 1005 2044 1069 retinent,

464 1095 516 1138 et
546 1085 808 1142 adversus
845 1089 1080 1144 radicem
1133 1092 1400 1147 malorum
1434 1095 1503 1149 ab
1553 1095 1710 1150 initio
1763 1098 2045 1164 resistunt,

464 1194 493 1234 s
531 1180 675 1249 lique
697 1180 806 1235 Deo
829 1196 922 1237 cor
943 1186 1279 1250 custodiunt,
1301 1195 1562 1257 tanquam
1594 1189 1740 1244 aliud
1767 1190 2040 1260 quoddam

465 1273 689 1342 adytum
725 1277 1045 1330 memoriam
1079 1277 1181 1348 ipsi
1209 1279 1524 1348 scligentes.
1557 1281 1750 1338 Sciunt
1777 1283 1921 1338 enim
1952 1299 2012 1339 sa

2149 1286 2279 1341 ἄλλο
2313 1304 2366 1341 τι
2406 1275 2632 1358 τέμενος
2665 1286 2764 1359 τὴν
2823 1289 3048 1360 μνήμην
3093 1290 3357 1355 ἐξελόντες
3392 1292 3538 1363 αὐτῷ.
3568 1273 3652 1347 Kal

463 1379 682 1418 crarum
723 1365 922 1420 aedium
972 1370 1264 1436 plerasque
1313 1385 1383 1424 ne
1422 1378 1643 1440 tangere
1674 1372 1893 1442 quidem
1926 1373 2016 1428 Iicl

2151 1379 2260 1449 γὰρ
2297 1379 2464 1444 ἴσασι,
2497 1380 2608 1433 τῶν
2650 1379 2752 1450 μὲν
2799 1379 2962 1451 ἱερῶν
3013 1381 3181 1436 οἴκων
3209 1385 3316 1445 τοῖς
3355 1383 3542 1446 πολλοῖς
3560 1385 3652 1438 οὐδὲ

463 1465 601 1520 tum,
631 1471 695 1512 ac
715 1458 1034 1527 supellectili
1082 1459 1328 1529 velisque
1397 1464 1736 1518 consecratis
1783 1463 1851 1518 ad
1894 1465 2018 1518 aliut

2141 1470 2337 1539 ψαύειν
2368 1471 2593 1539 ἐξεῖναι,
2624 1471 2721 1526 καὶ
2770 1472 2984 1526 σκευῶν
3029 1474 3124 1527 καὶ
3155 1473 3365 1528 πέπλων
3391 1476 3489 1538 τοῖς
3516 1474 3654 1540 οὕτως

463 1548 593 1614 quid
628 1549 703 1602 uti
740 1552 822 1603 fas
855 1564 961 1606 non
985 1565 1125 1624 esse,
1151 1552 1348 1608 anime
1390 1568 1521 1608 vero
1551 1555 1660 1609 Deo
1689 1555 2018 1611 sanctiﬁcata

2142 1562 2553 1632 ἀφωρισμένοις
2591 1564 2729 1633 πρὸς
2759 1563 2890 1618 ἄλλο
2937 1579 2991 1618 τι
3027 1564 3264 1636 χρῆσθαι
3299 1566 3401 1619 τῶν
3430 1565 3655 1636 ὀθεμίτων

464 1639 671 1693 nullutn
711 1654 808 1708 par
851 1656 974 1696 esse
1018 1642 1340 1708 sacrarium,
1382 1645 1527 1700 unde
1572 1655 1822 1716 oporteat
1872 1647 2018 1700 multi

2145 1651 2307 1719 εἶναι,
2337 1653 2516 1724 ψυχῆς
2541 1654 2598 1709 δέ
2631 1655 2752 1726 Θεῷ
2787 1655 3222 1727 καθιερωθείσης
3251 1656 3391 1711 οὐδὲν
3421 1657 3519 1711 ίσον
3543 1656 3653 1712 εἶναι

463 1731 638 1798 magis
675 1731 896 1801 adytum
938 1748 1059 1788 esse
1094 1733 1505 1802 impenetrabile
1545 1713 1908 1811 vendentium
1958 1749 2016 1794 at

2145 1746 2252 1799 τῶν
2277 1713 2625 1817 ἱερῶνϊδθεν
2672 1713 2766 1802 καὶ
2811 1713 3012 1818 χρῆναι
3051 1713 3254 1813 παντδς
3292 1750 3476 1821 μᾶλλον
3503 1751 3655 1804 ἄδυτον

462 1840 569 1894 que
630 1827 960 1887 ementihus.
1023 1841 1231 1882 necnon
1267 1830 1472 1885 mensis
1511 1839 1562 1886 et
1609 1831 1882 1887 cathedris
1905 1847 2018 1886 ven.

2145 1833 2285 1892 εῖναι
2314 1841 2426 1903 τοῖς
2473 1839 2712 1894 πωλοῦσι
2760 1842 2854 1895 καὶ
2889 1842 3242 1912 ἀγοράζουσι,
3285 1846 3374 1897 καὶ
3416 1844 3654 1913 τραπεζῶν

462 1913 713 1968 dentium
768 1914 1054 1970 columbas
1102 1931 1168 1970 ac
1201 1916 1474 1972 similibus
1531 1918 1850 1992 immunem,
1887 1930 2018 1973 esse

2142 1929 2238 1984 καὶ
2273 1929 2610 1984 κολυϐιστῶν
2639 1931 2736 1985 καλ⁸
2772 1931 3039 1986 τοιούτων
3073 1933 3408 2005 ἀπηλλάχθαι
3436 1935 3655 2004 πραγμάο

464 2005 522 2060 Si
574 2005 717 2059 enim
764 1993 1031 2062 orationis
1073 2008 1296 2063 domum
1333 2008 1414 2065 sic
1450 2025 1573 2066 esse
1616 2018 1861 2080 oportet.
1904 2011 2018 2082 quit

2141 2040 2274 2077 των.
2304 2023 2370 2076 El
2397 2023 2507 2095 γάρ
2533 2024 2627 2078 τὸν
2659 2024 2761 2096 τῆς
2809 2026 3120 2098 προσευχῆς
3168 1993 3320 2082 οἷκον
3360 1993 3512 2089 οὕτως
3538 1993 3656 2098 ἐχειν

394 2162 396 2164 τ
465 2099 766 2166 putandum
797 2107 880 2154 est
905 2099 972 2154 de
1005 2101 1121 2169 ipso
1155 2112 1368 2168 orante,
1406 2111 1628 2172 propter
1659 2118 1819 2170 quem
1855 2102 2018 2158 locuu

2139 2112 2332 2183 ἐχρῆν,
2365 2113 2514 2178 ὅπως
2546 2115 2629 2170 δεῖ
2656 2117 2906 2187 νομίζειν
2929 2117 3094 2172 αὑτὸν
3124 2119 3217 2173 τὸν
3237 2119 3656 2190 εὗχόμενον,ὐπέρ

461 2190 626 2244 istum
677 2190 832 2245 turba
876 2207 1107 2247 vacuum
1144 2207 1266 2249 esse
1312 2194 1614 2249 convenit?
1663 2192 1728 2250 Et
1762 2209 1892 2250 vero
1926 2210 2018 2250 nor

2137 2199 2200 2259 οῦ
2235 2205 2330 2259 καὶ
2369 2206 2430 2260 τὸ
2459 2208 2661 2278 χωρίον
2691 2209 2868 2262 ἐκεῖνο
2898 2209 3235 2281 καθαρεύειν
3279 2212 3378 2266 ἔδει
3417 2211 3654 2283 θορύϐων;

460 2296 559 2350 pro
587 2291 829 2352 tempore
856 2284 1119 2340 continuo
1151 2299 1348 2339 nomen
1380 2295 1498 2339 erat
1523 2284 1736 2348 eﬂicax,
1770 2301 1869 2341 nec
1887 2302 2018 2342 εοηιι

2138 2298 2333 2352 Καίτοι
2388 2300 2466 2370 τῷ
2517 2301 2619 2371 μὲν
2656 2303 2917 2358 ἑκάστοτε
2953 2304 3218 2376 τοῦνομα.
3245 2307 3343 2360 οὐκ
3365 2301 3429 2376 ἦν
3455 2299 3655 2374 ἐνεργὸν,

466 2387 559 2443 per
609 2381 727 2428 erat
767 2375 1036 2430 orationis
1079 2375 1310 2442 domus,
1343 2375 1639 2446 aliquando
1678 2377 2018 2446 precantihut

2136 2389 2246 2443 οὐδ’
2275 2386 2345 2461 ἦν
2376 2393 2462 2446 ἀεὶ
2491 2397 2801 2467 προσευχῆς
2837 2393 3004 2463 οἶκος,
3049 2375 3162 2452 τῶν
3192 2375 3486 2469 εὐχομένων
3518 2396 3654 2450 ἐνίοτε

2135 2483 2291 2546 κενὸς
2342 2483 2457 2538 ὤν’
2499 2486 2861 2557 Χριστιανοὺς
2913 2488 2968 2542 δὲ
3015 2492 3084 2561 τῇ
3140 2489 3235 2544 τοῦ
3264 2488 3395 2544 Θεοῦ
3443 2488 3658 2559 συνουσίᾳ

2136 2576 2498 2644 προσκεῖσθαι
2529 2579 2620 2631 τὸν
2657 2580 2746 2633 ἀεὶ
2776 2580 2969 2650 χρόνον
2998 2581 3360 2645 ἀδιαλείπτως
3400 2597 3656 2651 προσευχοο

2135 2663 2354 2733 μένους,
2410 2668 2438 2719 ὀ
2495 2667 2591 2721 τοῦ
2652 2668 2867 2724 Παύλου
2899 2670 3114 2726 κελεύει
3159 2673 3341 2743 νόμος.
3384 2671 3657 2726 Κάκεῖνοδέ

2133 2756 2452 2827 συνορῶμεν
2472 2776 2486 2790 ο
2519 2761 2633 2814 τῶν
2656 2761 2765 2830 γὰρ
2792 2763 2969 2816 ἀλλων
2998 2767 3026 2817 ὁ
3065 2764 3260 2834 Σωτὴρ
3290 2762 3656 2834 ἁμαρτημάτων

2129 2846 2310 2915 λόγοις
2339 2849 2571 2918 ἀπάγων
2597 2851 2830 2906 ἐνταῦθα
2882 2855 2978 2908 καὶ
3023 2855 3250 2927 γλώσσῃ
3302 2855 3547 2926 κέχρηται
3581 2851 3656 2905 καὶ

453 2914 616 2984 gallo,
649 2925 707 2969 ut
745 2914 1154 2971 meminerimus
1190 2927 1393 2986 quanta
1437 2934 1525 2973 res
1553 2919 1924 2978 sollicitudine
1955 2924 2018 2976 sit

2127 2937 2264 3010 ὀργῇ
2297 2939 2390 2991 καὶ
2410 2914 2557 3009 χειρὶ
2577 2941 2671 2994 καὶ
2685 2943 2931 3013 μάστιγι,
2950 2914 3267 3012 λογίζεσθαι
3281 2914 3534 3016 παρέχων,
3551 2944 3656 3009 ὅστις

450 3007 611 3076 digna
637 3046 651 3062 .
686 3007 807 3062 llaec
852 3008 996 3062 enim
1041 3025 1150 3064 non
1193 3018 1300 3065 tam
1346 3021 1506 3067 erant
1543 3013 1685 3068 istud
1722 3015 2018 3086 templum,

454 3101 593 3124 Δ...Ι
629 3099 951 3124 η--.-.εΔ-ι.-.
992 3117 1234 3124 -..-..-.-...
1281 3103 1330 3124 1-,
1358 3119 1375 3124 _
1399 3118 1549 3124 -_-_--
1578 3105 1660 3124 __-|
1682 3105 1803 3124 __.!_
1877 3120 1955 3124 ην-

2127 3007 2270 3094 ἀξιοῖ
2303 3031 2365 3084 τὸ
2403 3007 2635 3102 πρᾶγμα
2683 3007 2940 3106 σπουδῆς.
2971 3007 3161 3091 Ταῦτα
3204 3037 3313 3107 γὰρ
3340 3007 3397 3092 ού
3419 3007 3516 3090 ,τὸν
3545 3007 3656 3087 νεῶν

450 3101 594 3171 quod
629 3099 956 3168 praevidebat
987 3117 1260 3168 eversum,
1281 3103 1554 3160 honorare
1578 3105 1828 3168 volentis.
1857 3120 2018 3173 quam

2127 3120 2383 3174 τοσοῦτον
2441 3124 2650 3176 ἐκεῖνον
2706 3123 3031 3195 βουλομένου
3081 3125 3390 3198 σεμνύνειν,
3421 3126 3476 3180 δν
3519 3139 3658 3177 κατα-

452 3195 793 3248 ostendentis
827 3195 879 3247 in
923 3208 1032 3264 quo
1064 3203 1246 3250 teneat
1277 3197 1450 3264 pretio
1482 3211 1923 3267 unumquemque
1956 3199 2023 3254 ll-

449 3285 676 3345 delium.
703 3287 842 3356 apud
870 3301 1008 3357 quos
1042 3301 1262 3343 manere
1291 3287 1638 3357 promiserat,
1664 3287 1813 3344 curis
1843 3298 1896 3344 et
1927 3305 2028 3345 an-

438 3375 747 3439 _xietatibus
799 3390 919 3430 esse
959 3375 1189 3430 liberum
1223 3392 1236 3440 ;
1267 3385 1322 3431 et
1369 3378 1532 3432 simul
1568 3393 1732 3447 quam
1775 3381 1920 3434 acris
1951 3380 2025 3435 sit

447 3463 1048 3533 passimquanlumque
1073 3465 1146 3518 sit
1173 3479 1310 3532 Opus
1341 3468 1527 3520 animo
1555 3468 1861 3537 spirituque
1887 3484 2022 3523 cou-

446 3561 625 3609 stante
654 3568 718 3608 ac
753 3553 962 3608 ratione
999 3555 1273 3624 prudenti,
1301 3567 1354 3611 et
1375 3561 1676 3626 praesertim
1707 3561 1820 3631 ipsa
1852 3575 2016 3616 manu

446 3645 789 3711 Salvatoris,
821 3661 982 3713 quem
1017 3647 1107 3716 qui
1145 3663 1251 3703 non
1283 3649 1430 3704 intus
1474 3660 1818 3721 receperunt,
1849 3653 2019 3709 animi

443 3735 793 3805 agitationem
839 3735 1040 3805 cjirere
1082 3749 1377 3808 nequeunt.
1426 3739 1638 3797 idcirco
1673 3743 2017 3815 sacrilegium

442 3836 617 3882 morte
660 3829 992 3898 puniendum
1055 3829 1137 3884 lex
1185 3839 1482 3898 statuerat,
1525 3841 1580 3888 et
1632 3832 1848 3890 Sanctis
1892 3851 2019 3891 san-

438 3926 652 3974 ctorum
695 3921 872 3973 velum
929 3920 1300 3976 necessarium
1332 3921 1458 3978 fuit.
1489 3923 1597 3980 Oza
1630 3934 1877 3982 mortuus
1911 3937 2016 3995 est,

438 4011 586 4080 quod
637 4027 778 4066 arcae
828 4012 1101 4067 vacillanti
1153 4015 1439 4083 profanam
1473 4017 1732 4073 intulerat
1764 4034 2014 4087 manum,

2130 4044 2261 4107 Ὀζὰ
2312 4011 2629 4120 ἀπέθνησκε
2674 4011 2752 4121 τῇ.
2797 4011 3016 4120 meum};
3067 4011 3470 4122 περιτραπείση
3522 4011 3654 4118 χεῖρα

436 4117 492 4158 et
515 4102 674 4159 Ozias
705 4105 911 4170 lepram
941 4119 971 4158 e
1003 4107 1176 4162 sacris
1201 4107 1415 4162 lucrum
1450 4111 1677 4178 accepit,
1702 4127 1844 4181 quae,
1877 4114 2017 4169 sicut

2121 4102 2346 4207 βέδηλον
2397 4102 2652 4210 ὑποσχὼν
2671 4181 2686 4204 ,
2715 4102 2833 4194 ⁸’κοιλ
2895 4102 3470 4214 ὀςῖαξῖὲτέρᾇντῶῖ

438 4197 542 4251 alia
591 4197 782 4262 multa,
839 4197 1122 4268 baptiz.-.ta-
1171 4200 1388 4266 animae,
1443 4209 1705 4272 tanquam
1747 4221 1875 4260 vero
1919 4206 2012 4262 υιιὶ

2121 4197 2396 4294 ἀπώνατο,
2433 4197 2736 4285 καὶῇπολλὰ
2783 4231 2848 4302 δὴ
2887 4197 3120 4287 τοιαῦτα
3169 4197 3246 4305 τῇ⁸
3284 4197 3653 4305 βεϐαπτισμένῃ

435 4290 702 4353 sacrario,
733 4305 930 4361 purum
963 4290 1174 4360 asylum
1224 4308 1346 4348 esse
1391 4293 1713 4349 decernunt.
1755 4294 1878 4351 Ideo
1932 4298 2015 4352 vi-

2121 4320 2260 4391 Ψυκῇ
2293 4322 2355 4374 τδ
2384 4290 2660 4392 ’καθαρῶς
2688 4290 2888 4377 ἇσυλθν
2918 4323 2997 4394 τῷ
3025 4290 3440 4396 ἀληθινῶιθεοῦ
3470 4290 3654 4394 τεμένει

434 4383 686 4438 ventibns
729 4384 784 4438 in
819 4383 1041 4439 Christo
1082 4399 1273 4452 puram
1322 4399 1352 4438 a
1395 4385 1761 4442 sollicitudine
1812 4388 2011 4444 habere

2121 4383 2419 4481 νομοθετεῖ.
2443 4383 2735 4467 Διά-ταῦτα
2756 4417 2872 4478 τοῖς
2893 4416 2952 4468 ἐν
2967 4383 3203 4487 ῦζρισῖτῷ
3230 4383 3398 4482 ἐῶσιν
3419 4383 3651 4478 εἰλικρινῆ

2226 1011 2328 1064 Διά
2355 1009 2527 1064 ταῦτα
2570 1009 2670 1082 τὴν
2713 1012 2985 1082 μέριμναν
3019 1017 3068 1068 oi
3105 1017 3368 1071 σπουδαῖοι
3409 1020 3652 1087 φυλάττον-

2152 1120 2266 1168 ται,
2295 1107 2390 1156 καὶ
2424 1103 2561 1174 πρὸς
2587 1107 2686 1175 τὴν
2728 1105 2884 1174 ῥίζαν
2917 1106 2974 1173 ἐξ
3001 1107 3174 1178 ἀρχῆς
3207 1109 3434 1165 ἵστανται
3454 1113 3545 1165 τῶν
3569 1131 3650 1168 κα-

2151 1195 2262 1250 κῶν
2287 1197 2379 1249 καὶ
2400 1195 2494 1278 τὴν
2523 1197 2752 1268 καρδίαν
2781 1197 2858 1269 τῷ
2879 1198 2998 1269 Θεῷ
3023 1199 3168 1269 μόνῳ
3187 1201 3420 1272 τηροῦσι,
3449 1204 3652 1276 καθάπερ

459 2478 631 2518 vacua
665 2482 680 2520 ε
723 2477 779 2519 ιιι
804 2464 1098 2525 Christiani
1144 2475 1325 2522 autem
1378 2467 1469 2522 Dei
1509 2469 1905 2524 consociatioui
1945 2469 2032 2524 in—

457 2555 691 2610 haereant
722 2571 817 2624 per
845 2570 1008 2610 omne
1036 2564 1250 2627 tempus
1301 2558 1674 2614 indesinenter
1724 2571 2028 2628 precantes,

454 2645 607 2701 Pauli
641 2647 725 2700 lex
755 2647 930 2715 jubet.
964 2645 1079 2701 Iloc
1115 2658 1294 2701 autem
1328 2663 1548 2734 quoque
1573 2651 1984 2707 consideremus
2013 2669 2028 2707 :

454 2737 581 2791 aliis
632 2737 778 2791 enim
833 2736 1077 2791 Salvator
1123 2752 1218 2806 per
1269 2739 1429 2793 verba
1483 2741 1807 2796 Criminibus
1854 2741 2028 2796 abdu-

453 2843 605 2890 ccns,
645 2829 733 2882 hic
785 2828 956 2881 utitur
1003 2836 1057 2882 et
1089 2829 1268 2898 lingua
1300 2837 1354 2883 et
1383 2829 1487 2896 ira,
1519 2842 1573 2884 et
1617 2845 1806 2893 manu,
1843 2843 1896 2887 et
1928 2829 2027 2886 lla-

2130 3216 2515 3285 σκαπτόμενον
2548 3218 2845 3288 περιεῖδεν,
2877 3221 3005 3275 ὅσον
3041 3222 3156 3276 τῶν
3200 3222 3400 3276 πιστῶν
3442 3221 3656 3281 ἕκαστον,

2125 3305 2258 3374 παρ’
2284 3304 2366 3369 οἷς
2401 3309 2773 3379 ἐπηγγείλατο
2801 3313 3006 3382 μένειν,
3045 3316 3324 3388 μερίμνης
3351 3311 3656 3383 ἀπηλλάχθαι

2124 3398 2220 3451 καὶ
2277 3401 2578 3470 φροντίδων
2631 3404 2757 3458 ὅσου
2812 3408 3074 3476 τιμᾶται,
3127 3409 3435 3473 δεικνύντος
3467 3403 3545 3478 ῆν,
3580 3403 3656 3459 καὶ

2124 3487 2242 3556 ἅμα
2267 3489 2342 3552 ὼς
2376 3491 2572 3562 ίταμδν
2595 3493 2656 3546 τὸ
2689 3493 2879 3560 πάθος,
2903 3499 2996 3550 καὶ
3019 3499 3182 3568 χρεία
3207 3499 3377 3570 θυμοῦ
3407 3500 3492 3554 καὶ
3507 3495 3655 3567 ψυχῆς

2123 3580 2372 3651 ἑστώσης
2400 3585 2495 3638 καὶ
2525 3583 2789 3656 νήφοντος
2815 3587 3105 3658 λογισμοῦ,
3137 3592 3231 3644 καὶ
3262 3592 3366 3661 πρό
3397 3608 3456 3660 γε
3485 3588 3654 3646 τούτων

2123 3674 2293 3744 αὐτῆς
2347 3677 2447 3744 τῆς
2505 3679 2691 3747 χειρὸς
2729 3680 2824 3733 τοῦ
2867 3681 3146 3752 Σωτῆρος,
3191 3683 3252 3736 δν
3301 3683 3442 3736 ἔνδον
3483 3681 3550 3750 μὴ
3577 3680 3654 3730 λα-

2120 3763 2315 3829 δόντας
2358 3766 2454 3820 τὸν
2488 3767 2722 3836 θόρυὸον
2759 3772 3044 3844 ἀμήχανον
3074 3775 3351 3831 ἐκϐαλεῖν.
3393 3773 3485 3828 Διά
3511 3771 3655 3826 ταῦτα

2119 3856 2182 3908 τὸ
2231 3857 2510 3928 ἱερόσυλον
2543 3859 2762 3934 θανάτῳ
2791 3862 3130 3934 ζημιοῦσθαι
3175 3866 3342 3937 νόμος
3370 3867 3550 3926 ἔκειτο,
3579 3861 3654 3913 καὶ

2117 3951 2230 4012 τοῖς
2277 3951 2390 4004 τῶν
2441 3953 2614 4021 ἀγίων
2665 3955 2870 4025 Ἀγίοις
2915 3959 3427 4029 παραπετάσματος
3473 3955 3651 4023 ἐδέησε.

431 4477 689 4541 animam,
722 4476 777 4530 in
824 4490 1022 4545 magno
1057 4476 1270 4531 videtur
1315 4492 1436 4532 esse
1465 4478 1675 4545 pretio;
1715 4488 1767 4534 et
1801 4482 1846 4536 si
1875 4483 2004 4552 quid

431 4585 623 4624 corum
661 4583 783 4639 quae
814 4570 1070 4624 videntur
1104 4583 1226 4624 esse
1269 4570 1423 4623 utilia
1466 4570 1798 4628 voluntatem
1840 4588 2008 4643 pcne-

433 4672 560 4724 trat,
604 4677 713 4716 non
745 4662 1005 4732 pervertit
1043 4676 1291 4725 sensum,
1325 4663 1784 4732 quemadmodum
1824 4665 2006 4732 Petro,

433 4770 556 4806 rutn
610 4761 895 4807 vocantem
956 4753 1293 4808 Salvatorem
1344 4754 1574 4821 audivit,
1633 4757 1698 4811 de
1748 4757 1914 4814 rebus
1953 4761 2006 4814 in

431 4859 596 4900 manu
634 4844 832 4899 habitis
863 4846 1009 4899 nulla
1051 4861 1182 4900 cura
1219 4845 1341 4900 fuit.
1387 4848 1600 4902 Etenim
1634 4857 1686 4902 et
1729 4849 1828 4917 ipsi
1868 4868 2006 4922 qua-

431 4940 553 4988 dam
585 4936 871 4990 vocatione
899 4948 1159 5006 perpetua
1195 4951 1461 4994 vocantur
1493 4957 1588 5010 per
1616 4941 1945 5012 insculptam
1974 4961 2004 5000 a

433 5027 704 5098 mysteriis
736 5027 788 5081 in
820 5030 1002 5082 anima
1033 5029 1285 5097 gratiam,
1314 5047 1455 5102 quae,
1492 5035 1634 5088 sicut
1673 5035 1750 5089 ait
1778 5035 2003 5103 Paulus,

2120 4505 2397 4580 μερίμνης
2422 4505 2520 4578 τὴν
2544 4505 2724 4577 ψυχὴν
2767 4507 2913 4578 ἔχειν
2940 4507 3142 4561 πολλοῦ
3166 4524 3315 4571 τινος
3353 4502 3487 4560 εἶναι
3513 4501 3653 4556 δοκεῖ’

2117 4599 2223 4652 κάν
2258 4613 2313 4651 τι
2342 4597 2441 4668 τὴν
2468 4600 2696 4669 γνώμην
2726 4597 2944 4669 είσέλθῃ
2975 4598 3086 4652 τῶν
3129 4597 3273 4653 εἶναι
3305 4596 3567 4670 προύργου
3593 4596 3656 4646 δο-

2117 4687 2376 4754 κούντων,
2409 4689 2510 4743 οὐκ
2543 4689 2864 4760 ἐπιστρέφει
2890 4690 2983 4743 τὸν
3006 4690 3296 4761 λογισμὸν,
3332 4692 3568 4759 καθάπερ
3593 4685 3655 4754 τῷ

2116 4780 2308 4849 Πέτρῳ
2345 4779 2457 4834 τῶν
2489 4782 2547 4834 ὲν
2585 4779 2774 4851 χερσὶν
2801 4781 2955 4835 οὐδὲν
2979 4781 3278 4854 ἐμέλησεν,
3303 4785 3425 4837 ἐπεὶ
3457 4780 3654 4835 καλοῦνε

2112 4887 2203 4933 τος
2230 4870 2323 4923 τοῦ
2360 4871 2615 4942 Σωτῆρος
2661 4873 2883 4942 ἤκουσε.
2943 4875 3055 4928 Καὶ
3104 4875 3218 4949 γάρ
3255 4877 3351 4930 καὶ
3393 4875 3538 4930 αὐτοὶ
3574 4889 3655 4925 κα-

2109 4962 2331 5017 λοῦνται
2385 4963 2578 5033 κλῆσίν
2626 4982 2750 5020 τινα
2803 4967 3004 5036 συνεχῆ
3045 4968 3141 5021 καὶ
3186 4969 3409 5038 διηνεκῆ
3443 4966 3525 5020 διά
3565 4964 3651 5029 τῆξ.⁹

2110 5053 2546 5124 ἐνσημανθείσης
2575 5055 2683 5108 ἀπὸ
2719 5055 2829 5108 τῶν
2878 5057 3197 5128 μυστηρίων
3235 5061 3300 5130 τῇ
3339 5057 3480 5127 ψυχῇ
3511 5055 3647 5125 χάρι-

434 5139 453 5172 ι
486 5130 572 5175 est
611 5119 846 5191 Spiritus
875 5121 996 5176 Filii
1027 5121 1116 5177 Dei
1143 5123 1386 5179 clamans
1426 5126 1479 5180 in
1519 5127 1684 5182 corde
1718 5127 2000 5198 ipsorum:

423 5213 598 5275 Abba,
632 5213 809 5268 Pater.
848 5231 866 5265 ι
890 5213 954 5268 Ει
1005 5215 1074 5269 ita
1100 5229 1313 5284 semper
1345 5216 1527 5280 omnia
1570 5218 1898 5289 despiciunt,
1946 5232 2003 5276 ut

425 5320 641 5374 semper
683 5305 958 5360 Christum
995 5306 1150 5376 sequi
1199 5307 1437 5377 possint;
1470 5310 1732 5379 quoniam
1781 5328 1890 5366 non
1919 5323 2001 5368 est

422 5410 660 5461 teqnum,
695 5397 896 5464 inquit,
941 5413 1036 5454 eos
1071 5417 1090 5450 ι
1126 5400 1348 5454 verbum
1400 5401 1492 5456 Dei
1537 5403 1914 5476 derelinquere
1945 5417 1999 5463 et

2121 5437 2214 5486 τιν,
2250 5397 2318 5474 ivi
2355 5420 2614 5474 ἑκάστοτε
2643 5423 2720 5493 τῷ
2743 5423 2966 5494 Χριστῷ
2992 5425 3296 5494 δυνηθῶσιν
3321 5397 3637 5483 ἀκολουθεῖν,

425 5489 736 5544 ministrare
767 5491 996 5555 mensis,
1028 5511 1046 5544 ι
1083 5493 1261 5562 primo
1285 5494 1502 5563 quidem
1531 5497 1671 5567 quod
1697 5498 1831 5553 nihil
1861 5499 1997 5568 ipsis

2121 5513 2184 5562 ὅτι
2211 5511 2272 5564 ού
2304 5512 2469 5565 καλόν
2498 5515 2636 5577 ἐστι,
2681 5489 2868 5583 ιρησλν,
2912 5489 2949 5569 ι-
2972 5489 3208 5586 ἀφέντας
3233 5519 3321 5570 τὸν
3367 5515 3515 5582 λόγον
3553 5508 3635 5562 τοῦ

425 5595 533 5646 pra:
586 5582 695 5638 Deo
733 5596 850 5652 est;
898 5585 1092 5640 deinde
1139 5588 1396 5656 quoniam
1465 5599 1518 5644 et
1567 5600 1760 5645 caetera
1811 5595 1991 5648 omnia

2121 5602 2236 5656 ἐοῦ
2280 5603 2550 5659 διακονεῖν
2595 5582 2922 5676 τραπέζαις,
2959 5628 2977 5662 ι
3015 5582 3232 5679 πρῶτον
3267 5609 3363 5679 μὲν
3383 5609 3458 5661 ὅτι
3489 5602 3636 5676 μηδὲν

424 5666 492 5720 ab
543 5667 663 5738 ipso
707 5673 974 5733 bonorum
1001 5677 1246 5735 omnium
1271 5693 1487 5735 summo
1514 5679 1888 5751 dispensatore
1909 5702 1994 5742 rc-

2121 5697 2280 5761 ιὺτοίς
2326 5697 2434 5770 πρὸ
2465 5697 2560 5754 τοῦ
2609 5666 2996 5768 έεοῦ,’ἐπειθ’
3036 5666 3120 5757 in
3165 5666 3632 5764 καίπάντέπέβ

2065 5183 2067 5185 ι
2106 5163 2231 5209 τος,
2283 5147 2407 5217 ἣτις
2460 5149 2597 5212 ἐστὶ,
2647 5148 2858 5212 Παῦλος
2904 5144 3048 5215 εἷπε,
3100 5166 3122 5202 ι
3163 5150 3227 5203 τὸ
3270 5150 3366 5203 τοῦ
3404 5148 3523 5201 Υίοῦ
3566 5143 3644 5198 τοῦ

2105 5235 2242 5291 Θεοῦ
2271 5237 2499 5308 Πνεῦμα
2519 5241 2577 5292 ὲν
2605 5241 2725 5302 ταῖς
2745 5241 2997 5310 καρδίαις
3022 5242 3207 5296 αὐτῶν
3230 5243 3456 5314 κράζον·
3497 5237 3644 5293 ’Δσϐᾶ

2101 5328 2130 5380 δ
2161 5328 2372 5398 Πατήρ.
2411 5346 2430 5380 ι
2468 5329 2577 5382 Kal.
2615 5329 2788 5391 οὕτως
2837 5333 3094 5386 ἑκάστοτε
3141 5333 3358 5387 πάντων
3393 5328 3642 5401 ὑπερορῶο
