  <div class='ocr_page' id='page_1' title='image "/cluster/home/n/w/nwhite01/storage/ocr_20150623/150/hvd.32044073498826/354.png"; bbox 0 0 3982 6208; ppageno 0'>
   <div class='ocr_carea' id='block_1_1' title="bbox 314 280 413 340">
    <p class='ocr_par' dir='ltr' id='par_1_1' title="bbox 314 280 413 340">
     <span class='ocr_line' id='line_1_1' title="bbox 314 280 413 340; baseline 0.03 -3"><span class='ocrx_word' id='word_1_1' title='bbox 314 280 413 340; x_wconf 74' lang='grc' dir='ltr'><strong>ίῖ97</strong></span> 
     </span>
    </p>
   </div>
   <div class='ocr_carea' id='block_1_2' title="bbox 1371 292 2546 359">
    <p class='ocr_par' dir='ltr' id='par_1_2' title="bbox 1371 292 2546 359">
     <span class='ocr_line' id='line_1_2' title="bbox 1371 292 2546 359; baseline 0.005 -6"><span class='ocrx_word' id='word_1_2' title='bbox 1371 293 1468 353; x_wconf 81' lang='lat' dir='ltr'><strong>DE</strong></span> <span class='ocrx_word' id='word_1_3' title='bbox 1512 292 1683 353; x_wconf 81' lang='lat' dir='ltr'><strong>VITA</strong></span> <span class='ocrx_word' id='word_1_4' title='bbox 1730 296 1808 354; x_wconf 68' lang='lat' dir='ltr'><strong>IV</strong></span> <span class='ocrx_word' id='word_1_5' title='bbox 1850 294 2189 355; x_wconf 81' lang='lat' dir='ltr'><strong>CHRISTO</strong></span> <span class='ocrx_word' id='word_1_6' title='bbox 2233 297 2376 357; x_wconf 85' lang='lat' dir='ltr'><strong>LIB.</strong></span> <span class='ocrx_word' id='word_1_7' title='bbox 2418 297 2546 359; x_wconf 77' lang='lat' dir='ltr'><strong>VII.</strong></span> 
     </span>
    </p>
   </div>
   <div class='ocr_carea' id='block_1_3' title="bbox 3435 312 3539 378">
    <p class='ocr_par' dir='ltr' id='par_1_3' title="bbox 3435 312 3539 378">
     <span class='ocr_line' id='line_1_3' title="bbox 3435 312 3539 378; baseline 0.067 -8"><span class='ocrx_word' id='word_1_8' title='bbox 3435 312 3539 378; x_wconf 72' lang='grc' dir='ltr'><strong>ϐΊῖ</strong></span> 
     </span>
    </p>
   </div>
   <div class='ocr_carea' id='block_1_4' title="bbox 306 395 1864 485">
    <p class='ocr_par' dir='ltr' id='par_1_4' title="bbox 306 395 1864 471">
     <span class='ocr_line' id='line_1_4' title="bbox 306 395 1864 471; baseline 0.006 -24"><span class='ocrx_word' id='word_1_9' title='bbox 306 395 450 463; x_wconf 78' lang='grc' dir='ltr'>αὐτῷ</span> <span class='ocrx_word' id='word_1_10' title='bbox 490 395 653 449; x_wconf 75' lang='grc' dir='ltr'>τάλλα</span> <span class='ocrx_word' id='word_1_11' title='bbox 720 397 1093 464; x_wconf 69' lang='grc' dir='ltr'><strong>προσδοκῶσιν</strong></span> <span class='ocrx_word' id='word_1_12' title='bbox 1146 401 1438 471; x_wconf 76' lang='grc' dir='ltr'><strong>εὑρήσειν,</strong></span> <span class='ocrx_word' id='word_1_13' title='bbox 1486 404 1598 457; x_wconf 87' lang='grc' dir='ltr'><strong>τῶν</strong></span> <span class='ocrx_word' id='word_1_14' title='bbox 1644 404 1864 471; x_wconf 83' lang='grc' dir='ltr'>ἀγαθῶν</span> 
     </span>
    </p>
   </div>
   <div class='ocr_carea' id='block_1_5' title="bbox 1966 395 3540 485">
    <p class='ocr_par' dir='ltr' id='par_1_5' title="bbox 1968 411 3540 485">
     <span class='ocr_line' id='line_1_5' title="bbox 1968 411 3540 485; baseline 0.011 -26"><span class='ocrx_word' id='word_1_15' title='bbox 1968 418 2223 475; x_wconf 86' lang='lat' dir='ltr'><strong>cepmros</strong></span> <span class='ocrx_word' id='word_1_16' title='bbox 2265 424 2324 463; x_wconf 89' lang='lat' dir='ltr'><strong>se</strong></span> <span class='ocrx_word' id='word_1_17' title='bbox 2360 418 2699 479; x_wconf 75' lang='lat' dir='ltr'><strong>exspectant.</strong></span> <span class='ocrx_word' id='word_1_18' title='bbox 2735 411 2865 465; x_wconf 81' lang='lat' dir='ltr'><strong>Nam</strong></span> <span class='ocrx_word' id='word_1_19' title='bbox 2917 416 3285 483; x_wconf 65' lang='lat' dir='ltr'><strong>quaerentibus</strong></span> <span class='ocrx_word' id='word_1_20' title='bbox 3306 422 3540 485; x_wconf 84' lang='lat' dir='ltr'><strong>primum</strong></span> 
     </span>
    </p>
   </div>
   <div class='ocr_carea' id='block_1_6' title="bbox 304 488 1867 564">
    <p class='ocr_par' dir='ltr' id='par_1_6' title="bbox 304 488 1867 564">
     <span class='ocr_line' id='line_1_6' title="bbox 304 488 1867 564; baseline 0.007 -28"><span class='ocrx_word' id='word_1_21' title='bbox 304 488 417 539; x_wconf 81' lang='grc' dir='ltr'>δντι</span> <span class='ocrx_word' id='word_1_22' title='bbox 445 489 660 541; x_wconf 77' lang='grc' dir='ltr'>πάντων</span> <span class='ocrx_word' id='word_1_23' title='bbox 693 491 885 561; x_wconf 76' lang='grc' dir='ltr'>ταμία.</span> <span class='ocrx_word' id='word_1_24' title='bbox 924 494 1032 545; x_wconf 81' lang='grc' dir='ltr'><strong>Καὶ</strong></span> <span class='ocrx_word' id='word_1_25' title='bbox 1084 494 1191 564; x_wconf 74' lang='grc' dir='ltr'>γὰρ</span> <span class='ocrx_word' id='word_1_26' title='bbox 1236 495 1446 547; x_wconf 72' lang='grc' dir='ltr'>αἰτοῦσι</span> <span class='ocrx_word' id='word_1_27' title='bbox 1498 494 1717 563; x_wconf 88' lang='grc' dir='ltr'>πρῶτον</span> <span class='ocrx_word' id='word_1_28' title='bbox 1769 495 1867 563; x_wconf 74' lang='grc' dir='ltr'>τὴν</span> 
     </span>
    </p>
   </div>
   <div class='ocr_carea' id='block_1_7' title="bbox 304 577 1867 653">
    <p class='ocr_par' dir='ltr' id='par_1_7' title="bbox 304 577 1867 653">
     <span class='ocr_line' id='line_1_7' title="bbox 304 577 1867 653; baseline 0.008 -26"><span class='ocrx_word' id='word_1_29' title='bbox 304 577 581 645; x_wconf 72' lang='grc' dir='ltr'>βασιλείαν</span> <span class='ocrx_word' id='word_1_30' title='bbox 604 577 697 630; x_wconf 83' lang='grc' dir='ltr'><strong>τοῦ</strong></span> <span class='ocrx_word' id='word_1_31' title='bbox 733 580 892 644; x_wconf 86' lang='grc' dir='ltr'>Θεοῦ,</span> <span class='ocrx_word' id='word_1_32' title='bbox 923 583 1018 635; x_wconf 83' lang='grc' dir='ltr'><strong>τοῦ</strong></span> <span class='ocrx_word' id='word_1_33' title='bbox 1040 583 1304 651; x_wconf 77' lang='grc' dir='ltr'><strong>ἀψευδοῦς</strong></span> <span class='ocrx_word' id='word_1_34' title='bbox 1334 585 1655 653; x_wconf 78' lang='grc' dir='ltr'>ἐπαγγελία,</span> <span class='ocrx_word' id='word_1_35' title='bbox 1688 586 1867 639; x_wconf 84' lang='grc' dir='ltr'>πάντα</span> 
     </span>
    </p>
   </div>
   <div class='ocr_carea' id='block_1_8' title="bbox 302 670 1866 748">
    <p class='ocr_par' dir='ltr' id='par_1_8' title="bbox 302 670 1866 748">
     <span class='ocr_line' id='line_1_8' title="bbox 302 670 1866 748; baseline 0.006 -27"><span class='ocrx_word' id='word_1_36' title='bbox 302 670 468 724; x_wconf 80' lang='grc' dir='ltr'>τάλλα</span> <span class='ocrx_word' id='word_1_37' title='bbox 519 672 928 741; x_wconf 82' lang='grc' dir='ltr'>ἀκολουθήσειν.</span> <span class='ocrx_word' id='word_1_38' title='bbox 973 676 1147 746; x_wconf 72' lang='grc' dir='ltr'>’Υπὲρ</span> <span class='ocrx_word' id='word_1_39' title='bbox 1176 678 1381 729; x_wconf 85' lang='grc' dir='ltr'>τούτων</span> <span class='ocrx_word' id='word_1_40' title='bbox 1428 679 1698 748; x_wconf 79' lang='grc' dir='ltr'><strong>μερίμνης</strong></span> <span class='ocrx_word' id='word_1_41' title='bbox 1742 680 1866 741; x_wconf 81' lang='grc' dir='ltr'>τοὺς</span> 
     </span>
    </p>
   </div>
   <div class='ocr_carea' id='block_1_9' title="bbox 301 763 1868 840">
    <p class='ocr_par' dir='ltr' id='par_1_9' title="bbox 301 763 1868 840">
     <span class='ocr_line' id='line_1_9' title="bbox 301 763 1868 840; baseline 0.005 -25"><span class='ocrx_word' id='word_1_42' title='bbox 301 763 453 832; x_wconf 75' lang='grc' dir='ltr'>αὐτῷ</span> <span class='ocrx_word' id='word_1_43' title='bbox 484 768 920 834; x_wconf 81' lang='grc' dir='ltr'><strong>προσκειμένους</strong></span> <span class='ocrx_word' id='word_1_44' title='bbox 957 772 985 823; x_wconf 84' lang='grc' dir='ltr'>ὁ</span> <span class='ocrx_word' id='word_1_45' title='bbox 1027 769 1217 840; x_wconf 80' lang='grc' dir='ltr'>Σωτὴρ</span> <span class='ocrx_word' id='word_1_46' title='bbox 1254 772 1481 839; x_wconf 81' lang='grc' dir='ltr'><strong>ἀπάγων</strong></span> <span class='ocrx_word' id='word_1_47' title='bbox 1514 772 1736 840; x_wconf 68' lang='grc' dir='ltr'>ἀπάσης</span> <span class='ocrx_word' id='word_1_48' title='bbox 1774 788 1868 823; x_wconf 69' lang='grc' dir='ltr'>που</span> 
     </span>
    </p>
   </div>
   <div class='ocr_carea' id='block_1_10' title="bbox 301 854 1869 931">
    <p class='ocr_par' dir='ltr' id='par_1_10' title="bbox 301 854 1869 931">
     <span class='ocr_line' id='line_1_10' title="bbox 301 854 1869 931; baseline 0.004 -25"><span class='ocrx_word' id='word_1_49' title='bbox 301 854 398 909; x_wconf 77' lang='grc' dir='ltr'>λὺν</span> <span class='ocrx_word' id='word_1_50' title='bbox 431 856 526 908; x_wconf 83' lang='grc' dir='ltr'><strong>τοῦ</strong></span> <span class='ocrx_word' id='word_1_51' title='bbox 562 858 726 926; x_wconf 81' lang='grc' dir='ltr'>νόμου</span> <span class='ocrx_word' id='word_1_52' title='bbox 759 860 949 912; x_wconf 85' lang='grc' dir='ltr'>τούτου</span> <span class='ocrx_word' id='word_1_53' title='bbox 975 864 1209 915; x_wconf 79' lang='grc' dir='ltr'>ποιεῖται</span> <span class='ocrx_word' id='word_1_54' title='bbox 1242 864 1419 931; x_wconf 81' lang='grc' dir='ltr'>λόγον,</span> <span class='ocrx_word' id='word_1_55' title='bbox 1455 864 1540 915; x_wconf 77' lang='grc' dir='ltr'>ἶνα</span> <span class='ocrx_word' id='word_1_56' title='bbox 1572 880 1630 915; x_wconf 89' lang='grc' dir='ltr'><strong>τε</strong></span> <span class='ocrx_word' id='word_1_57' title='bbox 1657 864 1732 931; x_wconf 77' lang='grc' dir='ltr'>μὴ</span> <span class='ocrx_word' id='word_1_58' title='bbox 1760 862 1869 914; x_wconf 88' lang='grc' dir='ltr'><strong>τῶν</strong></span> 
     </span>
    </p>
   </div>
   <div class='ocr_carea' id='block_1_11' title="bbox 302 947 1868 1023">
    <p class='ocr_par' dir='ltr' id='par_1_11' title="bbox 302 947 1868 1023">
     <span class='ocr_line' id='line_1_11' title="bbox 302 947 1868 1023; baseline 0.005 -24"><span class='ocrx_word' id='word_1_59' title='bbox 302 947 569 1016; x_wconf 76' lang='grc' dir='ltr'>μειζόνων</span> <span class='ocrx_word' id='word_1_60' title='bbox 615 950 1029 1020; x_wconf 79' lang='grc' dir='ltr'><strong>ἀποστερῶνται</strong></span> <span class='ocrx_word' id='word_1_61' title='bbox 1052 992 1066 1012; x_wconf 89' lang='grc'><strong>.</strong></span> <span class='ocrx_word' id='word_1_62' title='bbox 1106 954 1198 1006; x_wconf 74' lang='grc' dir='ltr'><strong>καὶ</strong></span> <span class='ocrx_word' id='word_1_63' title='bbox 1235 955 1317 1006; x_wconf 83' lang='grc' dir='ltr'>ὅτι</span> <span class='ocrx_word' id='word_1_64' title='bbox 1352 953 1529 1023; x_wconf 84' lang='grc' dir='ltr'>μάτην</span> <span class='ocrx_word' id='word_1_65' title='bbox 1575 958 1868 1007; x_wconf 83' lang='grc' dir='ltr'>κόπτονται</span> 
     </span>
    </p>
   </div>
   <div class='ocr_carea' id='block_1_12' title="bbox 299 1034 1868 1115">
    <p class='ocr_par' dir='ltr' id='par_1_12' title="bbox 299 1034 1868 1115">
     <span class='ocr_line' id='line_1_12' title="bbox 299 1034 1868 1115; baseline 0.003 -23"><span class='ocrx_word' id='word_1_66' title='bbox 299 1040 703 1108; x_wconf 79' lang='grc' dir='ltr'>φροντίζοντες,</span> <span class='ocrx_word' id='word_1_67' title='bbox 731 1034 807 1093; x_wconf 82' lang='grc' dir='ltr'>ὧν</span> <span class='ocrx_word' id='word_1_68' title='bbox 848 1043 950 1110; x_wconf 75' lang='grc' dir='ltr'><strong>πρὸ</strong></span> <span class='ocrx_word' id='word_1_69' title='bbox 984 1043 1163 1097; x_wconf 81' lang='grc' dir='ltr'>αὐτῶν</span> <span class='ocrx_word' id='word_1_70' title='bbox 1207 1045 1401 1115; x_wconf 73' lang='grc' dir='ltr'>ἐκείνῳ</span> <span class='ocrx_word' id='word_1_71' title='bbox 1431 1045 1677 1113; x_wconf 80' lang='grc' dir='ltr'>μελήσει.</span> <span class='ocrx_word' id='word_1_72' title='bbox 1721 1046 1783 1098; x_wconf 71' lang='grc' dir='ltr'><strong>ΕΙ</strong></span> <span class='ocrx_word' id='word_1_73' title='bbox 1812 1044 1868 1098; x_wconf 74' lang='grc' dir='ltr'>δὲ</span> 
     </span>
    </p>
   </div>
   <div class='ocr_carea' id='block_1_13' title="bbox 296 1130 1868 1205">
    <p class='ocr_par' dir='ltr' id='par_1_13' title="bbox 296 1130 1868 1205">
     <span class='ocr_line' id='line_1_13' title="bbox 296 1130 1868 1205; baseline 0.004 -22"><span class='ocrx_word' id='word_1_74' title='bbox 296 1130 358 1183; x_wconf 73' lang='grc' dir='ltr'><strong>τὸ</strong></span> <span class='ocrx_word' id='word_1_75' title='bbox 396 1134 668 1200; x_wconf 76' lang='grc' dir='ltr'>μεριμυᾷν</span> <span class='ocrx_word' id='word_1_76' title='bbox 698 1134 839 1201; x_wconf 80' lang='grc' dir='ltr'>ὑπὲρ</span> <span class='ocrx_word' id='word_1_77' title='bbox 870 1134 1076 1187; x_wconf 88' lang='grc' dir='ltr'>τούτων</span> <span class='ocrx_word' id='word_1_78' title='bbox 1114 1136 1321 1205; x_wconf 80' lang='grc' dir='ltr'>ζημία,</span> <span class='ocrx_word' id='word_1_79' title='bbox 1378 1138 1437 1189; x_wconf 78' lang='grc' dir='ltr'>τὸ</span> <span class='ocrx_word' id='word_1_80' title='bbox 1474 1138 1726 1191; x_wconf 84' lang='grc' dir='ltr'>ἀνιᾶσθαι</span> <span class='ocrx_word' id='word_1_81' title='bbox 1765 1136 1868 1191; x_wconf 81' lang='grc' dir='ltr'><strong>ποῦ</strong></span> 
     </span>
    </p>
   </div>
   <div class='ocr_carea' id='block_1_14' title="bbox 299 1223 1868 1303">
    <p class='ocr_par' dir='ltr' id='par_1_14' title="bbox 299 1223 1868 1303">
     <span class='ocr_line' id='line_1_14' title="bbox 299 1223 1868 1303; baseline 0.004 -29"><span class='ocrx_word' id='word_1_82' title='bbox 299 1223 563 1291; x_wconf 72' lang='grc' dir='ltr'>θήσομεν,</span> <span class='ocrx_word' id='word_1_83' title='bbox 600 1225 627 1277; x_wconf 76' lang='grc' dir='ltr'><strong>ὃ</strong></span> <span class='ocrx_word' id='word_1_84' title='bbox 664 1226 738 1296; x_wconf 80' lang='grc' dir='ltr'>μὴ</span> <span class='ocrx_word' id='word_1_85' title='bbox 779 1228 938 1295; x_wconf 87' lang='grc' dir='ltr'>μόνον</span> <span class='ocrx_word' id='word_1_86' title='bbox 988 1231 1101 1281; x_wconf 79' lang='grc' dir='ltr'>ἐστὶ</span> <span class='ocrx_word' id='word_1_87' title='bbox 1135 1229 1228 1283; x_wconf 83' lang='grc' dir='ltr'><strong>τοῦ</strong></span> <span class='ocrx_word' id='word_1_88' title='bbox 1265 1229 1400 1283; x_wconf 83' lang='grc' dir='ltr'>Θεοῦ</span> <span class='ocrx_word' id='word_1_89' title='bbox 1433 1234 1497 1301; x_wconf 82' lang='grc' dir='ltr'>τῇ</span> <span class='ocrx_word' id='word_1_90' title='bbox 1542 1233 1731 1303; x_wconf 82' lang='grc' dir='ltr'><strong>μνήμῃ</strong></span> <span class='ocrx_word' id='word_1_91' title='bbox 1769 1230 1868 1294; x_wconf 77' lang='grc' dir='ltr'><strong>τὴν</strong></span> 
     </span>
    </p>
   </div>
   <div class='ocr_carea' id='block_1_15' title="bbox 294 1304 1870 1383">
    <p class='ocr_par' dir='ltr' id='par_1_15' title="bbox 294 1304 1870 1383">
     <span class='ocr_line' id='line_1_15' title="bbox 294 1304 1870 1383; baseline 0.006 -16"><span class='ocrx_word' id='word_1_92' title='bbox 294 1314 477 1382; x_wconf 75' lang='grc' dir='ltr'>ψυχὴν</span> <span class='ocrx_word' id='word_1_93' title='bbox 516 1317 842 1383; x_wconf 77' lang='grc' dir='ltr'>ἀφεστάναι,</span> <span class='ocrx_word' id='word_1_94' title='bbox 897 1304 1031 1374; x_wconf 75' lang='grc' dir='ltr'>ἀλλὰ</span> <span class='ocrx_word' id='word_1_95' title='bbox 1077 1322 1175 1376; x_wconf 80' lang='grc' dir='ltr'>καὶ</span> <span class='ocrx_word' id='word_1_96' title='bbox 1228 1325 1576 1378; x_wconf 86' lang='grc' dir='ltr'>παντάπασιν</span> <span class='ocrx_word' id='word_1_97' title='bbox 1633 1325 1870 1379; x_wconf 62' lang='grc' dir='ltr'>ἐσκοτῶο</span> 
     </span>
    </p>
   </div>
   <div class='ocr_carea' id='block_1_16' title="bbox 300 1407 1869 1488">
    <p class='ocr_par' dir='ltr' id='par_1_16' title="bbox 300 1407 1869 1488">
     <span class='ocr_line' id='line_1_16' title="bbox 300 1407 1869 1488; baseline 0.009 -30"><span class='ocrx_word' id='word_1_98' title='bbox 300 1407 423 1459; x_wconf 85' lang='grc' dir='ltr'>σθαι</span> <span class='ocrx_word' id='word_1_99' title='bbox 463 1409 557 1462; x_wconf 76' lang='grc' dir='ltr'>καὶ</span> <span class='ocrx_word' id='word_1_100' title='bbox 603 1413 803 1479; x_wconf 78' lang='grc' dir='ltr'>τυφλὸν</span> <span class='ocrx_word' id='word_1_101' title='bbox 861 1412 997 1467; x_wconf 72' lang='grc' dir='ltr'>εἶναι</span> <span class='ocrx_word' id='word_1_102' title='bbox 1046 1415 1139 1469; x_wconf 81' lang='grc' dir='ltr'><strong>τὸν</strong></span> <span class='ocrx_word' id='word_1_103' title='bbox 1173 1416 1457 1487; x_wconf 79' lang='grc' dir='ltr'>λογισμὸν,</span> <span class='ocrx_word' id='word_1_104' title='bbox 1505 1419 1580 1482; x_wconf 88' lang='grc' dir='ltr'>ὠς</span> <span class='ocrx_word' id='word_1_105' title='bbox 1607 1419 1869 1488; x_wconf 76' lang='grc' dir='ltr'>καὶπρὸς</span> 
     </span>
    </p>
   </div>
   <div class='ocr_carea' id='block_1_17' title="bbox 294 1498 1869 1581">
    <p class='ocr_par' dir='ltr' id='par_1_17' title="bbox 294 1498 1869 1581">
     <span class='ocr_line' id='line_1_17' title="bbox 294 1498 1869 1581; baseline 0.017 -33"><span class='ocrx_word' id='word_1_106' title='bbox 294 1498 514 1552; x_wconf 73' lang='grc' dir='ltr'>ἥλισθον</span> <span class='ocrx_word' id='word_1_107' title='bbox 547 1504 889 1557; x_wconf 71' lang='grc' dir='ltr'>παντοδαπὸν</span> <span class='ocrx_word' id='word_1_108' title='bbox 918 1507 1173 1562; x_wconf 80' lang='grc' dir='ltr'>ἐντεῦθεν</span> <span class='ocrx_word' id='word_1_109' title='bbox 1199 1510 1439 1580; x_wconf 77' lang='grc' dir='ltr'><strong>εὐχερῶς</strong></span> <span class='ocrx_word' id='word_1_110' title='bbox 1494 1510 1672 1581; x_wconf 68' lang='lat' dir='ltr'><strong>Exsul:</strong></span> <span class='ocrx_word' id='word_1_111' title='bbox 1724 1512 1869 1579; x_wconf 70' lang='grc' dir='ltr'><strong>Νοὲς</strong></span> 
     </span>
    </p>
   </div>
   <div class='ocr_carea' id='block_1_18' title="bbox 293 1594 1869 1673">
    <p class='ocr_par' dir='ltr' id='par_1_18' title="bbox 293 1594 1869 1673">
     <span class='ocr_line' id='line_1_18' title="bbox 293 1594 1869 1673; baseline 0.015 -30"><span class='ocrx_word' id='word_1_112' title='bbox 293 1594 405 1659; x_wconf 65' lang='grc' dir='ltr'><strong>γὰρ</strong></span> <span class='ocrx_word' id='word_1_113' title='bbox 436 1595 654 1649; x_wconf 73' lang='grc' dir='ltr'>ἐπειδὰν</span> <span class='ocrx_word' id='word_1_114' title='bbox 703 1597 912 1669; x_wconf 77' lang='grc' dir='ltr'>ἀθυμίᾳ</span> <span class='ocrx_word' id='word_1_115' title='bbox 958 1602 1187 1671; x_wconf 79' lang='grc' dir='ltr'>κάτοχος</span> <span class='ocrx_word' id='word_1_116' title='bbox 1218 1599 1250 1673; x_wconf 80' lang='grc' dir='ltr'>ᾖ</span> <span class='ocrx_word' id='word_1_117' title='bbox 1276 1644 1291 1668; x_wconf 94' lang='grc'><strong>,</strong></span> <span class='ocrx_word' id='word_1_118' title='bbox 1322 1602 1398 1672; x_wconf 86' lang='grc' dir='ltr'><strong>τῷ</strong></span> <span class='ocrx_word' id='word_1_119' title='bbox 1445 1604 1721 1657; x_wconf 83' lang='grc' dir='ltr'>σεσεῖσθαι</span> <span class='ocrx_word' id='word_1_120' title='bbox 1754 1606 1869 1666; x_wconf 77' lang='grc' dir='ltr'>τοῖς</span> 
     </span>
    </p>
   </div>
   <div class='ocr_carea' id='block_1_19' title="bbox 295 1686 1867 1777">
    <p class='ocr_par' dir='ltr' id='par_1_19' title="bbox 295 1686 1867 1777">
     <span class='ocr_line' id='line_1_19' title="bbox 295 1686 1867 1777; baseline 0.006 -40"><span class='ocrx_word' id='word_1_121' title='bbox 295 1686 509 1739; x_wconf 69' lang='grc' dir='ltr'>ἐκεῖθεν</span> <span class='ocrx_word' id='word_1_122' title='bbox 539 1686 768 1757; x_wconf 76' lang='grc' dir='ltr'>ἰλίγγοις</span> <span class='ocrx_word' id='word_1_123' title='bbox 793 1692 886 1743; x_wconf 73' lang='grc' dir='ltr'>καὶ</span> <span class='ocrx_word' id='word_1_124' title='bbox 915 1697 1271 1777; x_wconf 66' lang='grc' dir='ltr'>καταπεσεῖν,</span> <span class='ocrx_word' id='word_1_125' title='bbox 1296 1695 1363 1748; x_wconf 89' lang='grc' dir='ltr'><strong>τά</strong></span> <span class='ocrx_word' id='word_1_126' title='bbox 1393 1695 1705 1764; x_wconf 79' lang='grc' dir='ltr'>φαυλότατα</span> <span class='ocrx_word' id='word_1_127' title='bbox 1732 1696 1867 1749; x_wconf 70' lang='grc' dir='ltr'><strong>πᾶν⁹</strong></span> 
     </span>
    </p>
   </div>
   <div class='ocr_carea' id='block_1_20' title="bbox 1972 498 3546 570">
    <p class='ocr_par' dir='ltr' id='par_1_20' title="bbox 1972 498 3546 570">
     <span class='ocr_line' id='line_1_20' title="bbox 1972 498 3546 570; baseline 0.01 -19"><span class='ocrx_word' id='word_1_128' title='bbox 1972 513 2198 567; x_wconf 78' lang='lat' dir='ltr'><strong>regnum</strong></span> <span class='ocrx_word' id='word_1_129' title='bbox 2239 498 2355 559; x_wconf 90' lang='lat' dir='ltr'><strong>Dei,</strong></span> <span class='ocrx_word' id='word_1_130' title='bbox 2386 516 2507 553; x_wconf 73' lang='lat' dir='ltr'><strong>vera</strong></span> <span class='ocrx_word' id='word_1_131' title='bbox 2542 511 2623 555; x_wconf 91' lang='lat' dir='ltr'><strong>est</strong></span> <span class='ocrx_word' id='word_1_132' title='bbox 2656 504 2943 570; x_wconf 81' lang='lat' dir='ltr'><strong>promissio</strong></span> <span class='ocrx_word' id='word_1_133' title='bbox 2964 518 3153 560; x_wconf 50' lang='lat' dir='ltr'><strong>ca&#39;tera</strong></span> <span class='ocrx_word' id='word_1_134' title='bbox 3185 522 3377 563; x_wconf 88' lang='lat' dir='ltr'><strong>cuneta</strong></span> <span class='ocrx_word' id='word_1_135' title='bbox 3413 529 3546 566; x_wconf 86' lang='lat' dir='ltr'><strong>con-</strong></span> 
     </span>
    </p>
   </div>
   <div class='ocr_carea' id='block_1_21' title="bbox 1971 592 3543 661">
    <p class='ocr_par' dir='ltr' id='par_1_21' title="bbox 1971 592 3543 661">
     <span class='ocr_line' id='line_1_21' title="bbox 1971 592 3543 661; baseline 0.011 -18"><span class='ocrx_word' id='word_1_136' title='bbox 1971 599 2265 657; x_wconf 83' lang='lat' dir='ltr'><strong>sequenter</strong></span> <span class='ocrx_word' id='word_1_137' title='bbox 2308 592 2494 645; x_wconf 78' lang='lat' dir='ltr'><strong>datum</strong></span> <span class='ocrx_word' id='word_1_138' title='bbox 2527 593 2613 645; x_wconf 89' lang='lat' dir='ltr'><strong>iri.</strong></span> <span class='ocrx_word' id='word_1_139' title='bbox 2658 593 2833 661; x_wconf 81' lang='lat' dir='ltr'><strong>Super</strong></span> <span class='ocrx_word' id='word_1_140' title='bbox 2871 596 2953 651; x_wconf 87' lang='lat' dir='ltr'><strong>his</strong></span> <span class='ocrx_word' id='word_1_141' title='bbox 2992 601 3137 653; x_wconf 89' lang='lat' dir='ltr'><strong>omni</strong></span> <span class='ocrx_word' id='word_1_142' title='bbox 3179 604 3543 661; x_wconf 70' lang='lat' dir='ltr'><strong>sollicitudine</strong></span> 
     </span>
    </p>
   </div>
   <div class='ocr_carea' id='block_1_22' title="bbox 1970 680 3542 762">
    <p class='ocr_par' dir='ltr' id='par_1_22' title="bbox 1970 680 3542 762">
     <span class='ocr_line' id='line_1_22' title="bbox 1970 680 3542 762; baseline 0.011 -30"><span class='ocrx_word' id='word_1_143' title='bbox 1970 680 2307 736; x_wconf 61' lang='lat' dir='ltr'><strong>adhaerentes</strong></span> <span class='ocrx_word' id='word_1_144' title='bbox 2338 683 2439 736; x_wconf 86' lang='lat' dir='ltr'><strong>sibi</strong></span> <span class='ocrx_word' id='word_1_145' title='bbox 2476 680 2723 738; x_wconf 78' lang='lat' dir='ltr'><strong>Salvator</strong></span> <span class='ocrx_word' id='word_1_146' title='bbox 2769 702 2997 751; x_wconf 80' lang='lat' dir='ltr'><strong>exuens,</strong></span> <span class='ocrx_word' id='word_1_147' title='bbox 3034 692 3264 745; x_wconf 89' lang='lat' dir='ltr'><strong>multum</strong></span> <span class='ocrx_word' id='word_1_148' title='bbox 3314 694 3542 762; x_wconf 79' lang='lat' dir='ltr'><strong>hujusce</strong></span> 
     </span>
    </p>
   </div>
   <div class='ocr_carea' id='block_1_23' title="bbox 1971 768 3542 853">
    <p class='ocr_par' dir='ltr' id='par_1_23' title="bbox 1971 768 3542 853">
     <span class='ocr_line' id='line_1_23' title="bbox 1971 768 3542 853; baseline 0.011 -31"><span class='ocrx_word' id='word_1_149' title='bbox 1971 768 2106 839; x_wconf 80' lang='lat' dir='ltr'><strong>legis</strong></span> <span class='ocrx_word' id='word_1_150' title='bbox 2157 771 2286 825; x_wconf 85' lang='lat' dir='ltr'><strong>facit</strong></span> <span class='ocrx_word' id='word_1_151' title='bbox 2318 772 2519 837; x_wconf 91' lang='lat' dir='ltr'><strong>locum,</strong></span> <span class='ocrx_word' id='word_1_152' title='bbox 2552 790 2618 827; x_wconf 90' lang='lat' dir='ltr'><strong>ne</strong></span> <span class='ocrx_word' id='word_1_153' title='bbox 2650 774 2968 831; x_wconf 77' lang='lat' dir='ltr'><strong>melioribus</strong></span> <span class='ocrx_word' id='word_1_154' title='bbox 2999 781 3301 848; x_wconf 89' lang='lat' dir='ltr'><strong>priventur,</strong></span> <span class='ocrx_word' id='word_1_155' title='bbox 3329 795 3381 837; x_wconf 87' lang='lat' dir='ltr'><strong>et</strong></span> <span class='ocrx_word' id='word_1_156' title='bbox 3416 787 3542 853; x_wconf 83' lang='lat' dir='ltr'><strong>quia</strong></span> 
     </span>
    </p>
   </div>
   <div class='ocr_carea' id='block_1_24' title="bbox 1970 862 3540 943">
    <p class='ocr_par' dir='ltr' id='par_1_24' title="bbox 1970 862 3540 943">
     <span class='ocr_line' id='line_1_24' title="bbox 1970 862 3540 943; baseline 0.01 -27"><span class='ocrx_word' id='word_1_157' title='bbox 1970 862 2176 918; x_wconf 74' lang='lat' dir='ltr'><strong>{iustra</strong></span> <span class='ocrx_word' id='word_1_158' title='bbox 2222 864 2519 933; x_wconf 75' lang='lat' dir='ltr'><strong>fatigantur</strong></span> <span class='ocrx_word' id='word_1_159' title='bbox 2549 867 2768 920; x_wconf 87' lang='lat' dir='ltr'><strong>solliciti</strong></span> <span class='ocrx_word' id='word_1_160' title='bbox 2798 869 2865 921; x_wconf 86' lang='lat' dir='ltr'><strong>de</strong></span> <span class='ocrx_word' id='word_1_161' title='bbox 2896 871 3092 938; x_wconf 83' lang='lat' dir='ltr'><strong>quibus</strong></span> <span class='ocrx_word' id='word_1_162' title='bbox 3124 883 3248 926; x_wconf 88' lang='lat' dir='ltr'><strong>ante</strong></span> <span class='ocrx_word' id='word_1_163' title='bbox 3290 875 3435 943; x_wconf 85' lang='lat' dir='ltr'><strong>ipsos</strong></span> <span class='ocrx_word' id='word_1_164' title='bbox 3465 878 3540 931; x_wconf 89' lang='lat' dir='ltr'><strong>illi</strong></span> 
     </span>
    </p>
   </div>
   <div class='ocr_carea' id='block_1_25' title="bbox 1971 955 3543 1023">
    <p class='ocr_par' dir='ltr' id='par_1_25' title="bbox 1971 955 3543 1023">
     <span class='ocr_line' id='line_1_25' title="bbox 1971 955 3543 1023; baseline 0.011 -18"><span class='ocrx_word' id='word_1_165' title='bbox 1971 969 2099 1007; x_wconf 76' lang='lat' dir='ltr'><strong>cura</strong></span> <span class='ocrx_word' id='word_1_166' title='bbox 2151 965 2253 1009; x_wconf 82' lang='lat' dir='ltr'><strong>est.</strong></span> <span class='ocrx_word' id='word_1_167' title='bbox 2299 955 2355 1009; x_wconf 89' lang='lat' dir='ltr'><strong>Si</strong></span> <span class='ocrx_word' id='word_1_168' title='bbox 2410 973 2538 1011; x_wconf 87' lang='lat' dir='ltr'><strong>vero</strong></span> <span class='ocrx_word' id='word_1_169' title='bbox 2594 960 2660 1013; x_wconf 92' lang='lat' dir='ltr'><strong>de</strong></span> <span class='ocrx_word' id='word_1_170' title='bbox 2707 959 2823 1015; x_wconf 81' lang='lat' dir='ltr'><strong>istis</strong></span> <span class='ocrx_word' id='word_1_171' title='bbox 2878 962 3301 1020; x_wconf 77' lang='lat' dir='ltr'><strong>sollicitudinem</strong></span> <span class='ocrx_word' id='word_1_172' title='bbox 3345 970 3543 1023; x_wconf 84' lang='lat' dir='ltr'><strong>habere</strong></span> 
     </span>
    </p>
   </div>
   <div class='ocr_carea' id='block_1_26' title="bbox 1970 1047 3541 1128">
    <p class='ocr_par' dir='ltr' id='par_1_26' title="bbox 1970 1047 3541 1128">
     <span class='ocr_line' id='line_1_26' title="bbox 1970 1047 3541 1128; baseline 0.008 -27"><span class='ocrx_word' id='word_1_173' title='bbox 1970 1047 2293 1101; x_wconf 79' lang='lat' dir='ltr'><strong>damnosum</strong></span> <span class='ocrx_word' id='word_1_174' title='bbox 2334 1058 2438 1110; x_wconf 88' lang='lat' dir='ltr'><strong>est,</strong></span> <span class='ocrx_word' id='word_1_175' title='bbox 2473 1051 2565 1105; x_wconf 89' lang='lat' dir='ltr'><strong>ubi</strong></span> <span class='ocrx_word' id='word_1_176' title='bbox 2600 1052 2873 1106; x_wconf 85' lang='lat' dir='ltr'><strong>tristitiam</strong></span> <span class='ocrx_word' id='word_1_177' title='bbox 2928 1071 3211 1123; x_wconf 87' lang='lat' dir='ltr'><strong>ponemus,</strong></span> <span class='ocrx_word' id='word_1_178' title='bbox 3246 1063 3389 1128; x_wconf 88' lang='lat' dir='ltr'><strong>quod</strong></span> <span class='ocrx_word' id='word_1_179' title='bbox 3436 1079 3541 1114; x_wconf 89' lang='lat' dir='ltr'><strong>non</strong></span> 
     </span>
    </p>
   </div>
   <div class='ocr_carea' id='block_1_27' title="bbox 1970 1138 3541 1223">
    <p class='ocr_par' dir='ltr' id='par_1_27' title="bbox 1970 1138 3541 1223">
     <span class='ocr_line' id='line_1_27' title="bbox 1970 1138 3541 1223; baseline 0.01 -33"><span class='ocrx_word' id='word_1_180' title='bbox 1970 1138 2145 1192; x_wconf 84' lang='lat' dir='ltr'><strong>solum</strong></span> <span class='ocrx_word' id='word_1_181' title='bbox 2182 1148 2263 1193; x_wconf 84' lang='lat' dir='ltr'><strong>est</strong></span> <span class='ocrx_word' id='word_1_182' title='bbox 2297 1156 2326 1193; x_wconf 90' lang='lat' dir='ltr'><strong>a</strong></span> <span class='ocrx_word' id='word_1_183' title='bbox 2362 1140 2454 1223; x_wconf 62' lang='lat' dir='ltr'><strong>Dei</strong></span> <span class='ocrx_word' id='word_1_184' title='bbox 2494 1144 2865 1197; x_wconf 77' lang='lat' dir='ltr'><strong>recordatione</strong></span> <span class='ocrx_word' id='word_1_185' title='bbox 2899 1156 3131 1201; x_wconf 83' lang='lat' dir='ltr'><strong>mentem</strong></span> <span class='ocrx_word' id='word_1_186' title='bbox 3171 1151 3419 1213; x_wconf 89' lang='lat' dir='ltr'><strong>alienari,</strong></span> <span class='ocrx_word' id='word_1_187' title='bbox 3450 1155 3541 1206; x_wconf 73' lang='lat' dir='ltr'><strong>sed</strong></span> 
     </span>
    </p>
   </div>
   <div class='ocr_carea' id='block_1_28' title="bbox 1969 1231 3539 1307">
    <p class='ocr_par' dir='ltr' id='par_1_28' title="bbox 1969 1231 3539 1307">
     <span class='ocr_line' id='line_1_28' title="bbox 1969 1231 3539 1307; baseline 0.01 -25"><span class='ocrx_word' id='word_1_188' title='bbox 1969 1231 2194 1284; x_wconf 88' lang='lat' dir='ltr'><strong>omnino</strong></span> <span class='ocrx_word' id='word_1_189' title='bbox 2259 1232 2565 1296; x_wconf 89' lang='lat' dir='ltr'><strong>obscurari,</strong></span> <span class='ocrx_word' id='word_1_190' title='bbox 2628 1251 2938 1306; x_wconf 68' lang='lat' dir='ltr'><strong>areamque</strong></span> <span class='ocrx_word' id='word_1_191' title='bbox 3000 1242 3263 1296; x_wconf 89' lang='lat' dir='ltr'><strong>rationem</strong></span> <span class='ocrx_word' id='word_1_192' title='bbox 3324 1244 3539 1307; x_wconf 79' lang='lat' dir='ltr'><strong>habere,</strong></span> 
     </span>
    </p>
   </div>
   <div class='ocr_carea' id='block_1_29' title="bbox 1971 1319 3541 1391">
    <p class='ocr_par' dir='ltr' id='par_1_29' title="bbox 1971 1319 3541 1391">
     <span class='ocr_line' id='line_1_29' title="bbox 1971 1319 3541 1391; baseline 0.01 -18"><span class='ocrx_word' id='word_1_193' title='bbox 1971 1319 2039 1374; x_wconf 88' lang='lat' dir='ltr'><strong>ita</strong></span> <span class='ocrx_word' id='word_1_194' title='bbox 2074 1321 2214 1377; x_wconf 88' lang='lat' dir='ltr'><strong>utad</strong></span> <span class='ocrx_word' id='word_1_195' title='bbox 2246 1325 2544 1391; x_wconf 85' lang='lat' dir='ltr'><strong>quamlibet</strong></span> <span class='ocrx_word' id='word_1_196' title='bbox 2563 1327 2777 1381; x_wconf 90' lang='lat' dir='ltr'><strong>ruinam</strong></span> <span class='ocrx_word' id='word_1_197' title='bbox 2804 1330 2995 1383; x_wconf 79' lang='lat' dir='ltr'><strong>eximie</strong></span> <span class='ocrx_word' id='word_1_198' title='bbox 3023 1330 3196 1386; x_wconf 80' lang='lat' dir='ltr'><strong>facilis</strong></span> <span class='ocrx_word' id='word_1_199' title='bbox 3215 1335 3281 1385; x_wconf 90' lang='lat' dir='ltr'><strong>sit</strong></span> <span class='ocrx_word' id='word_1_200' title='bbox 3308 1334 3541 1388; x_wconf 82' lang='lat' dir='ltr'><strong>descen-</strong></span> 
     </span>
    </p>
   </div>
   <div class='ocr_carea' id='block_1_30' title="bbox 1969 1412 3536 1491">
    <p class='ocr_par' dir='ltr' id='par_1_30' title="bbox 1969 1412 3536 1491">
     <span class='ocr_line' id='line_1_30' title="bbox 1969 1412 3536 1491; baseline 0.009 -26"><span class='ocrx_word' id='word_1_201' title='bbox 1969 1413 2100 1466; x_wconf 86' lang='lat' dir='ltr'><strong>sus?</strong></span> <span class='ocrx_word' id='word_1_202' title='bbox 2121 1412 2272 1469; x_wconf 82' lang='lat' dir='ltr'><strong>Mens</strong></span> <span class='ocrx_word' id='word_1_203' title='bbox 2297 1417 2439 1470; x_wconf 90' lang='lat' dir='ltr'><strong>enim</strong></span> <span class='ocrx_word' id='word_1_204' title='bbox 2468 1427 2759 1486; x_wconf 76' lang='lat' dir='ltr'><strong>postquam</strong></span> <span class='ocrx_word' id='word_1_205' title='bbox 2784 1422 2951 1474; x_wconf 90' lang='lat' dir='ltr'><strong>animi</strong></span> <span class='ocrx_word' id='word_1_206' title='bbox 2983 1424 3285 1491; x_wconf 76' lang='lat' dir='ltr'><strong>dejectione</strong></span> <span class='ocrx_word' id='word_1_207' title='bbox 3306 1426 3536 1491; x_wconf 80' lang='lat' dir='ltr'><strong>laborat,</strong></span> 
     </span>
    </p>
   </div>
   <div class='ocr_carea' id='block_1_31' title="bbox 1969 1503 3541 1577">
    <p class='ocr_par' dir='ltr' id='par_1_31' title="bbox 1969 1503 3541 1577">
     <span class='ocr_line' id='line_1_31' title="bbox 1969 1503 3541 1577; baseline 0.006 -21"><span class='ocrx_word' id='word_1_208' title='bbox 1969 1503 2013 1556; x_wconf 88' lang='lat' dir='ltr'><strong>si</strong></span> <span class='ocrx_word' id='word_1_209' title='bbox 2046 1504 2243 1558; x_wconf 77' lang='lat' dir='ltr'><strong>exinde</strong></span> <span class='ocrx_word' id='word_1_210' title='bbox 2293 1506 2556 1577; x_wconf 74' lang='lat' dir='ltr'><strong>vertigine</strong></span> <span class='ocrx_word' id='word_1_211' title='bbox 2593 1518 2828 1563; x_wconf 80' lang='lat' dir='ltr'><strong>vexetur</strong></span> <span class='ocrx_word' id='word_1_212' title='bbox 2872 1521 3035 1577; x_wconf 87' lang='lat' dir='ltr'><strong>atque</strong></span> <span class='ocrx_word' id='word_1_213' title='bbox 3082 1513 3315 1574; x_wconf 83' lang='lat' dir='ltr'><strong>decidat,</strong></span> <span class='ocrx_word' id='word_1_214' title='bbox 3351 1514 3541 1568; x_wconf 81' lang='lat' dir='ltr'><strong>miser-</strong></span> 
     </span>
    </p>
   </div>
   <div class='ocr_carea' id='block_1_32' title="bbox 1970 1597 3539 1675">
    <p class='ocr_par' dir='ltr' id='par_1_32' title="bbox 1970 1597 3539 1675">
     <span class='ocr_line' id='line_1_32' title="bbox 1970 1597 3539 1675; baseline 0.008 -28"><span class='ocrx_word' id='word_1_215' title='bbox 1970 1597 2108 1649; x_wconf 90' lang='lat' dir='ltr'><strong>rime</strong></span> <span class='ocrx_word' id='word_1_216' title='bbox 2135 1611 2196 1651; x_wconf 91' lang='lat' dir='ltr'><strong>se</strong></span> <span class='ocrx_word' id='word_1_217' title='bbox 2230 1597 2414 1663; x_wconf 74' lang='lat' dir='ltr'><strong>habet,</strong></span> <span class='ocrx_word' id='word_1_218' title='bbox 2450 1600 2557 1652; x_wconf 87' lang='lat' dir='ltr'><strong>vim</strong></span> <span class='ocrx_word' id='word_1_219' title='bbox 2592 1615 2746 1655; x_wconf 87' lang='lat' dir='ltr'><strong>suam</strong></span> <span class='ocrx_word' id='word_1_220' title='bbox 2769 1614 2820 1655; x_wconf 88' lang='lat' dir='ltr'><strong>et</strong></span> <span class='ocrx_word' id='word_1_221' title='bbox 2851 1604 3165 1673; x_wconf 78' lang='lat' dir='ltr'><strong>dignitatem</strong></span> <span class='ocrx_word' id='word_1_222' title='bbox 3195 1615 3248 1659; x_wconf 90' lang='lat' dir='ltr'><strong>et</strong></span> <span class='ocrx_word' id='word_1_223' title='bbox 3278 1606 3539 1675; x_wconf 88' lang='lat' dir='ltr'><strong>quidquid</strong></span> 
     </span>
    </p>
   </div>
   <div class='ocr_carea' id='block_1_33' title="bbox 1970 1687 3543 1765">
    <p class='ocr_par' dir='ltr' id='par_1_33' title="bbox 1970 1687 3543 1765">
     <span class='ocr_line' id='line_1_33' title="bbox 1970 1687 3543 1765; baseline 0.004 -24"><span class='ocrx_word' id='word_1_224' title='bbox 1970 1687 2073 1741; x_wconf 89' lang='lat' dir='ltr'><strong>sibi</strong></span> <span class='ocrx_word' id='word_1_225' title='bbox 2109 1688 2352 1744; x_wconf 87' lang='lat' dir='ltr'><strong>innatum</strong></span> <span class='ocrx_word' id='word_1_226' title='bbox 2376 1702 2474 1756; x_wconf 83' lang='lat' dir='ltr'><strong>est,</strong></span> <span class='ocrx_word' id='word_1_227' title='bbox 2511 1693 2666 1747; x_wconf 89' lang='lat' dir='ltr'><strong>sicuti</strong></span> <span class='ocrx_word' id='word_1_228' title='bbox 2701 1694 2792 1763; x_wconf 91' lang='lat' dir='ltr'><strong>qui</strong></span> <span class='ocrx_word' id='word_1_229' title='bbox 2830 1695 3105 1765; x_wconf 89' lang='lat' dir='ltr'><strong>profundo</strong></span> <span class='ocrx_word' id='word_1_230' title='bbox 3134 1707 3419 1765; x_wconf 83' lang='lat' dir='ltr'><strong>captantur</strong></span> <span class='ocrx_word' id='word_1_231' title='bbox 3454 1712 3543 1751; x_wconf 86' lang='lat' dir='ltr'><strong>so-</strong></span> 
     </span>
    </p>
   </div>
   <div class='ocr_carea' id='block_1_34' title="bbox 292 1773 1864 1858">
    <p class='ocr_par' dir='ltr' id='par_1_34' title="bbox 292 1773 1860 1857">
     <span class='ocr_line' id='line_1_34' title="bbox 292 1773 1860 1857; baseline 0.005 -26"><span class='ocrx_word' id='word_1_232' title='bbox 292 1796 403 1832; x_wconf 87' lang='grc' dir='ltr'><strong>των</strong></span> <span class='ocrx_word' id='word_1_233' title='bbox 431 1780 610 1852; x_wconf 77' lang='grc' dir='ltr'>ἑαυτῷ</span> <span class='ocrx_word' id='word_1_234' title='bbox 658 1784 877 1854; x_wconf 82' lang='grc' dir='ltr'>χρῆται,</span> <span class='ocrx_word' id='word_1_235' title='bbox 921 1773 1021 1856; x_wconf 85' lang='grc' dir='ltr'>τὴν</span> <span class='ocrx_word' id='word_1_236' title='bbox 1074 1787 1171 1856; x_wconf 81' lang='grc' dir='ltr'>μὲν</span> <span class='ocrx_word' id='word_1_237' title='bbox 1206 1789 1493 1857; x_wconf 75' lang='grc' dir='ltr'>ἐνέργειαν</span> <span class='ocrx_word' id='word_1_238' title='bbox 1525 1790 1625 1857; x_wconf 75' lang='grc' dir='ltr'>τὴν</span> <span class='ocrx_word' id='word_1_239' title='bbox 1669 1788 1860 1841; x_wconf 81' lang='grc' dir='ltr'>ἑαυτοῦ</span> 
     </span>
    </p>
   </div>
   <div class='ocr_carea' id='block_1_35' title="bbox 1966 1773 3539 1858">
    <p class='ocr_par' dir='ltr' id='par_1_35' title="bbox 1972 1784 3539 1858">
     <span class='ocr_line' id='line_1_35' title="bbox 1972 1784 3539 1858; baseline 0.006 -28"><span class='ocrx_word' id='word_1_240' title='bbox 1972 1794 2103 1848; x_wconf 85' lang='lat' dir='ltr'><strong>pore</strong></span> <span class='ocrx_word' id='word_1_241' title='bbox 2137 1796 2258 1849; x_wconf 62' lang='lat' dir='ltr'><strong>qua:</strong></span> <span class='ocrx_word' id='word_1_242' title='bbox 2308 1784 2361 1835; x_wconf 89' lang='lat' dir='ltr'><strong>in</strong></span> <span class='ocrx_word' id='word_1_243' title='bbox 2405 1786 2657 1839; x_wconf 87' lang='lat' dir='ltr'><strong>inanibus</strong></span> <span class='ocrx_word' id='word_1_244' title='bbox 2699 1794 2909 1853; x_wconf 87' lang='lat' dir='ltr'><strong>tenent,</strong></span> <span class='ocrx_word' id='word_1_245' title='bbox 2940 1798 3187 1857; x_wconf 85' lang='lat' dir='ltr'><strong>prompte</strong></span> <span class='ocrx_word' id='word_1_246' title='bbox 3227 1790 3539 1858; x_wconf 82' lang='lat' dir='ltr'><strong>projiciens,</strong></span> 
     </span>
    </p>
   </div>
   <div class='ocr_carea' id='block_1_36' title="bbox 292 1874 1862 1950">
    <p class='ocr_par' dir='ltr' id='par_1_36' title="bbox 292 1874 1862 1950">
     <span class='ocr_line' id='line_1_36' title="bbox 292 1874 1862 1950; baseline 0.006 -26"><span class='ocrx_word' id='word_1_247' title='bbox 292 1875 387 1926; x_wconf 73' lang='grc' dir='ltr'><strong>καὶ</strong></span> <span class='ocrx_word' id='word_1_248' title='bbox 419 1875 520 1942; x_wconf 79' lang='grc' dir='ltr'>τὴν</span> <span class='ocrx_word' id='word_1_249' title='bbox 543 1874 697 1940; x_wconf 79' lang='grc' dir='ltr'>ἀξίαν</span> <span class='ocrx_word' id='word_1_250' title='bbox 748 1878 982 1947; x_wconf 78' lang='grc' dir='ltr'>ἑτοίμως</span> <span class='ocrx_word' id='word_1_251' title='bbox 1016 1879 1155 1946; x_wconf 84' lang='grc' dir='ltr'>ἄγαν</span> <span class='ocrx_word' id='word_1_252' title='bbox 1201 1880 1523 1950; x_wconf 79' lang='grc' dir='ltr'><strong>προϊέμενος</strong></span> <span class='ocrx_word' id='word_1_253' title='bbox 1552 1882 1646 1933; x_wconf 80' lang='grc' dir='ltr'>καὶ</span> <span class='ocrx_word' id='word_1_254' title='bbox 1683 1880 1711 1933; x_wconf 79' lang='grc' dir='ltr'><strong>ό</strong></span> <span class='ocrx_word' id='word_1_255' title='bbox 1761 1881 1862 1933; x_wconf 87' lang='grc' dir='ltr'>πέ-</span> 
     </span>
    </p>
   </div>
   <div class='ocr_carea' id='block_1_37' title="bbox 291 1966 1863 2041">
    <p class='ocr_par' dir='ltr' id='par_1_37' title="bbox 291 1966 1863 2041">
     <span class='ocr_line' id='line_1_37' title="bbox 291 1966 1863 2041; baseline 0.004 -23"><span class='ocrx_word' id='word_1_256' title='bbox 291 1982 456 2032; x_wconf 82' lang='grc' dir='ltr'>φυκε,</span> <span class='ocrx_word' id='word_1_257' title='bbox 488 1966 741 2039; x_wconf 85' lang='grc' dir='ltr'>καθάπερ</span> <span class='ocrx_word' id='word_1_258' title='bbox 792 1970 842 2022; x_wconf 78' lang='grc' dir='ltr'>οἱ</span> <span class='ocrx_word' id='word_1_259' title='bbox 885 1970 1080 2040; x_wconf 85' lang='grc' dir='ltr'>μακρῷ</span> <span class='ocrx_word' id='word_1_260' title='bbox 1115 1971 1267 2041; x_wconf 83' lang='grc' dir='ltr'>κάρῳ</span> <span class='ocrx_word' id='word_1_261' title='bbox 1318 1973 1755 2041; x_wconf 77' lang='grc' dir='ltr'>κατασχεθέντες</span> <span class='ocrx_word' id='word_1_262' title='bbox 1794 1972 1863 2024; x_wconf 84' lang='grc' dir='ltr'><strong>τά</strong></span> 
     </span>
    </p>
   </div>
   <div class='ocr_carea' id='block_1_38' title="bbox 292 2058 1859 2134">
    <p class='ocr_par' dir='ltr' id='par_1_38' title="bbox 292 2058 1859 2134">
     <span class='ocr_line' id='line_1_38' title="bbox 292 2058 1859 2134; baseline 0.005 -27"><span class='ocrx_word' id='word_1_263' title='bbox 292 2058 352 2107; x_wconf 79' lang='grc' dir='ltr'>ἐν</span> <span class='ocrx_word' id='word_1_264' title='bbox 375 2058 555 2127; x_wconf 74' lang='grc' dir='ltr'>χερσὶ,</span> <span class='ocrx_word' id='word_1_265' title='bbox 589 2058 788 2113; x_wconf 82' lang='grc' dir='ltr'>πάθεσι</span> <span class='ocrx_word' id='word_1_266' title='bbox 810 2059 865 2112; x_wconf 88' lang='grc' dir='ltr'>δὲ</span> <span class='ocrx_word' id='word_1_267' title='bbox 891 2060 1092 2131; x_wconf 75' lang='grc' dir='ltr'>ῥᾳδίως</span> <span class='ocrx_word' id='word_1_268' title='bbox 1125 2062 1289 2114; x_wconf 73' lang='grc' dir='ltr'>εἴκων</span> <span class='ocrx_word' id='word_1_269' title='bbox 1314 2064 1660 2134; x_wconf 77' lang='grc' dir='ltr'>ἀνδραπόδων</span> <span class='ocrx_word' id='word_1_270' title='bbox 1682 2065 1859 2130; x_wconf 83' lang='grc' dir='ltr'>δίκην,</span> 
     </span>
    </p>
   </div>
   <div class='ocr_carea' id='block_1_39' title="bbox 290 2144 1861 2221">
    <p class='ocr_par' dir='ltr' id='par_1_39' title="bbox 290 2144 1861 2221">
     <span class='ocr_line' id='line_1_39' title="bbox 290 2144 1861 2221; baseline 0.007 -22"><span class='ocrx_word' id='word_1_271' title='bbox 290 2144 376 2210; x_wconf 75' lang='grc' dir='ltr'><strong>οἷς</strong></span> <span class='ocrx_word' id='word_1_272' title='bbox 416 2150 727 2204; x_wconf 70' lang='grc' dir='ltr'>ἐπιτάττειν</span> <span class='ocrx_word' id='word_1_273' title='bbox 759 2152 964 2213; x_wconf 85' lang='grc' dir='ltr'>δίκαιος</span> <span class='ocrx_word' id='word_1_274' title='bbox 993 2147 1061 2221; x_wconf 77' lang='grc' dir='ltr'>ἦν</span> <span class='ocrx_word' id='word_1_275' title='bbox 1083 2170 1096 2185; x_wconf 87' lang='grc'><strong>·</strong></span> <span class='ocrx_word' id='word_1_276' title='bbox 1135 2155 1227 2207; x_wconf 72' lang='grc' dir='ltr'><strong>καὶ</strong></span> <span class='ocrx_word' id='word_1_277' title='bbox 1253 2153 1427 2216; x_wconf 77' lang='grc' dir='ltr'>οὕτως</span> <span class='ocrx_word' id='word_1_278' title='bbox 1452 2156 1605 2209; x_wconf 70' lang='grc' dir='ltr'>οὐδὲν</span> <span class='ocrx_word' id='word_1_279' title='bbox 1640 2156 1861 2220; x_wconf 83' lang='grc' dir='ltr'>κωλύει,</span> 
     </span>
    </p>
   </div>
   <div class='ocr_carea' id='block_1_40' title="bbox 292 2240 1863 2315">
    <p class='ocr_par' dir='ltr' id='par_1_40' title="bbox 292 2240 1863 2315">
     <span class='ocr_line' id='line_1_40' title="bbox 292 2240 1863 2315; baseline 0.006 -24"><span class='ocrx_word' id='word_1_280' title='bbox 292 2240 393 2310; x_wconf 75' lang='grc' dir='ltr'>τὴν</span> <span class='ocrx_word' id='word_1_281' title='bbox 426 2240 603 2310; x_wconf 74' lang='grc' dir='ltr'>ψυχὴν</span> <span class='ocrx_word' id='word_1_282' title='bbox 623 2241 935 2309; x_wconf 74' lang='grc' dir='ltr'>ἀποθανεῖν,</span> <span class='ocrx_word' id='word_1_283' title='bbox 963 2246 1160 2314; x_wconf 74' lang='grc' dir='ltr'>μυρίας</span> <span class='ocrx_word' id='word_1_284' title='bbox 1188 2245 1463 2299; x_wconf 72' lang='grc' dir='ltr'>λαόοῦσαν</span> <span class='ocrx_word' id='word_1_285' title='bbox 1490 2248 1731 2315; x_wconf 84' lang='grc' dir='ltr'>πληγὰς,</span> <span class='ocrx_word' id='word_1_286' title='bbox 1754 2250 1863 2302; x_wconf 88' lang='grc' dir='ltr'><strong>τῶν</strong></span> 
     </span>
    </p>
   </div>
   <div class='ocr_carea' id='block_1_41' title="bbox 296 2332 1862 2413">
    <p class='ocr_par' dir='ltr' id='par_1_41' title="bbox 296 2332 1862 2413">
     <span class='ocr_line' id='line_1_41' title="bbox 296 2332 1862 2413; baseline 0.006 -30"><span class='ocrx_word' id='word_1_287' title='bbox 296 2332 397 2400; x_wconf 70' lang='grc' dir='ltr'>μὲν</span> <span class='ocrx_word' id='word_1_288' title='bbox 423 2333 517 2399; x_wconf 80' lang='grc' dir='ltr'>ἀφ’</span> <span class='ocrx_word' id='word_1_289' title='bbox 554 2332 723 2401; x_wconf 83' lang='grc' dir='ltr'>ὕψους</span> <span class='ocrx_word' id='word_1_290' title='bbox 763 2334 899 2403; x_wconf 77' lang='grc' dir='ltr'>αὐτῇ</span> <span class='ocrx_word' id='word_1_291' title='bbox 934 2336 1320 2405; x_wconf 73' lang='grc' dir='ltr'>πολεμούντων</span> <span class='ocrx_word' id='word_1_292' title='bbox 1356 2338 1570 2391; x_wconf 82' lang='grc' dir='ltr'>πολλῶν</span> <span class='ocrx_word' id='word_1_293' title='bbox 1599 2339 1791 2398; x_wconf 71' lang='grc' dir='ltr'>ὄντων,</span> 
     </span>
    </p>
   </div>
   <div class='ocr_carea' id='block_1_42' title="bbox 292 2422 1863 2500">
    <p class='ocr_par' dir='ltr' id='par_1_42' title="bbox 292 2422 1863 2500">
     <span class='ocr_line' id='line_1_42' title="bbox 292 2422 1863 2500; baseline 0.006 -24"><span class='ocrx_word' id='word_1_294' title='bbox 292 2424 459 2477; x_wconf 70' lang='grc' dir='ltr'><strong>Δαόὶδ</strong></span> <span class='ocrx_word' id='word_1_295' title='bbox 490 2422 634 2490; x_wconf 79' lang='grc' dir='ltr'>εἷπε,</span> <span class='ocrx_word' id='word_1_296' title='bbox 671 2426 764 2479; x_wconf 84' lang='grc' dir='ltr'><strong>τοῦ</strong></span> <span class='ocrx_word' id='word_1_297' title='bbox 793 2426 838 2477; x_wconf 79' lang='grc' dir='ltr'>δ’</span> <span class='ocrx_word' id='word_1_298' title='bbox 868 2429 1235 2499; x_wconf 80' lang='grc' dir='ltr'>ἐπικουρῆσαι</span> <span class='ocrx_word' id='word_1_299' title='bbox 1282 2432 1344 2483; x_wconf 86' lang='grc' dir='ltr'>οὐ</span> <span class='ocrx_word' id='word_1_300' title='bbox 1398 2430 1719 2500; x_wconf 83' lang='grc' dir='ltr'>δυναμένου.</span> <span class='ocrx_word' id='word_1_301' title='bbox 1764 2434 1863 2486; x_wconf 84' lang='grc' dir='ltr'>Διά</span> 
     </span>
    </p>
   </div>
   <div class='ocr_carea' id='block_1_43' title="bbox 291 2518 1864 2595">
    <p class='ocr_par' dir='ltr' id='par_1_43' title="bbox 291 2518 1864 2595">
     <span class='ocr_line' id='line_1_43' title="bbox 291 2518 1864 2595; baseline 0.006 -26"><span class='ocrx_word' id='word_1_302' title='bbox 291 2518 451 2571; x_wconf 79' lang='grc' dir='ltr'>τοῦτο</span> <span class='ocrx_word' id='word_1_303' title='bbox 492 2519 722 2582; x_wconf 85' lang='grc' dir='ltr'>Παῦλος,</span> <span class='ocrx_word' id='word_1_304' title='bbox 750 2538 768 2571; x_wconf 86' lang='grc' dir='ltr'><strong>ι</strong></span> <span class='ocrx_word' id='word_1_305' title='bbox 804 2522 870 2573; x_wconf 82' lang='grc' dir='ltr'><em>Ἣ</em></span> <span class='ocrx_word' id='word_1_306' title='bbox 901 2521 1069 2590; x_wconf 87' lang='grc' dir='ltr'>λύπη,</span> <span class='ocrx_word' id='word_1_307' title='bbox 1099 2524 1253 2591; x_wconf 59' lang='grc' dir='ltr'>φησι,</span> <span class='ocrx_word' id='word_1_308' title='bbox 1278 2523 1371 2577; x_wconf 88' lang='grc' dir='ltr'><strong>τοῦ</strong></span> <span class='ocrx_word' id='word_1_309' title='bbox 1402 2526 1605 2595; x_wconf 76' lang='grc' dir='ltr'>κόσμου</span> <span class='ocrx_word' id='word_1_310' title='bbox 1632 2525 1864 2579; x_wconf 86' lang='grc' dir='ltr'>θάνατον</span> 
     </span>
    </p>
   </div>
   <div class='ocr_carea' id='block_1_44' title="bbox 292 2610 1862 2686">
    <p class='ocr_par' dir='ltr' id='par_1_44' title="bbox 292 2610 1862 2686">
     <span class='ocr_line' id='line_1_44' title="bbox 292 2610 1862 2686; baseline 0.006 -25"><span class='ocrx_word' id='word_1_311' title='bbox 292 2610 735 2679; x_wconf 75' lang='grc' dir='ltr'>κατεργάζεται·</span> <span class='ocrx_word' id='word_1_312' title='bbox 776 2624 799 2665; x_wconf 66' lang='grc' dir='ltr'><em>ί</em></span> <span class='ocrx_word' id='word_1_313' title='bbox 841 2613 976 2681; x_wconf 84' lang='grc' dir='ltr'>πρὸς</span> <span class='ocrx_word' id='word_1_314' title='bbox 1026 2615 1089 2684; x_wconf 80' lang='grc' dir='ltr'>δὴ</span> <span class='ocrx_word' id='word_1_315' title='bbox 1136 2615 1311 2668; x_wconf 83' lang='grc' dir='ltr'>ταῦτα</span> <span class='ocrx_word' id='word_1_316' title='bbox 1353 2616 1639 2686; x_wconf 82' lang='grc' dir='ltr'>βλέποντες</span> <span class='ocrx_word' id='word_1_317' title='bbox 1679 2618 1727 2671; x_wconf 86' lang='grc' dir='ltr'>οἶ</span> <span class='ocrx_word' id='word_1_318' title='bbox 1762 2634 1862 2671; x_wconf 82' lang='grc' dir='ltr'>πε-</span> 
     </span>
    </p>
   </div>
   <div class='ocr_carea' id='block_1_45' title="bbox 299 2702 1861 2778">
    <p class='ocr_par' dir='ltr' id='par_1_45' title="bbox 299 2702 1861 2778">
     <span class='ocr_line' id='line_1_45' title="bbox 299 2702 1861 2778; baseline 0.006 -25"><span class='ocrx_word' id='word_1_319' title='bbox 299 2705 500 2767; x_wconf 82' lang='grc' dir='ltr'>ριεῖναι</span> <span class='ocrx_word' id='word_1_320' title='bbox 556 2703 649 2757; x_wconf 73' lang='grc' dir='ltr'>καὶ</span> <span class='ocrx_word' id='word_1_321' title='bbox 698 2702 796 2773; x_wconf 75' lang='grc' dir='ltr'>ζῇν</span> <span class='ocrx_word' id='word_1_322' title='bbox 853 2705 1035 2767; x_wconf 79' lang='grc' dir='ltr'>αὐτοῖς</span> <span class='ocrx_word' id='word_1_323' title='bbox 1076 2706 1362 2775; x_wconf 80' lang='grc' dir='ltr'>βούλονται</span> <span class='ocrx_word' id='word_1_324' title='bbox 1402 2708 1502 2775; x_wconf 76' lang='grc' dir='ltr'>τὴν</span> <span class='ocrx_word' id='word_1_325' title='bbox 1537 2709 1716 2778; x_wconf 68' lang='grc' dir='ltr'>ψυχὴν</span> <span class='ocrx_word' id='word_1_326' title='bbox 1742 2750 1756 2773; x_wconf 97' lang='grc'><strong>,</strong></span> <span class='ocrx_word' id='word_1_327' title='bbox 1800 2708 1861 2763; x_wconf 82' lang='grc' dir='ltr'>οὐ</span> 
     </span>
    </p>
   </div>
   <div class='ocr_carea' id='block_1_46' title="bbox 294 2793 1863 2869">
    <p class='ocr_par' dir='ltr' id='par_1_46' title="bbox 294 2793 1863 2869">
     <span class='ocr_line' id='line_1_46' title="bbox 294 2793 1863 2869; baseline 0.003 -23"><span class='ocrx_word' id='word_1_328' title='bbox 294 2793 474 2861; x_wconf 84' lang='grc' dir='ltr'>λύπην</span> <span class='ocrx_word' id='word_1_329' title='bbox 517 2793 781 2862; x_wconf 80' lang='grc' dir='ltr'>φεύγουσι</span> <span class='ocrx_word' id='word_1_330' title='bbox 813 2797 993 2862; x_wconf 86' lang='grc' dir='ltr'>μόνον,</span> <span class='ocrx_word' id='word_1_331' title='bbox 1028 2797 1165 2850; x_wconf 79' lang='grc' dir='ltr'>ἀλλὰ</span> <span class='ocrx_word' id='word_1_332' title='bbox 1196 2799 1290 2851; x_wconf 73' lang='grc' dir='ltr'>καὶ</span> <span class='ocrx_word' id='word_1_333' title='bbox 1327 2799 1601 2869; x_wconf 73' lang='grc' dir='ltr'>μερίμνης</span> <span class='ocrx_word' id='word_1_334' title='bbox 1632 2800 1863 2868; x_wconf 85' lang='grc' dir='ltr'>ἀπέχον-</span> 
     </span>
    </p>
   </div>
   <div class='ocr_carea' id='block_1_47' title="bbox 296 2884 1862 2956">
    <p class='ocr_par' dir='ltr' id='par_1_47' title="bbox 296 2884 1862 2956">
     <span class='ocr_line' id='line_1_47' title="bbox 296 2884 1862 2956; baseline 0.004 -19"><span class='ocrx_word' id='word_1_335' title='bbox 296 2902 407 2948; x_wconf 80' lang='grc' dir='ltr'>ται,</span> <span class='ocrx_word' id='word_1_336' title='bbox 432 2884 716 2956; x_wconf 67' lang='grc' dir='ltr'>πόρρωθεν</span> <span class='ocrx_word' id='word_1_337' title='bbox 741 2887 1137 2956; x_wconf 77' lang='grc' dir='ltr'>ἐκτρεπόμενοι</span> <span class='ocrx_word' id='word_1_338' title='bbox 1166 2888 1225 2941; x_wconf 75' lang='grc' dir='ltr'><strong>τὸ</strong></span> <span class='ocrx_word' id='word_1_339' title='bbox 1246 2891 1438 2945; x_wconf 89' lang='grc' dir='ltr'>κακόν.</span> <span class='ocrx_word' id='word_1_340' title='bbox 1474 2892 1535 2944; x_wconf 80' lang='lat' dir='ltr'><strong>Ei</strong></span> <span class='ocrx_word' id='word_1_341' title='bbox 1564 2891 1619 2944; x_wconf 81' lang='grc' dir='ltr'>δὲ</span> <span class='ocrx_word' id='word_1_342' title='bbox 1652 2890 1862 2953; x_wconf 79' lang='grc' dir='ltr'>πολλοῖς</span> 
     </span>
    </p>
   </div>
   <div class='ocr_carea' id='block_1_48' title="bbox 294 2979 1863 3051">
    <p class='ocr_par' dir='ltr' id='par_1_48' title="bbox 294 2979 1863 3051">
     <span class='ocr_line' id='line_1_48' title="bbox 294 2979 1863 3051; baseline 0.003 -21"><span class='ocrx_word' id='word_1_343' title='bbox 294 2979 401 3030; x_wconf 88' lang='grc' dir='ltr'><strong>τῶν</strong></span> <span class='ocrx_word' id='word_1_344' title='bbox 442 2979 767 3041; x_wconf 72' lang='grc' dir='ltr'>σπουδαίων,</span> <span class='ocrx_word' id='word_1_345' title='bbox 811 2980 1021 3032; x_wconf 80' lang='grc' dir='ltr'>πόλεων</span> <span class='ocrx_word' id='word_1_346' title='bbox 1052 2982 1147 3033; x_wconf 77' lang='grc' dir='ltr'>καὶ</span> <span class='ocrx_word' id='word_1_347' title='bbox 1178 2984 1464 3035; x_wconf 89' lang='grc' dir='ltr'>συνοικιῶν</span> <span class='ocrx_word' id='word_1_348' title='bbox 1491 2982 1863 3051; x_wconf 77' lang='grc' dir='ltr'>ἐπιμελουμέ-</span> 
     </span>
    </p>
   </div>
   <div class='ocr_carea' id='block_1_49' title="bbox 294 3068 1933 3166">
    <p class='ocr_par' dir='ltr' id='par_1_49' title="bbox 294 3068 1933 3166">
     <span class='ocr_line' id='line_1_49' title="bbox 294 3068 1933 3166; baseline 0.002 -46"><span class='ocrx_word' id='word_1_349' title='bbox 294 3084 426 3131; x_wconf 86' lang='grc' dir='ltr'>νοις,</span> <span class='ocrx_word' id='word_1_350' title='bbox 478 3068 571 3121; x_wconf 71' lang='grc' dir='ltr'>καὶ</span> <span class='ocrx_word' id='word_1_351' title='bbox 609 3069 950 3138; x_wconf 75' lang='grc' dir='ltr'>πραγμάτων</span> <span class='ocrx_word' id='word_1_352' title='bbox 997 3069 1227 3139; x_wconf 65' lang='grc' dir='ltr'>ἅψεσθαι</span> <span class='ocrx_word' id='word_1_353' title='bbox 1271 3072 1491 3142; x_wconf 80' lang='grc' dir='ltr'>συνέϐη,</span> <span class='ocrx_word' id='word_1_354' title='bbox 1535 3072 1671 3125; x_wconf 88' lang='grc' dir='ltr'><strong>ἀλλά</strong></span> <span class='ocrx_word' id='word_1_355' title='bbox 1702 3072 1857 3144; x_wconf 77' lang='grc' dir='ltr'>μερί-</span> <span class='ocrx_word' id='word_1_356' title='bbox 1889 3108 1933 3166; x_wconf 75' lang='lat' dir='ltr'><strong>c</strong></span> 
     </span>
    </p>
   </div>
   <div class='ocr_carea' id='block_1_50' title="bbox 299 3160 1863 3235">
    <p class='ocr_par' dir='ltr' id='par_1_50' title="bbox 299 3160 1863 3235">
     <span class='ocr_line' id='line_1_50' title="bbox 299 3160 1863 3235; baseline 0.004 -24"><span class='ocrx_word' id='word_1_357' title='bbox 299 3177 462 3230; x_wconf 83' lang='grc' dir='ltr'>μναις</span> <span class='ocrx_word' id='word_1_358' title='bbox 483 3160 637 3213; x_wconf 81' lang='grc' dir='ltr'>οὐδὲν</span> <span class='ocrx_word' id='word_1_359' title='bbox 660 3162 863 3229; x_wconf 76' lang='grc' dir='ltr'>μᾶλλον</span> <span class='ocrx_word' id='word_1_360' title='bbox 887 3165 1211 3232; x_wconf 83' lang='grc' dir='ltr'>προσέσχον,</span> <span class='ocrx_word' id='word_1_361' title='bbox 1237 3163 1345 3217; x_wconf 82' lang='grc' dir='ltr'>οὐδ’</span> <span class='ocrx_word' id='word_1_362' title='bbox 1368 3164 1660 3235; x_wconf 78' lang='grc' dir='ltr'>ἐξέστησεν</span> <span class='ocrx_word' id='word_1_363' title='bbox 1685 3163 1863 3218; x_wconf 83' lang='grc' dir='ltr'>αὐτῶν</span> 
     </span>
    </p>
   </div>
   <div class='ocr_carea' id='block_1_51' title="bbox 294 3252 1859 3327">
    <p class='ocr_par' dir='ltr' id='par_1_51' title="bbox 294 3252 1859 3327">
     <span class='ocr_line' id='line_1_51' title="bbox 294 3252 1859 3327; baseline 0.003 -23"><span class='ocrx_word' id='word_1_364' title='bbox 294 3252 387 3305; x_wconf 86' lang='grc' dir='ltr'><strong>τοῦ</strong></span> <span class='ocrx_word' id='word_1_365' title='bbox 416 3252 817 3322; x_wconf 83' lang='grc' dir='ltr'>καθεστηκότος</span> <span class='ocrx_word' id='word_1_366' title='bbox 865 3254 959 3306; x_wconf 81' lang='grc' dir='ltr'>τὸν</span> <span class='ocrx_word' id='word_1_367' title='bbox 1004 3255 1285 3325; x_wconf 85' lang='grc' dir='ltr'>λογισμόν.</span> <span class='ocrx_word' id='word_1_368' title='bbox 1327 3257 1702 3327; x_wconf 79' lang='grc' dir='ltr'>Μεριμνῶμεν</span> <span class='ocrx_word' id='word_1_369' title='bbox 1730 3256 1859 3327; x_wconf 73' lang='grc' dir='ltr'>γὰρ,</span> 
     </span>
    </p>
   </div>
   <div class='ocr_carea' id='block_1_52' title="bbox 294 3335 1864 3418">
    <p class='ocr_par' dir='ltr' id='par_1_52' title="bbox 294 3335 1864 3418">
     <span class='ocr_line' id='line_1_52' title="bbox 294 3335 1864 3418; baseline 0.004 -23"><span class='ocrx_word' id='word_1_370' title='bbox 294 3342 535 3407; x_wconf 80' lang='grc' dir='ltr'>ἐπειδὰν,</span> <span class='ocrx_word' id='word_1_371' title='bbox 562 3344 690 3411; x_wconf 76' lang='grc' dir='ltr'>περὶ</span> <span class='ocrx_word' id='word_1_372' title='bbox 711 3335 788 3396; x_wconf 85' lang='grc' dir='ltr'>ὧν</span> <span class='ocrx_word' id='word_1_373' title='bbox 818 3344 1088 3415; x_wconf 75' lang='grc' dir='ltr'>ζητοῦμεν</span> <span class='ocrx_word' id='word_1_374' title='bbox 1111 3348 1206 3399; x_wconf 82' lang='grc' dir='ltr'>καὶ</span> <span class='ocrx_word' id='word_1_375' title='bbox 1229 3341 1303 3400; x_wconf 84' lang='grc' dir='ltr'>ὧν</span> <span class='ocrx_word' id='word_1_376' title='bbox 1324 3349 1473 3411; x_wconf 77' lang='grc' dir='ltr'>ὅπως</span> <span class='ocrx_word' id='word_1_377' title='bbox 1504 3348 1658 3402; x_wconf 81' lang='grc' dir='ltr'>ἔσται</span> <span class='ocrx_word' id='word_1_378' title='bbox 1681 3350 1864 3418; x_wconf 83' lang='grc' dir='ltr'>τυχεῖν</span> 
     </span>
    </p>
   </div>
   <div class='ocr_carea' id='block_1_53' title="bbox 296 3436 1864 3510">
    <p class='ocr_par' dir='ltr' id='par_1_53' title="bbox 296 3436 1864 3510">
     <span class='ocr_line' id='line_1_53' title="bbox 296 3436 1864 3510; baseline 0.004 -22"><span class='ocrx_word' id='word_1_379' title='bbox 296 3438 641 3505; x_wconf 81' lang='grc' dir='ltr'>σκοποῦμεν,</span> <span class='ocrx_word' id='word_1_380' title='bbox 692 3436 829 3505; x_wconf 73' lang='grc' dir='ltr'>πρὸς</span> <span class='ocrx_word' id='word_1_381' title='bbox 885 3440 1058 3491; x_wconf 83' lang='grc' dir='ltr'>ταῦτα</span> <span class='ocrx_word' id='word_1_382' title='bbox 1113 3440 1279 3494; x_wconf 85' lang='grc' dir='ltr'>πόθον</span> <span class='ocrx_word' id='word_1_383' title='bbox 1325 3442 1447 3495; x_wconf 78' lang='grc' dir='ltr'>τινὰ</span> <span class='ocrx_word' id='word_1_384' title='bbox 1508 3442 1864 3510; x_wconf 82' lang='grc' dir='ltr'>κεκτημένοις</span> 
     </span>
    </p>
   </div>
   <div class='ocr_carea' id='block_1_54' title="bbox 295 3527 1861 3601">
    <p class='ocr_par' dir='ltr' id='par_1_54' title="bbox 295 3527 1861 3601">
     <span class='ocr_line' id='line_1_54' title="bbox 295 3527 1861 3601; baseline 0.004 -23"><span class='ocrx_word' id='word_1_385' title='bbox 295 3527 486 3581; x_wconf 78' lang='grc' dir='ltr'>ἔπειτα</span> <span class='ocrx_word' id='word_1_386' title='bbox 514 3530 718 3597; x_wconf 79' lang='grc' dir='ltr'>τυχεῖν,</span> <span class='ocrx_word' id='word_1_387' title='bbox 769 3530 819 3581; x_wconf 81' lang='grc' dir='ltr'><strong>εί</strong></span> <span class='ocrx_word' id='word_1_388' title='bbox 849 3530 1049 3597; x_wconf 80' lang='grc' dir='ltr'>γένοιτ’</span> <span class='ocrx_word' id='word_1_389' title='bbox 1084 3531 1151 3584; x_wconf 86' lang='grc' dir='ltr'><strong>ἀν</strong></span> <span class='ocrx_word' id='word_1_390' title='bbox 1180 3534 1314 3600; x_wconf 78' lang='grc' dir='ltr'>ἡμῖν</span> <span class='ocrx_word' id='word_1_391' title='bbox 1353 3528 1429 3586; x_wconf 84' lang='grc' dir='ltr'>ὧν</span> <span class='ocrx_word' id='word_1_392' title='bbox 1457 3532 1861 3601; x_wconf 69' lang='grc' dir='ltr'>ἐπιθυμοῦμεν,</span> 
     </span>
    </p>
   </div>
   <div class='ocr_carea' id='block_1_55' title="bbox 293 3616 1864 3693">
    <p class='ocr_par' dir='ltr' id='par_1_55' title="bbox 293 3616 1864 3693">
     <span class='ocr_line' id='line_1_55' title="bbox 293 3616 1864 3693; baseline 0.002 -20"><span class='ocrx_word' id='word_1_393' title='bbox 293 3621 487 3689; x_wconf 76' lang='grc' dir='ltr'>ἄδηλον</span> <span class='ocrx_word' id='word_1_394' title='bbox 608 3620 796 3673; x_wconf 81' lang='grc' dir='ltr'>Ταῦτα</span> <span class='ocrx_word' id='word_1_395' title='bbox 832 3621 939 3688; x_wconf 81' lang='grc' dir='ltr'>γὰρ</span> <span class='ocrx_word' id='word_1_396' title='bbox 970 3621 1069 3692; x_wconf 79' lang='grc' dir='ltr'>τὴν</span> <span class='ocrx_word' id='word_1_397' title='bbox 1103 3623 1376 3693; x_wconf 83' lang='grc' dir='ltr'>μέριμναν</span> <span class='ocrx_word' id='word_1_398' title='bbox 1405 3625 1725 3677; x_wconf 87' lang='grc' dir='ltr'>συνιστάναι</span> <span class='ocrx_word' id='word_1_399' title='bbox 1772 3624 1864 3676; x_wconf 76' lang='grc' dir='ltr'>καὶ</span> 
     </span>
    </p>
   </div>
   <div class='ocr_carea' id='block_1_56' title="bbox 296 3706 1865 3787">
    <p class='ocr_par' dir='ltr' id='par_1_56' title="bbox 296 3706 1865 3787">
     <span class='ocr_line' id='line_1_56' title="bbox 296 3706 1865 3787; baseline 0.004 -23"><span class='ocrx_word' id='word_1_400' title='bbox 296 3714 636 3766; x_wconf 83' lang='grc' dir='ltr'>κατατείνειν</span> <span class='ocrx_word' id='word_1_401' title='bbox 664 3713 885 3767; x_wconf 86' lang='grc' dir='ltr'>δύναται</span> <span class='ocrx_word' id='word_1_402' title='bbox 908 3714 1005 3783; x_wconf 82' lang='grc' dir='ltr'>τὴν</span> <span class='ocrx_word' id='word_1_403' title='bbox 1025 3706 1225 3785; x_wconf 78' lang='grc' dir='ltr'>ψυχὴν,</span> <span class='ocrx_word' id='word_1_404' title='bbox 1271 3715 1331 3769; x_wconf 88' lang='grc' dir='ltr'><strong>τό</strong></span> <span class='ocrx_word' id='word_1_405' title='bbox 1348 3734 1407 3769; x_wconf 85' lang='grc' dir='ltr'><strong>τε</strong></span> <span class='ocrx_word' id='word_1_406' title='bbox 1427 3718 1554 3787; x_wconf 67' lang='grc' dir='ltr'>περὶ</span> <span class='ocrx_word' id='word_1_407' title='bbox 1584 3718 1644 3770; x_wconf 83' lang='grc' dir='ltr'>τὸ</span> <span class='ocrx_word' id='word_1_408' title='bbox 1670 3718 1865 3786; x_wconf 84' lang='grc' dir='ltr'>ζητού-</span> 
     </span>
    </p>
   </div>
   <div class='ocr_carea' id='block_1_57' title="bbox 299 3805 1861 3877">
    <p class='ocr_par' dir='ltr' id='par_1_57' title="bbox 299 3805 1861 3877">
     <span class='ocr_line' id='line_1_57' title="bbox 299 3805 1861 3877; baseline 0.004 -21"><span class='ocrx_word' id='word_1_409' title='bbox 299 3822 457 3875; x_wconf 87' lang='grc' dir='ltr'>μενον</span> <span class='ocrx_word' id='word_1_410' title='bbox 473 3805 695 3874; x_wconf 81' lang='grc' dir='ltr'>φίλτρον</span> <span class='ocrx_word' id='word_1_411' title='bbox 716 3806 774 3859; x_wconf 92' lang='grc' dir='ltr'><strong>τό</strong></span> <span class='ocrx_word' id='word_1_412' title='bbox 793 3823 850 3859; x_wconf 88' lang='grc' dir='ltr'><strong>τε</strong></span> <span class='ocrx_word' id='word_1_413' title='bbox 869 3807 994 3875; x_wconf 77' lang='grc' dir='ltr'>περὶ</span> <span class='ocrx_word' id='word_1_414' title='bbox 1026 3807 1123 3859; x_wconf 82' lang='grc' dir='ltr'><strong>τοῦ</strong></span> <span class='ocrx_word' id='word_1_415' title='bbox 1162 3807 1348 3871; x_wconf 84' lang='grc' dir='ltr'>τέλους</span> <span class='ocrx_word' id='word_1_416' title='bbox 1388 3808 1489 3877; x_wconf 75' lang='grc' dir='ltr'>τῆς</span> <span class='ocrx_word' id='word_1_417' title='bbox 1524 3810 1653 3877; x_wconf 82' lang='grc' dir='ltr'>περὶ</span> <span class='ocrx_word' id='word_1_418' title='bbox 1694 3810 1861 3863; x_wconf 81' lang='grc' dir='ltr'>αὐτοῦ</span> 
     </span>
    </p>
   </div>
   <div class='ocr_carea' id='block_1_58' title="bbox 298 3895 1864 3971">
    <p class='ocr_par' dir='ltr' id='par_1_58' title="bbox 298 3895 1864 3971">
     <span class='ocr_line' id='line_1_58' title="bbox 298 3895 1864 3971; baseline 0.003 -23"><span class='ocrx_word' id='word_1_419' title='bbox 298 3896 531 3965; x_wconf 83' lang='grc' dir='ltr'>σπουδῆς</span> <span class='ocrx_word' id='word_1_420' title='bbox 559 3896 725 3966; x_wconf 85' lang='grc' dir='ltr'>μηδὲν</span> <span class='ocrx_word' id='word_1_421' title='bbox 747 3897 945 3951; x_wconf 77' lang='grc' dir='ltr'>εὶδέναι</span> <span class='ocrx_word' id='word_1_422' title='bbox 972 3900 1140 3965; x_wconf 85' lang='grc' dir='ltr'>σαφές</span> <span class='ocrx_word' id='word_1_423' title='bbox 1162 3916 1173 3929; x_wconf 81' lang='grc'><em>’</em></span> <span class='ocrx_word' id='word_1_424' title='bbox 1189 3900 1253 3953; x_wconf 84' lang='grc' dir='ltr'><strong>ἀν</strong></span> <span class='ocrx_word' id='word_1_425' title='bbox 1270 3916 1329 3951; x_wconf 90' lang='grc' dir='ltr'><strong>τε</strong></span> <span class='ocrx_word' id='word_1_426' title='bbox 1350 3900 1508 3970; x_wconf 76' lang='grc' dir='ltr'>γάρῆ</span> <span class='ocrx_word' id='word_1_427' title='bbox 1537 3918 1605 3953; x_wconf 88' lang='grc' dir='ltr'><strong>πε</strong></span> <span class='ocrx_word' id='word_1_428' title='bbox 1615 3905 1667 3969; x_wconf 66' lang='lat' dir='ltr'><strong>pi.</strong></span> <span class='ocrx_word' id='word_1_429' title='bbox 1680 3895 1755 3955; x_wconf 82' lang='grc' dir='ltr'>ὧν</span> <span class='ocrx_word' id='word_1_430' title='bbox 1777 3920 1864 3971; x_wconf 85' lang='grc' dir='ltr'>φι-</span> 
     </span>
    </p>
   </div>
   <div class='ocr_carea' id='block_1_59' title="bbox 298 3986 1863 4062">
    <p class='ocr_par' dir='ltr' id='par_1_59' title="bbox 298 3986 1863 4062">
     <span class='ocr_line' id='line_1_59' title="bbox 298 3986 1863 4062; baseline 0.001 -17"><span class='ocrx_word' id='word_1_431' title='bbox 298 3993 493 4061; x_wconf 74' lang='grc' dir='ltr'>λοῦμεν</span> <span class='ocrx_word' id='word_1_432' title='bbox 511 3993 665 4046; x_wconf 78' lang='grc' dir='ltr'>οὐδὲν</span> <span class='ocrx_word' id='word_1_433' title='bbox 682 3992 934 4061; x_wconf 74' lang='grc' dir='ltr'>εἰδῶμεν,</span> <span class='ocrx_word' id='word_1_434' title='bbox 958 3993 989 4062; x_wconf 81' lang='grc' dir='ltr'><strong>ἢ</strong></span> <span class='ocrx_word' id='word_1_435' title='bbox 1016 3994 1143 4062; x_wconf 71' lang='grc' dir='ltr'>περὶ</span> <span class='ocrx_word' id='word_1_436' title='bbox 1163 3986 1237 4045; x_wconf 84' lang='grc' dir='ltr'>ὧν</span> <span class='ocrx_word' id='word_1_437' title='bbox 1255 3993 1520 4061; x_wconf 84' lang='grc' dir='ltr'>φιλοῦμεν</span> <span class='ocrx_word' id='word_1_438' title='bbox 1540 3994 1607 4047; x_wconf 75' lang='grc' dir='ltr'><strong>τὰ</strong></span> <span class='ocrx_word' id='word_1_439' title='bbox 1630 3994 1750 4047; x_wconf 83' lang='grc' dir='ltr'>κατ’</span> <span class='ocrx_word' id='word_1_440' title='bbox 1774 3995 1863 4047; x_wconf 83' lang='grc' dir='ltr'>εύ-</span> 
     </span>
    </p>
   </div>
   <div class='ocr_carea' id='block_1_60' title="bbox 296 4084 1859 4155">
    <p class='ocr_par' dir='ltr' id='par_1_60' title="bbox 296 4084 1859 4155">
     <span class='ocr_line' id='line_1_60' title="bbox 296 4084 1859 4155; baseline 0 -18"><span class='ocrx_word' id='word_1_441' title='bbox 296 4086 394 4154; x_wconf 75' lang='grc' dir='ltr'>χὴν</span> <span class='ocrx_word' id='word_1_442' title='bbox 409 4085 658 4151; x_wconf 77' lang='grc' dir='ltr'>ειδῶμεν,</span> <span class='ocrx_word' id='word_1_443' title='bbox 682 4084 833 4136; x_wconf 76' lang='grc' dir='ltr'>οὐδὲν</span> <span class='ocrx_word' id='word_1_444' title='bbox 850 4085 980 4155; x_wconf 71' lang='grc' dir='ltr'>ημῖν</span> <span class='ocrx_word' id='word_1_445' title='bbox 996 4084 1257 4155; x_wconf 77' lang='grc' dir='ltr'>δυσχερὲς</span> <span class='ocrx_word' id='word_1_446' title='bbox 1277 4085 1397 4137; x_wconf 78' lang='grc' dir='ltr'>οὐδὲ</span> <span class='ocrx_word' id='word_1_447' title='bbox 1425 4086 1688 4154; x_wconf 79' lang='grc' dir='ltr'>μέριμνα,</span> <span class='ocrx_word' id='word_1_448' title='bbox 1714 4085 1780 4139; x_wconf 81' lang='grc' dir='ltr'><strong>ἀν</strong></span> <span class='ocrx_word' id='word_1_449' title='bbox 1798 4102 1859 4138; x_wconf 82' lang='grc' dir='ltr'><strong>τε</strong></span> 
     </span>
    </p>
   </div>
   <div class='ocr_carea' id='block_1_61' title="bbox 298 4175 1861 4246">
    <p class='ocr_par' dir='ltr' id='par_1_61' title="bbox 298 4175 1861 4246">
     <span class='ocr_line' id='line_1_61' title="bbox 298 4175 1861 4246; baseline -0.001 -16"><span class='ocrx_word' id='word_1_450' title='bbox 298 4176 581 4243; x_wconf 70' lang='grc' dir='ltr'>ζητοῦντες</span> <span class='ocrx_word' id='word_1_451' title='bbox 601 4176 629 4228; x_wconf 80' lang='grc' dir='ltr'><strong>δ</strong></span> <span class='ocrx_word' id='word_1_452' title='bbox 652 4175 933 4244; x_wconf 83' lang='grc' dir='ltr'>φιλοῦμεν,</span> <span class='ocrx_word' id='word_1_453' title='bbox 952 4175 1025 4238; x_wconf 83' lang='grc' dir='ltr'>ὼς</span> <span class='ocrx_word' id='word_1_454' title='bbox 1055 4177 1116 4229; x_wconf 88' lang='grc' dir='ltr'>οὐ</span> <span class='ocrx_word' id='word_1_455' title='bbox 1143 4176 1448 4245; x_wconf 80' lang='grc' dir='ltr'>ληψόμεθα,</span> <span class='ocrx_word' id='word_1_456' title='bbox 1480 4178 1667 4246; x_wconf 78' lang='grc' dir='ltr'>σαφῶς</span> <span class='ocrx_word' id='word_1_457' title='bbox 1707 4177 1861 4231; x_wconf 73' lang='grc' dir='ltr'>εἱδῶ-</span> 
     </span>
    </p>
   </div>
   <div class='ocr_carea' id='block_1_62' title="bbox 301 4264 1859 4335">
    <p class='ocr_par' dir='ltr' id='par_1_62' title="bbox 301 4264 1859 4335">
     <span class='ocr_line' id='line_1_62' title="bbox 301 4264 1859 4335; baseline 0.001 -18"><span class='ocrx_word' id='word_1_458' title='bbox 301 4284 415 4333; x_wconf 89' lang='grc' dir='ltr'>μεν.</span> <span class='ocrx_word' id='word_1_459' title='bbox 444 4264 537 4317; x_wconf 82' lang='grc' dir='ltr'><strong>τοῦ</strong></span> <span class='ocrx_word' id='word_1_460' title='bbox 566 4267 835 4335; x_wconf 78' lang='grc' dir='ltr'>μεριμνᾷν</span> <span class='ocrx_word' id='word_1_461' title='bbox 859 4266 1035 4325; x_wconf 73' lang='grc' dir='ltr'>οὐδεὶς</span> <span class='ocrx_word' id='word_1_462' title='bbox 1060 4265 1665 4328; x_wconf 57' lang='grc' dir='ltr'>καταλείπεταικτόπος.</span> <span class='ocrx_word' id='word_1_463' title='bbox 1694 4266 1859 4319; x_wconf 66' lang='lat'><strong>0683-</strong></span> 
     </span>
    </p>
   </div>
   <div class='ocr_carea' id='block_1_63' title="bbox 300 4354 1857 4428">
    <p class='ocr_par' dir='ltr' id='par_1_63' title="bbox 300 4354 1857 4428">
     <span class='ocr_line' id='line_1_63' title="bbox 300 4354 1857 4428; baseline 0.003 -22"><span class='ocrx_word' id='word_1_464' title='bbox 300 4354 394 4421; x_wconf 76' lang='grc' dir='ltr'><strong>μία</strong></span> <span class='ocrx_word' id='word_1_465' title='bbox 422 4359 531 4424; x_wconf 84' lang='grc' dir='ltr'>γὰρ</span> <span class='ocrx_word' id='word_1_466' title='bbox 548 4355 785 4409; x_wconf 79' lang='grc' dir='ltr'>ἐνταῦθα</span> <span class='ocrx_word' id='word_1_467' title='bbox 802 4358 1022 4425; x_wconf 80' lang='grc' dir='ltr'>φροντὶς</span> <span class='ocrx_word' id='word_1_468' title='bbox 1052 4359 1171 4410; x_wconf 75' lang='grc' dir='ltr'>οὐδὲ</span> <span class='ocrx_word' id='word_1_469' title='bbox 1201 4358 1384 4427; x_wconf 71' lang='grc' dir='ltr'>φόϐος,</span> <span class='ocrx_word' id='word_1_470' title='bbox 1407 4360 1462 4408; x_wconf 75' lang='grc' dir='ltr'>ἒν</span> <span class='ocrx_word' id='word_1_471' title='bbox 1495 4354 1575 4420; x_wconf 74' lang='grc' dir='ltr'>οἷς</span> <span class='ocrx_word' id='word_1_472' title='bbox 1598 4360 1624 4411; x_wconf 86' lang='grc' dir='ltr'><strong>ό</strong></span> <span class='ocrx_word' id='word_1_473' title='bbox 1640 4359 1737 4426; x_wconf 85' lang='grc' dir='ltr'>τῆς</span> <span class='ocrx_word' id='word_1_474' title='bbox 1759 4377 1857 4428; x_wconf 84' lang='grc' dir='ltr'>με-</span> 
     </span>
    </p>
   </div>
   <div class='ocr_carea' id='block_1_64' title="bbox 1973 1867 3539 1946">
    <p class='ocr_par' dir='ltr' id='par_1_64' title="bbox 1973 1867 3539 1946">
     <span class='ocr_line' id='line_1_64' title="bbox 1973 1867 3539 1946; baseline 0.009 -27"><span class='ocrx_word' id='word_1_475' title='bbox 1973 1867 2128 1924; x_wconf 82' lang='lat' dir='ltr'><strong>facile</strong></span> <span class='ocrx_word' id='word_1_476' title='bbox 2174 1887 2303 1926; x_wconf 85' lang='lat' dir='ltr'><strong>vero</strong></span> <span class='ocrx_word' id='word_1_477' title='bbox 2351 1874 2573 1939; x_wconf 78' lang='lat' dir='ltr'><strong>cedens,</strong></span> <span class='ocrx_word' id='word_1_478' title='bbox 2630 1892 2913 1930; x_wconf 86' lang='lat' dir='ltr'><strong>servorum</strong></span> <span class='ocrx_word' id='word_1_479' title='bbox 2966 1893 3140 1942; x_wconf 88' lang='lat' dir='ltr'><strong>more,</strong></span> <span class='ocrx_word' id='word_1_480' title='bbox 3176 1879 3539 1946; x_wconf 82' lang='lat' dir='ltr'><strong>passionibns.</strong></span> 
     </span>
    </p>
   </div>
   <div class='ocr_carea' id='block_1_65' title="bbox 1966 1962 3537 2039">
    <p class='ocr_par' dir='ltr' id='par_1_65' title="bbox 1966 1962 3537 2039">
     <span class='ocr_line' id='line_1_65' title="bbox 1966 1962 3537 2039; baseline 0.004 -25"><span class='ocrx_word' id='word_1_481' title='bbox 1966 1962 2166 2029; x_wconf 86' lang='lat' dir='ltr'><strong>quibus</strong></span> <span class='ocrx_word' id='word_1_482' title='bbox 2190 1964 2458 2032; x_wconf 86' lang='lat' dir='ltr'><strong>imperare</strong></span> <span class='ocrx_word' id='word_1_483' title='bbox 2488 1982 2703 2035; x_wconf 69' lang='lat' dir='ltr'><strong>aequum</strong></span> <span class='ocrx_word' id='word_1_484' title='bbox 2738 1978 2887 2034; x_wconf 90' lang='lat' dir='ltr'><strong>erat;</strong></span> <span class='ocrx_word' id='word_1_485' title='bbox 2918 1978 2970 2022; x_wconf 89' lang='lat' dir='ltr'><strong>et</strong></span> <span class='ocrx_word' id='word_1_486' title='bbox 2998 1970 3076 2022; x_wconf 79' lang='lat' dir='ltr'><strong>sic</strong></span> <span class='ocrx_word' id='word_1_487' title='bbox 3110 1970 3240 2022; x_wconf 85' lang='lat' dir='ltr'><strong>nihil</strong></span> <span class='ocrx_word' id='word_1_488' title='bbox 3265 1971 3537 2039; x_wconf 88' lang='lat' dir='ltr'><strong>prohlbet,</strong></span> 
     </span>
    </p>
   </div>
   <div class='ocr_carea' id='block_1_66' title="bbox 1966 2053 3535 2128">
    <p class='ocr_par' dir='ltr' id='par_1_66' title="bbox 1966 2053 3535 2128">
     <span class='ocr_line' id='line_1_66' title="bbox 1966 2053 3535 2128; baseline 0.005 -24"><span class='ocrx_word' id='word_1_489' title='bbox 1966 2053 2259 2121; x_wconf 83' lang='lat' dir='ltr'><strong>quominus</strong></span> <span class='ocrx_word' id='word_1_490' title='bbox 2289 2056 2491 2117; x_wconf 88' lang='lat' dir='ltr'><strong>anima,</strong></span> <span class='ocrx_word' id='word_1_491' title='bbox 2531 2057 2674 2112; x_wconf 89' lang='lat' dir='ltr'><strong>mille</strong></span> <span class='ocrx_word' id='word_1_492' title='bbox 2705 2058 2874 2126; x_wconf 67' lang='lat' dir='ltr'><strong>plagis</strong></span> <span class='ocrx_word' id='word_1_493' title='bbox 2904 2060 3159 2128; x_wconf 85' lang='lat' dir='ltr'><strong>acceptis,</strong></span> <span class='ocrx_word' id='word_1_494' title='bbox 3185 2070 3388 2128; x_wconf 82' lang='lat' dir='ltr'><strong>pereat,</strong></span> <span class='ocrx_word' id='word_1_495' title='bbox 3415 2075 3535 2112; x_wconf 89' lang='lat' dir='ltr'><strong>enm</strong></span> 
     </span>
    </p>
   </div>
   <div class='ocr_carea' id='block_1_67' title="bbox 1966 2144 3633 2221">
    <p class='ocr_par' dir='ltr' id='par_1_67' title="bbox 1966 2144 3633 2221">
     <span class='ocr_line' id='line_1_67' title="bbox 1966 2144 3633 2221; baseline 0.005 -25"><span class='ocrx_word' id='word_1_496' title='bbox 1966 2144 2120 2196; x_wconf 91' lang='lat' dir='ltr'><strong>multi</strong></span> <span class='ocrx_word' id='word_1_497' title='bbox 2171 2145 2388 2213; x_wconf 80' lang='lat' dir='ltr'><strong>quidem</strong></span> <span class='ocrx_word' id='word_1_498' title='bbox 2428 2147 2558 2211; x_wconf 88' lang='lat' dir='ltr'><strong>sint,</strong></span> <span class='ocrx_word' id='word_1_499' title='bbox 2595 2159 2652 2202; x_wconf 93' lang='lat' dir='ltr'><strong>ut</strong></span> <span class='ocrx_word' id='word_1_500' title='bbox 2699 2150 2774 2202; x_wconf 85' lang='lat' dir='ltr'><strong>ait</strong></span> <span class='ocrx_word' id='word_1_501' title='bbox 2804 2149 2993 2213; x_wconf 85' lang='lat' dir='ltr'><strong>David,</strong></span> <span class='ocrx_word' id='word_1_502' title='bbox 3025 2154 3116 2221; x_wconf 90' lang='lat' dir='ltr'><strong>qui</strong></span> <span class='ocrx_word' id='word_1_503' title='bbox 3167 2168 3233 2205; x_wconf 79' lang='lat' dir='ltr'><strong>ex</strong></span> <span class='ocrx_word' id='word_1_504' title='bbox 3278 2152 3387 2205; x_wconf 89' lang='lat' dir='ltr'><strong>alto</strong></span> <span class='ocrx_word' id='word_1_505' title='bbox 3436 2168 3539 2217; x_wconf 84' lang='lat' dir='ltr'><strong>pn-</strong></span> <span class='ocrx_word' id='word_1_506' title='bbox 3622 2203 3633 2213; x_wconf 81' lang='grc'><strong>,</strong></span> 
     </span>
    </p>
   </div>
   <div class='ocr_carea' id='block_1_68' title="bbox 1965 2238 3534 2310">
    <p class='ocr_par' dir='ltr' id='par_1_68' title="bbox 1965 2238 3534 2310">
     <span class='ocr_line' id='line_1_68' title="bbox 1965 2238 3534 2310; baseline 0.006 -24"><span class='ocrx_word' id='word_1_507' title='bbox 1965 2246 2133 2303; x_wconf 74' lang='lat' dir='ltr'><strong>gnant</strong></span> <span class='ocrx_word' id='word_1_508' title='bbox 2156 2238 2417 2292; x_wconf 84' lang='lat' dir='ltr'><strong>adversus</strong></span> <span class='ocrx_word' id='word_1_509' title='bbox 2448 2254 2589 2301; x_wconf 84' lang='lat' dir='ltr'><strong>eam,</strong></span> <span class='ocrx_word' id='word_1_510' title='bbox 2627 2242 2809 2294; x_wconf 89' lang='lat' dir='ltr'><strong>nullus</strong></span> <span class='ocrx_word' id='word_1_511' title='bbox 2843 2257 2971 2295; x_wconf 87' lang='lat' dir='ltr'><strong>vero</strong></span> <span class='ocrx_word' id='word_1_512' title='bbox 3016 2242 3089 2296; x_wconf 84' lang='lat' dir='ltr'><strong>sit</strong></span> <span class='ocrx_word' id='word_1_513' title='bbox 3133 2244 3225 2310; x_wconf 89' lang='lat' dir='ltr'><strong>qui</strong></span> <span class='ocrx_word' id='word_1_514' title='bbox 3271 2242 3534 2295; x_wconf 79' lang='lat' dir='ltr'><strong>auxilium</strong></span> 
     </span>
    </p>
   </div>
   <div class='ocr_carea' id='block_1_69' title="bbox 1967 2326 3536 2397">
    <p class='ocr_par' dir='ltr' id='par_1_69' title="bbox 1967 2326 3536 2397">
     <span class='ocr_line' id='line_1_69' title="bbox 1967 2326 3536 2397; baseline 0.001 -19"><span class='ocrx_word' id='word_1_515' title='bbox 1967 2330 2109 2379; x_wconf 83' lang='lat' dir='ltr'><strong>lerre</strong></span> <span class='ocrx_word' id='word_1_516' title='bbox 2132 2328 2321 2395; x_wconf 82' lang='lat' dir='ltr'><strong>possit.</strong></span> <span class='ocrx_word' id='word_1_517' title='bbox 2357 2327 2481 2381; x_wconf 82' lang='lat' dir='ltr'><strong>Ideo</strong></span> <span class='ocrx_word' id='word_1_518' title='bbox 2512 2326 2734 2393; x_wconf 82' lang='lat' dir='ltr'><strong>Paulus,</strong></span> <span class='ocrx_word' id='word_1_519' title='bbox 2794 2349 2811 2381; x_wconf 86' lang='grc' dir='ltr'><strong>ι</strong></span> <span class='ocrx_word' id='word_1_520' title='bbox 2842 2328 3035 2384; x_wconf 70' lang='lat' dir='ltr'><strong>Seculi</strong></span> <span class='ocrx_word' id='word_1_521' title='bbox 3071 2331 3312 2392; x_wconf 78' lang='lat' dir='ltr'><strong>tristitia,</strong></span> <span class='ocrx_word' id='word_1_522' title='bbox 3338 2330 3536 2397; x_wconf 89' lang='lat' dir='ltr'><strong>inquit,</strong></span> 
     </span>
    </p>
   </div>
   <div class='ocr_carea' id='block_1_70' title="bbox 1967 2422 3538 2493">
    <p class='ocr_par' dir='ltr' id='par_1_70' title="bbox 1967 2422 3538 2493">
     <span class='ocr_line' id='line_1_70' title="bbox 1967 2422 3538 2493; baseline 0.005 -24"><span class='ocrx_word' id='word_1_523' title='bbox 1967 2429 2194 2472; x_wconf 88' lang='lat' dir='ltr'><strong>mortem</strong></span> <span class='ocrx_word' id='word_1_524' title='bbox 2262 2428 2537 2489; x_wconf 87' lang='lat' dir='ltr'><strong>operatur.</strong></span> <span class='ocrx_word' id='word_1_525' title='bbox 2592 2442 2610 2473; x_wconf 74' lang='grc' dir='ltr'><strong>ι</strong></span> <span class='ocrx_word' id='word_1_526' title='bbox 2674 2422 2753 2475; x_wconf 85' lang='lat' dir='ltr'><strong>Ad</strong></span> <span class='ocrx_word' id='word_1_527' title='bbox 2811 2438 2933 2492; x_wconf 67' lang='lat' dir='ltr'><strong>qua:</strong></span> <span class='ocrx_word' id='word_1_528' title='bbox 2997 2424 3390 2493; x_wconf 67' lang='lat' dir='ltr'><strong>prospicientes</strong></span> <span class='ocrx_word' id='word_1_529' title='bbox 3444 2423 3538 2491; x_wconf 90' lang='lat' dir='ltr'><strong>qui</strong></span> 
     </span>
    </p>
   </div>
   <div class='ocr_carea' id='block_1_71' title="bbox 1964 2512 3535 2581">
    <p class='ocr_par' dir='ltr' id='par_1_71' title="bbox 1964 2512 3535 2581">
     <span class='ocr_line' id='line_1_71' title="bbox 1964 2512 3535 2581; baseline 0.005 -19"><span class='ocrx_word' id='word_1_530' title='bbox 1964 2525 2252 2578; x_wconf 68' lang='lat' dir='ltr'><strong>supereSse</strong></span> <span class='ocrx_word' id='word_1_531' title='bbox 2274 2512 2562 2581; x_wconf 73' lang='lat' dir='ltr'><strong>vivereque</strong></span> <span class='ocrx_word' id='word_1_532' title='bbox 2588 2515 2688 2567; x_wconf 85' lang='lat' dir='ltr'><strong>sibi</strong></span> <span class='ocrx_word' id='word_1_533' title='bbox 2717 2515 2905 2570; x_wconf 82' lang='lat' dir='ltr'><strong>volunt</strong></span> <span class='ocrx_word' id='word_1_534' title='bbox 2936 2518 3199 2579; x_wconf 87' lang='lat' dir='ltr'><strong>animam,</strong></span> <span class='ocrx_word' id='word_1_535' title='bbox 3228 2532 3331 2571; x_wconf 81' lang='lat' dir='ltr'><strong>n0n</strong></span> <span class='ocrx_word' id='word_1_536' title='bbox 3360 2518 3535 2571; x_wconf 91' lang='lat' dir='ltr'><strong>solum</strong></span> 
     </span>
    </p>
   </div>
   <div class='ocr_carea' id='block_1_72' title="bbox 1965 2602 3539 2679">
    <p class='ocr_par' dir='ltr' id='par_1_72' title="bbox 1965 2602 3539 2679">
     <span class='ocr_line' id='line_1_72' title="bbox 1965 2602 3539 2679; baseline 0.006 -24"><span class='ocrx_word' id='word_1_537' title='bbox 1965 2602 2245 2656; x_wconf 83' lang='lat' dir='ltr'><strong>tristitiam</strong></span> <span class='ocrx_word' id='word_1_538' title='bbox 2307 2604 2543 2673; x_wconf 82' lang='lat' dir='ltr'><strong>fugiunt,</strong></span> <span class='ocrx_word' id='word_1_539' title='bbox 2603 2610 2695 2662; x_wconf 90' lang='lat' dir='ltr'><strong>sed</strong></span> <span class='ocrx_word' id='word_1_540' title='bbox 2758 2610 2922 2663; x_wconf 84' lang='lat' dir='ltr'><strong>etiam</strong></span> <span class='ocrx_word' id='word_1_541' title='bbox 2982 2611 3172 2679; x_wconf 90' lang='lat' dir='ltr'><strong>procul</strong></span> <span class='ocrx_word' id='word_1_542' title='bbox 3232 2621 3539 2665; x_wconf 81' lang='lat' dir='ltr'><strong>avertentes</strong></span> 
     </span>
    </p>
   </div>
   <div class='ocr_carea' id='block_1_73' title="bbox 1967 2696 3539 2769">
    <p class='ocr_par' dir='ltr' id='par_1_73' title="bbox 1967 2696 3539 2769">
     <span class='ocr_line' id='line_1_73' title="bbox 1967 2696 3539 2769; baseline 0.01 -22"><span class='ocrx_word' id='word_1_543' title='bbox 1967 2696 2165 2748; x_wconf 88' lang='lat' dir='ltr'><strong>malum</strong></span> <span class='ocrx_word' id='word_1_544' title='bbox 2190 2710 2217 2747; x_wconf 87' lang='lat' dir='ltr'><strong>a</strong></span> <span class='ocrx_word' id='word_1_545' title='bbox 2248 2696 2611 2752; x_wconf 79' lang='lat' dir='ltr'><strong>sollicitudine</strong></span> <span class='ocrx_word' id='word_1_546' title='bbox 2637 2700 2740 2754; x_wconf 87' lang='lat' dir='ltr'><strong>sibi</strong></span> <span class='ocrx_word' id='word_1_547' title='bbox 2775 2713 3096 2769; x_wconf 73' lang='lat' dir='ltr'><strong>prmcavent.</strong></span> <span class='ocrx_word' id='word_1_548' title='bbox 3118 2703 3174 2757; x_wconf 82' lang='lat' dir='ltr'><strong>Si</strong></span> <span class='ocrx_word' id='word_1_549' title='bbox 3202 2717 3329 2757; x_wconf 88' lang='lat' dir='ltr'><strong>vero</strong></span> <span class='ocrx_word' id='word_1_550' title='bbox 3355 2708 3539 2762; x_wconf 78' lang='lat' dir='ltr'><strong>multis</strong></span> 
     </span>
    </p>
   </div>
   <div class='ocr_carea' id='block_1_74' title="bbox 1965 2788 3525 2870">
    <p class='ocr_par' dir='ltr' id='par_1_74' title="bbox 1965 2788 3525 2870">
     <span class='ocr_line' id='line_1_74' title="bbox 1965 2788 3525 2870; baseline 0.008 -33"><span class='ocrx_word' id='word_1_551' title='bbox 1965 2788 2278 2870; x_wconf 70' lang='lat' dir='ltr'><strong>proborum,</strong></span> <span class='ocrx_word' id='word_1_552' title='bbox 2324 2790 2539 2844; x_wconf 89' lang='lat' dir='ltr'><strong>urbium</strong></span> <span class='ocrx_word' id='word_1_553' title='bbox 2574 2793 3006 2863; x_wconf 79' lang='lat' dir='ltr'><strong>societntnmque</strong></span> <span class='ocrx_word' id='word_1_554' title='bbox 3066 2811 3251 2850; x_wconf 88' lang='lat' dir='ltr'><strong>curam</strong></span> <span class='ocrx_word' id='word_1_555' title='bbox 3323 2798 3525 2852; x_wconf 86' lang='lat' dir='ltr'><strong>haben-</strong></span> 
     </span>
    </p>
   </div>
   <div class='ocr_carea' id='block_1_75' title="bbox 1966 2880 3537 2953">
    <p class='ocr_par' dir='ltr' id='par_1_75' title="bbox 1966 2880 3537 2953">
     <span class='ocr_line' id='line_1_75' title="bbox 1966 2880 3537 2953; baseline 0.005 -20"><span class='ocrx_word' id='word_1_556' title='bbox 1966 2880 2134 2943; x_wconf 88' lang='lat' dir='ltr'><strong>tibus,</strong></span> <span class='ocrx_word' id='word_1_557' title='bbox 2167 2882 2232 2934; x_wconf 88' lang='lat' dir='ltr'><strong>ad</strong></span> <span class='ocrx_word' id='word_1_558' title='bbox 2272 2884 2483 2951; x_wconf 68' lang='lat' dir='ltr'><strong>negotia</strong></span> <span class='ocrx_word' id='word_1_559' title='bbox 2513 2900 2735 2939; x_wconf 91' lang='lat' dir='ltr'><strong>manum</strong></span> <span class='ocrx_word' id='word_1_560' title='bbox 2773 2888 3064 2941; x_wconf 84' lang='lat' dir='ltr'><strong>admovere</strong></span> <span class='ocrx_word' id='word_1_561' title='bbox 3093 2904 3316 2944; x_wconf 83' lang='lat' dir='ltr'><strong>necesse</strong></span> <span class='ocrx_word' id='word_1_562' title='bbox 3353 2890 3537 2953; x_wconf 88' lang='lat' dir='ltr'><strong>fuerit,</strong></span> 
     </span>
    </p>
   </div>
   <div class='ocr_carea' id='block_1_76' title="bbox 1963 2970 3538 3049">
    <p class='ocr_par' dir='ltr' id='par_1_76' title="bbox 1963 2970 3538 3049">
     <span class='ocr_line' id='line_1_76' title="bbox 1963 2970 3538 3049; baseline 0.008 -25"><span class='ocrx_word' id='word_1_563' title='bbox 1963 2970 2112 3025; x_wconf 89' lang='lat' dir='ltr'><strong>curis</strong></span> <span class='ocrx_word' id='word_1_564' title='bbox 2143 2979 2323 3026; x_wconf 89' lang='lat' dir='ltr'><strong>tamen</strong></span> <span class='ocrx_word' id='word_1_565' title='bbox 2363 2989 2468 3027; x_wconf 90' lang='lat' dir='ltr'><strong>non</strong></span> <span class='ocrx_word' id='word_1_566' title='bbox 2507 2976 2677 3046; x_wconf 79' lang='lat' dir='ltr'><strong>magis</strong></span> <span class='ocrx_word' id='word_1_567' title='bbox 2713 2977 3079 3043; x_wconf 88' lang='lat' dir='ltr'><strong>indulserunt,</strong></span> <span class='ocrx_word' id='word_1_568' title='bbox 3116 2994 3217 3033; x_wconf 87' lang='lat' dir='ltr'><strong>nec</strong></span> <span class='ocrx_word' id='word_1_569' title='bbox 3255 2980 3397 3049; x_wconf 77' lang='lat' dir='ltr'><strong>ipsis</strong></span> <span class='ocrx_word' id='word_1_570' title='bbox 3435 2981 3538 3036; x_wconf 86' lang='lat' dir='ltr'><strong>hoc</strong></span> 
     </span>
    </p>
   </div>
   <div class='ocr_carea' id='block_1_77' title="bbox 1965 3060 3536 3127">
    <p class='ocr_par' dir='ltr' id='par_1_77' title="bbox 1965 3060 3536 3127">
     <span class='ocr_line' id='line_1_77' title="bbox 1965 3060 3536 3127; baseline 0.007 -12"><span class='ocrx_word' id='word_1_571' title='bbox 1965 3078 2132 3117; x_wconf 88' lang='lat' dir='ltr'><strong>causa</strong></span> <span class='ocrx_word' id='word_1_572' title='bbox 2168 3060 2271 3118; x_wconf 86' lang='lat' dir='ltr'><strong>fuit</strong></span> <span class='ocrx_word' id='word_1_573' title='bbox 2302 3074 2359 3120; x_wconf 87' lang='lat' dir='ltr'><strong>ut</strong></span> <span class='ocrx_word' id='word_1_574' title='bbox 2384 3067 2455 3120; x_wconf 90' lang='lat' dir='ltr'><strong>ab</strong></span> <span class='ocrx_word' id='word_1_575' title='bbox 2494 3077 2713 3124; x_wconf 90' lang='lat' dir='ltr'><strong>assueta</strong></span> <span class='ocrx_word' id='word_1_576' title='bbox 2750 3069 2962 3123; x_wconf 89' lang='lat' dir='ltr'><strong>ratione</strong></span> <span class='ocrx_word' id='word_1_577' title='bbox 2994 3070 3328 3126; x_wconf 86' lang='lat' dir='ltr'><strong>recederent.</strong></span> <span class='ocrx_word' id='word_1_578' title='bbox 3376 3070 3536 3127; x_wconf 82' lang='lat' dir='ltr'><strong>Solli-</strong></span> 
     </span>
    </p>
   </div>
   <div class='ocr_carea' id='block_1_78' title="bbox 1967 3152 3535 3231">
    <p class='ocr_par' dir='ltr' id='par_1_78' title="bbox 1967 3152 3535 3231">
     <span class='ocr_line' id='line_1_78' title="bbox 1967 3152 3535 3231; baseline 0.006 -25"><span class='ocrx_word' id='word_1_579' title='bbox 1967 3152 2057 3206; x_wconf 82' lang='lat' dir='ltr'><strong>citi</strong></span> <span class='ocrx_word' id='word_1_580' title='bbox 2100 3168 2338 3223; x_wconf 89' lang='lat' dir='ltr'><strong>namque</strong></span> <span class='ocrx_word' id='word_1_581' title='bbox 2383 3171 2598 3219; x_wconf 88' lang='lat' dir='ltr'><strong>sumus,</strong></span> <span class='ocrx_word' id='word_1_582' title='bbox 2625 3173 2748 3213; x_wconf 90' lang='lat' dir='ltr'><strong>cum</strong></span> <span class='ocrx_word' id='word_1_583' title='bbox 2789 3159 2932 3214; x_wconf 90' lang='lat' dir='ltr'><strong>circa</strong></span> <span class='ocrx_word' id='word_1_584' title='bbox 2968 3174 3032 3213; x_wconf 91' lang='lat' dir='ltr'><strong>ea</strong></span> <span class='ocrx_word' id='word_1_585' title='bbox 3082 3176 3202 3228; x_wconf 68' lang='lat' dir='ltr'><strong>qua:</strong></span> <span class='ocrx_word' id='word_1_586' title='bbox 3238 3162 3535 3231; x_wconf 62' lang='lat' dir='ltr'><strong>querimus</strong></span> 
     </span>
    </p>
   </div>
   <div class='ocr_carea' id='block_1_79' title="bbox 1966 3244 3535 3322">
    <p class='ocr_par' dir='ltr' id='par_1_79' title="bbox 1966 3244 3535 3322">
     <span class='ocr_line' id='line_1_79' title="bbox 1966 3244 3535 3322; baseline 0.007 -26"><span class='ocrx_word' id='word_1_587' title='bbox 1966 3255 2019 3296; x_wconf 91' lang='lat' dir='ltr'><strong>et</strong></span> <span class='ocrx_word' id='word_1_588' title='bbox 2048 3244 2265 3299; x_wconf 82' lang='lat' dir='ltr'><strong>modum</strong></span> <span class='ocrx_word' id='word_1_589' title='bbox 2302 3246 2582 3304; x_wconf 85' lang='lat' dir='ltr'><strong>obtinendi</strong></span> <span class='ocrx_word' id='word_1_590' title='bbox 2615 3251 2984 3318; x_wconf 77' lang='lat' dir='ltr'><strong>speculamur,</strong></span> <span class='ocrx_word' id='word_1_591' title='bbox 3018 3254 3253 3322; x_wconf 84' lang='lat' dir='ltr'><strong>quodam</strong></span> <span class='ocrx_word' id='word_1_592' title='bbox 3285 3255 3535 3307; x_wconf 86' lang='lat' dir='ltr'><strong>obtinen-</strong></span> 
     </span>
    </p>
   </div>
   <div class='ocr_carea' id='block_1_80' title="bbox 1966 3335 3539 3416">
    <p class='ocr_par' dir='ltr' id='par_1_80' title="bbox 1966 3335 3539 3416">
     <span class='ocr_line' id='line_1_80' title="bbox 1966 3335 3539 3416; baseline 0.006 -26"><span class='ocrx_word' id='word_1_593' title='bbox 1966 3335 2017 3390; x_wconf 90' lang='lat' dir='ltr'><strong>di</strong></span> <span class='ocrx_word' id='word_1_594' title='bbox 2046 3336 2317 3392; x_wconf 83' lang='lat' dir='ltr'><strong>desiderio</strong></span> <span class='ocrx_word' id='word_1_595' title='bbox 2356 3352 2539 3408; x_wconf 88' lang='lat' dir='ltr'><strong>postea</strong></span> <span class='ocrx_word' id='word_1_596' title='bbox 2586 3342 2820 3411; x_wconf 88' lang='lat' dir='ltr'><strong>adjecto,</strong></span> <span class='ocrx_word' id='word_1_597' title='bbox 2854 3359 2922 3397; x_wconf 91' lang='lat' dir='ltr'><strong>an</strong></span> <span class='ocrx_word' id='word_1_598' title='bbox 2964 3346 3125 3405; x_wconf 83' lang='lat' dir='ltr'><strong>nobis</strong></span> <span class='ocrx_word' id='word_1_599' title='bbox 3159 3346 3379 3401; x_wconf 87' lang='lat' dir='ltr'><strong>evenire</strong></span> <span class='ocrx_word' id='word_1_600' title='bbox 3415 3361 3539 3416; x_wconf 78' lang='lat' dir='ltr'><strong>pos-</strong></span> 
     </span>
    </p>
   </div>
   <div class='ocr_carea' id='block_1_81' title="bbox 1966 3428 3536 3500">
    <p class='ocr_par' dir='ltr' id='par_1_81' title="bbox 1966 3428 3536 3500">
     <span class='ocr_line' id='line_1_81' title="bbox 1966 3428 3536 3500; baseline 0.008 -19"><span class='ocrx_word' id='word_1_601' title='bbox 1966 3428 2078 3482; x_wconf 83' lang='lat' dir='ltr'><strong>sint</strong></span> <span class='ocrx_word' id='word_1_602' title='bbox 2109 3446 2228 3498; x_wconf 69' lang='lat' dir='ltr'><strong>qnaa</strong></span> <span class='ocrx_word' id='word_1_603' title='bbox 2265 3432 2584 3500; x_wconf 57' lang='lat' dir='ltr'><strong>querimus,</strong></span> <span class='ocrx_word' id='word_1_604' title='bbox 2622 3434 2887 3489; x_wconf 92' lang='lat' dir='ltr'><strong>incertum</strong></span> <span class='ocrx_word' id='word_1_605' title='bbox 2930 3447 3031 3491; x_wconf 90' lang='lat' dir='ltr'><strong>est.</strong></span> <span class='ocrx_word' id='word_1_606' title='bbox 3064 3436 3178 3493; x_wconf 83' lang='lat' dir='ltr'><strong>Hoc</strong></span> <span class='ocrx_word' id='word_1_607' title='bbox 3205 3441 3350 3492; x_wconf 90' lang='lat' dir='ltr'><strong>enim</strong></span> <span class='ocrx_word' id='word_1_608' title='bbox 3382 3440 3536 3493; x_wconf 80' lang='lat' dir='ltr'><strong>exci-</strong></span> 
     </span>
    </p>
   </div>
   <div class='ocr_carea' id='block_1_82' title="bbox 1968 3522 3533 3601">
    <p class='ocr_par' dir='ltr' id='par_1_82' title="bbox 1968 3522 3533 3601">
     <span class='ocr_line' id='line_1_82' title="bbox 1968 3522 3533 3601; baseline 0.008 -28"><span class='ocrx_word' id='word_1_609' title='bbox 1968 3528 2084 3575; x_wconf 86' lang='lat' dir='ltr'><strong>tare</strong></span> <span class='ocrx_word' id='word_1_610' title='bbox 2110 3522 2530 3578; x_wconf 90' lang='lat' dir='ltr'><strong>sollicitudinem</strong></span> <span class='ocrx_word' id='word_1_611' title='bbox 2554 3540 2619 3579; x_wconf 90' lang='lat' dir='ltr'><strong>ac</strong></span> <span class='ocrx_word' id='word_1_612' title='bbox 2645 3527 2881 3580; x_wconf 87' lang='lat' dir='ltr'><strong>animam</strong></span> <span class='ocrx_word' id='word_1_613' title='bbox 2906 3529 3134 3583; x_wconf 88' lang='lat' dir='ltr'><strong>dilatare</strong></span> <span class='ocrx_word' id='word_1_614' title='bbox 3153 3540 3360 3600; x_wconf 88' lang='lat' dir='ltr'><strong>potest;</strong></span> <span class='ocrx_word' id='word_1_615' title='bbox 3387 3534 3533 3601; x_wconf 90' lang='lat' dir='ltr'><strong>quod</strong></span> 
     </span>
    </p>
   </div>
   <div class='ocr_carea' id='block_1_83' title="bbox 1965 3612 3534 3691">
    <p class='ocr_par' dir='ltr' id='par_1_83' title="bbox 1965 3612 3534 3691">
     <span class='ocr_line' id='line_1_83' title="bbox 1965 3612 3534 3691; baseline 0.007 -27"><span class='ocrx_word' id='word_1_616' title='bbox 1965 3612 2108 3667; x_wconf 91' lang='lat' dir='ltr'><strong>circa</strong></span> <span class='ocrx_word' id='word_1_617' title='bbox 2143 3613 2431 3681; x_wconf 64' lang='lat' dir='ltr'><strong>quasituni</strong></span> <span class='ocrx_word' id='word_1_618' title='bbox 2464 3614 2794 3670; x_wconf 89' lang='lat' dir='ltr'><strong>desiderium</strong></span> <span class='ocrx_word' id='word_1_619' title='bbox 2841 3629 2894 3672; x_wconf 89' lang='lat' dir='ltr'><strong>et</strong></span> <span class='ocrx_word' id='word_1_620' title='bbox 2923 3620 3083 3674; x_wconf 86' lang='lat' dir='ltr'><strong>tinem</strong></span> <span class='ocrx_word' id='word_1_621' title='bbox 3116 3622 3183 3674; x_wconf 92' lang='lat' dir='ltr'><strong>de</strong></span> <span class='ocrx_word' id='word_1_622' title='bbox 3226 3622 3317 3675; x_wconf 91' lang='lat' dir='ltr'><strong>illo</strong></span> <span class='ocrx_word' id='word_1_623' title='bbox 3349 3623 3534 3691; x_wconf 87' lang='lat' dir='ltr'><strong>inqui-</strong></span> 
     </span>
    </p>
   </div>
   <div class='ocr_carea' id='block_1_84' title="bbox 1967 3704 3534 3771">
    <p class='ocr_par' dir='ltr' id='par_1_84' title="bbox 1967 3704 3534 3771">
     <span class='ocr_line' id='line_1_84' title="bbox 1967 3704 3534 3771; baseline 0.01 -15"><span class='ocrx_word' id='word_1_624' title='bbox 1967 3704 2181 3759; x_wconf 88' lang='lat' dir='ltr'><strong>sitionis</strong></span> <span class='ocrx_word' id='word_1_625' title='bbox 2213 3705 2347 3759; x_wconf 88' lang='lat' dir='ltr'><strong>nihil</strong></span> <span class='ocrx_word' id='word_1_626' title='bbox 2397 3705 2687 3764; x_wconf 88' lang='lat' dir='ltr'><strong>manifeste</strong></span> <span class='ocrx_word' id='word_1_627' title='bbox 2718 3721 3008 3765; x_wconf 86' lang='lat' dir='ltr'><strong>noscatur:</strong></span> <span class='ocrx_word' id='word_1_628' title='bbox 3038 3710 3155 3767; x_wconf 86' lang='lat' dir='ltr'><strong>sive</strong></span> <span class='ocrx_word' id='word_1_629' title='bbox 3196 3714 3339 3768; x_wconf 90' lang='lat' dir='ltr'><strong>enim</strong></span> <span class='ocrx_word' id='word_1_630' title='bbox 3389 3715 3534 3771; x_wconf 81' lang='lat' dir='ltr'><strong>circa</strong></span> 
     </span>
    </p>
   </div>
   <div class='ocr_carea' id='block_1_85' title="bbox 1964 3797 3533 3872">
    <p class='ocr_par' dir='ltr' id='par_1_85' title="bbox 1964 3797 3533 3872">
     <span class='ocr_line' id='line_1_85' title="bbox 1964 3797 3533 3872; baseline 0.007 -23"><span class='ocrx_word' id='word_1_631' title='bbox 1964 3810 2052 3849; x_wconf 70' lang='lat' dir='ltr'><strong>rt-s</strong></span> <span class='ocrx_word' id='word_1_632' title='bbox 2070 3806 2281 3851; x_wconf 87' lang='lat' dir='ltr'><strong>amatas</strong></span> <span class='ocrx_word' id='word_1_633' title='bbox 2306 3797 2439 3851; x_wconf 91' lang='lat' dir='ltr'><strong>nihil</strong></span> <span class='ocrx_word' id='word_1_634' title='bbox 2462 3798 2763 3864; x_wconf 87' lang='lat' dir='ltr'><strong>videamus,</strong></span> <span class='ocrx_word' id='word_1_635' title='bbox 2786 3809 2881 3855; x_wconf 87' lang='lat' dir='ltr'><strong>aut</strong></span> <span class='ocrx_word' id='word_1_636' title='bbox 2910 3812 3117 3857; x_wconf 82' lang='lat' dir='ltr'><strong>amatas</strong></span> <span class='ocrx_word' id='word_1_637' title='bbox 3140 3804 3388 3872; x_wconf 82' lang='lat' dir='ltr'><strong>resjuxta</strong></span> <span class='ocrx_word' id='word_1_638' title='bbox 3412 3815 3533 3860; x_wconf 72' lang='lat' dir='ltr'><strong>vota</strong></span> 
     </span>
    </p>
   </div>
   <div class='ocr_carea' id='block_1_86' title="bbox 1964 3888 3533 3963">
    <p class='ocr_par' dir='ltr' id='par_1_86' title="bbox 1964 3888 3533 3963">
     <span class='ocr_line' id='line_1_86' title="bbox 1964 3888 3533 3963; baseline 0.005 -22"><span class='ocrx_word' id='word_1_639' title='bbox 1964 3888 2258 3942; x_wconf 89' lang='lat' dir='ltr'><strong>succedere</strong></span> <span class='ocrx_word' id='word_1_640' title='bbox 2311 3890 2614 3955; x_wconf 87' lang='lat' dir='ltr'><strong>videamus,</strong></span> <span class='ocrx_word' id='word_1_641' title='bbox 2668 3893 2801 3946; x_wconf 90' lang='lat' dir='ltr'><strong>nihil</strong></span> <span class='ocrx_word' id='word_1_642' title='bbox 2866 3894 3024 3949; x_wconf 80' lang='lat' dir='ltr'><strong>nobis</strong></span> <span class='ocrx_word' id='word_1_643' title='bbox 3078 3904 3163 3949; x_wconf 78' lang='lat' dir='ltr'><strong>est.</strong></span> <span class='ocrx_word' id='word_1_644' title='bbox 3218 3912 3533 3963; x_wconf 83' lang='lat' dir='ltr'><strong>onerosum,</strong></span> 
     </span>
    </p>
   </div>
   <div class='ocr_carea' id='block_1_87' title="bbox 1965 3981 3530 4056">
    <p class='ocr_par' dir='ltr' id='par_1_87' title="bbox 1965 3981 3530 4056">
     <span class='ocr_line' id='line_1_87' title="bbox 1965 3981 3530 4056; baseline 0.008 -26"><span class='ocrx_word' id='word_1_645' title='bbox 1965 3994 2065 4034; x_wconf 83' lang='lat' dir='ltr'><strong>nec</strong></span> <span class='ocrx_word' id='word_1_646' title='bbox 2123 3981 2460 4046; x_wconf 88' lang='lat' dir='ltr'><strong>sollicitudo,</strong></span> <span class='ocrx_word' id='word_1_647' title='bbox 2516 3984 2631 4038; x_wconf 84' lang='lat' dir='ltr'><strong>sive</strong></span> <span class='ocrx_word' id='word_1_648' title='bbox 2709 3996 3015 4052; x_wconf 67' lang='lat' dir='ltr'><strong>quaerentes</strong></span> <span class='ocrx_word' id='word_1_649' title='bbox 3066 3988 3208 4056; x_wconf 91' lang='lat' dir='ltr'><strong>quod</strong></span> <span class='ocrx_word' id='word_1_650' title='bbox 3264 4002 3530 4051; x_wconf 81' lang='lat' dir='ltr'><strong>amamus,</strong></span> 
     </span>
    </p>
   </div>
   <div class='ocr_carea' id='block_1_88' title="bbox 1965 4075 3531 4143">
    <p class='ocr_par' dir='ltr' id='par_1_88' title="bbox 1965 4075 3531 4143">
     <span class='ocr_line' id='line_1_88' title="bbox 1965 4075 3531 4143; baseline 0.006 -18"><span class='ocrx_word' id='word_1_651' title='bbox 1965 4088 2067 4128; x_wconf 89' lang='lat' dir='ltr'><strong>nos</strong></span> <span class='ocrx_word' id='word_1_652' title='bbox 2091 4089 2196 4127; x_wconf 91' lang='lat' dir='ltr'><strong>non</strong></span> <span class='ocrx_word' id='word_1_653' title='bbox 2222 4075 2543 4130; x_wconf 88' lang='lat' dir='ltr'><strong>obtenturos</strong></span> <span class='ocrx_word' id='word_1_654' title='bbox 2572 4075 2862 4132; x_wconf 79' lang='lat' dir='ltr'><strong>manifeste</strong></span> <span class='ocrx_word' id='word_1_655' title='bbox 2884 4078 3146 4143; x_wconf 84' lang='lat' dir='ltr'><strong>sciamus,</strong></span> <span class='ocrx_word' id='word_1_656' title='bbox 3173 4080 3531 4136; x_wconf 89' lang='lat' dir='ltr'><strong>sollicitudini</strong></span> 
     </span>
    </p>
   </div>
   <div class='ocr_carea' id='block_1_89' title="bbox 1959 4164 3531 4234">
    <p class='ocr_par' dir='ltr' id='par_1_89' title="bbox 1959 4164 3531 4234">
     <span class='ocr_line' id='line_1_89' title="bbox 1959 4164 3531 4234; baseline 0.005 -18"><span class='ocrx_word' id='word_1_657' title='bbox 1959 4164 2070 4234; x_wconf 87' lang='lat' dir='ltr'><strong>jam</strong></span> <span class='ocrx_word' id='word_1_658' title='bbox 2108 4165 2291 4219; x_wconf 88' lang='lat' dir='ltr'><strong>nullus</strong></span> <span class='ocrx_word' id='word_1_659' title='bbox 2327 4166 2657 4233; x_wconf 88' lang='lat' dir='ltr'><strong>relinquitur</strong></span> <span class='ocrx_word' id='word_1_660' title='bbox 2698 4168 2870 4224; x_wconf 91' lang='lat' dir='ltr'><strong>locus.</strong></span> <span class='ocrx_word' id='word_1_661' title='bbox 2910 4168 3005 4223; x_wconf 91' lang='lat' dir='ltr'><strong>llic</strong></span> <span class='ocrx_word' id='word_1_662' title='bbox 3036 4172 3179 4224; x_wconf 91' lang='lat' dir='ltr'><strong>enim</strong></span> <span class='ocrx_word' id='word_1_663' title='bbox 3222 4171 3364 4225; x_wconf 87' lang='lat' dir='ltr'><strong>nulla</strong></span> <span class='ocrx_word' id='word_1_664' title='bbox 3400 4187 3531 4226; x_wconf 89' lang='lat' dir='ltr'><strong>cura</strong></span> 
     </span>
    </p>
   </div>
   <div class='ocr_carea' id='block_1_90' title="bbox 1965 4258 3530 4329">
    <p class='ocr_par' dir='ltr' id='par_1_90' title="bbox 1965 4258 3530 4329">
     <span class='ocr_line' id='line_1_90' title="bbox 1965 4258 3530 4329; baseline 0.005 -18"><span class='ocrx_word' id='word_1_665' title='bbox 1965 4258 2256 4326; x_wconf 72' lang='lat' dir='ltr'><strong>nullusque</strong></span> <span class='ocrx_word' id='word_1_666' title='bbox 2296 4259 2482 4323; x_wconf 90' lang='lat' dir='ltr'><strong>timor,</strong></span> <span class='ocrx_word' id='word_1_667' title='bbox 2517 4261 2608 4314; x_wconf 92' lang='lat' dir='ltr'><strong>ubi</strong></span> <span class='ocrx_word' id='word_1_668' title='bbox 2642 4262 2790 4315; x_wconf 85' lang='lat' dir='ltr'><strong>stetit</strong></span> <span class='ocrx_word' id='word_1_669' title='bbox 2820 4262 3200 4317; x_wconf 86' lang='lat' dir='ltr'><strong>sollicitudinis</strong></span> <span class='ocrx_word' id='word_1_670' title='bbox 3246 4266 3530 4329; x_wconf 88' lang='lat' dir='ltr'><strong>terminus,</strong></span> 
     </span>
    </p>
   </div>
   <div class='ocr_carea' id='block_1_91' title="bbox 1965 4349 3531 4421">
    <p class='ocr_par' dir='ltr' id='par_1_91' title="bbox 1965 4349 3531 4421">
     <span class='ocr_line' id='line_1_91' title="bbox 1965 4349 3531 4421; baseline 0.004 -18"><span class='ocrx_word' id='word_1_671' title='bbox 1965 4349 2056 4403; x_wconf 82' lang='lat' dir='ltr'><strong>sed</strong></span> <span class='ocrx_word' id='word_1_672' title='bbox 2086 4350 2425 4418; x_wconf 88' lang='lat' dir='ltr'><strong>simpliciter,</strong></span> <span class='ocrx_word' id='word_1_673' title='bbox 2466 4352 2621 4421; x_wconf 88' lang='lat' dir='ltr'><strong>quasi</strong></span> <span class='ocrx_word' id='word_1_674' title='bbox 2651 4353 2762 4417; x_wconf 76' lang='lat' dir='ltr'><strong>jam</strong></span> <span class='ocrx_word' id='word_1_675' title='bbox 2805 4352 3019 4407; x_wconf 77' lang='lat' dir='ltr'><strong>adesset</strong></span> <span class='ocrx_word' id='word_1_676' title='bbox 3050 4355 3271 4415; x_wconf 89' lang='lat' dir='ltr'><strong>malum,</strong></span> <span class='ocrx_word' id='word_1_677' title='bbox 3312 4355 3531 4411; x_wconf 83' lang='lat' dir='ltr'><strong>tristitia</strong></span> 
     </span>
    </p>
   </div>
   <div class='ocr_carea' id='block_1_92' title="bbox 298 4442 1864 4521">
    <p class='ocr_par' dir='ltr' id='par_1_92' title="bbox 298 4447 1859 4521">
     <span class='ocr_line' id='line_1_92' title="bbox 298 4447 1859 4521; baseline 0.003 -23"><span class='ocrx_word' id='word_1_678' title='bbox 298 4448 497 4516; x_wconf 80' lang='grc' dir='ltr'>ρίμνης</span> <span class='ocrx_word' id='word_1_679' title='bbox 516 4447 747 4515; x_wconf 69' lang='grc' dir='ltr'>ἕστηκεν</span> <span class='ocrx_word' id='word_1_680' title='bbox 782 4449 925 4518; x_wconf 79' lang='grc' dir='ltr'>ὅρος,</span> <span class='ocrx_word' id='word_1_681' title='bbox 945 4450 1058 4501; x_wconf 85' lang='grc' dir='ltr'>ἀλλ’</span> <span class='ocrx_word' id='word_1_682' title='bbox 1083 4450 1323 4520; x_wconf 80' lang='grc' dir='ltr'>ἀτεχνῶς</span> <span class='ocrx_word' id='word_1_683' title='bbox 1344 4450 1417 4514; x_wconf 81' lang='grc' dir='ltr'><strong>ὡς</strong></span> <span class='ocrx_word' id='word_1_684' title='bbox 1444 4450 1541 4521; x_wconf 67' lang='grc' dir='ltr'>ἤδη</span> <span class='ocrx_word' id='word_1_685' title='bbox 1570 4451 1662 4503; x_wconf 83' lang='grc' dir='ltr'><strong>τοῦ</strong></span> <span class='ocrx_word' id='word_1_686' title='bbox 1689 4452 1859 4503; x_wconf 78' lang='grc' dir='ltr'>κακοῦ</span> 
     </span>
    </p>
   </div>
   <div class='ocr_carea' id='block_1_93' title="bbox 1966 4442 3535 4521">
    <p class='ocr_par' dir='ltr' id='par_1_93' title="bbox 1968 4442 3535 4518">
     <span class='ocr_line' id='line_1_93' title="bbox 1968 4442 3535 4518; baseline 0.005 -24"><span class='ocrx_word' id='word_1_687' title='bbox 1968 4442 2141 4495; x_wconf 79' lang='lat' dir='ltr'><strong>adeSI.</strong></span> <span class='ocrx_word' id='word_1_688' title='bbox 2169 4442 2344 4495; x_wconf 87' lang='lat' dir='ltr'><strong>Porro</strong></span> <span class='ocrx_word' id='word_1_689' title='bbox 2379 4457 2503 4495; x_wconf 90' lang='lat' dir='ltr'><strong>cum</strong></span> <span class='ocrx_word' id='word_1_690' title='bbox 2530 4460 2591 4496; x_wconf 78' lang='lat' dir='ltr'><strong>ex</strong></span> <span class='ocrx_word' id='word_1_691' title='bbox 2620 4443 2725 4498; x_wconf 90' lang='lat' dir='ltr'><strong>illis</strong></span> <span class='ocrx_word' id='word_1_692' title='bbox 2754 4460 2872 4514; x_wconf 80' lang='lat' dir='ltr'><strong>quae</strong></span> <span class='ocrx_word' id='word_1_693' title='bbox 2907 4444 3327 4500; x_wconf 85' lang='lat' dir='ltr'><strong>sollicitudinem</strong></span> <span class='ocrx_word' id='word_1_694' title='bbox 3367 4462 3535 4518; x_wconf 73' lang='lat' dir='ltr'><strong>gene-</strong></span> 
     </span>
    </p>
   </div>
   <div class='ocr_carea' id='block_1_94' title="bbox 298 4539 1865 4612">
    <p class='ocr_par' dir='ltr' id='par_1_94' title="bbox 298 4539 1865 4612">
     <span class='ocr_line' id='line_1_94' title="bbox 298 4539 1865 4612; baseline 0.001 -20"><span class='ocrx_word' id='word_1_695' title='bbox 298 4541 565 4609; x_wconf 80' lang='grc' dir='ltr'>παρόντος</span> <span class='ocrx_word' id='word_1_696' title='bbox 597 4539 743 4603; x_wconf 78' lang='grc' dir='ltr'>λύπη</span> <span class='ocrx_word' id='word_1_697' title='bbox 774 4540 835 4593; x_wconf 75' lang='grc' dir='ltr'>τὸ</span> <span class='ocrx_word' id='word_1_698' title='bbox 870 4541 1041 4601; x_wconf 76' lang='grc' dir='ltr'>πάθος</span> <span class='ocrx_word' id='word_1_699' title='bbox 1061 4559 1075 4573; x_wconf 83' lang='grc'><em>’</em></span> <span class='ocrx_word' id='word_1_700' title='bbox 1112 4542 1221 4593; x_wconf 80' lang='grc' dir='ltr'><strong>τῶν</strong></span> <span class='ocrx_word' id='word_1_701' title='bbox 1253 4542 1315 4611; x_wconf 84' lang='grc' dir='ltr'>δὴ</span> <span class='ocrx_word' id='word_1_702' title='bbox 1347 4544 1623 4612; x_wconf 79' lang='grc' dir='ltr'>μεριμνᾷν</span> <span class='ocrx_word' id='word_1_703' title='bbox 1653 4542 1865 4593; x_wconf 87' lang='grc' dir='ltr'>ποιούν-</span> 
     </span>
    </p>
   </div>
   <div class='ocr_carea' id='block_1_95' title="bbox 296 4632 1865 4705">
    <p class='ocr_par' dir='ltr' id='par_1_95' title="bbox 296 4632 1865 4705">
     <span class='ocr_line' id='line_1_95' title="bbox 296 4632 1865 4705; baseline 0.003 -22"><span class='ocrx_word' id='word_1_704' title='bbox 296 4650 401 4684; x_wconf 87' lang='grc' dir='ltr'><strong>των</strong></span> <span class='ocrx_word' id='word_1_705' title='bbox 433 4632 543 4683; x_wconf 88' lang='grc' dir='ltr'><strong>τῶν</strong></span> <span class='ocrx_word' id='word_1_706' title='bbox 590 4633 647 4685; x_wconf 73' lang='grc' dir='ltr'>ὲν</span> <span class='ocrx_word' id='word_1_707' title='bbox 693 4632 915 4699; x_wconf 84' lang='grc' dir='ltr'>Χριστῷ</span> <span class='ocrx_word' id='word_1_708' title='bbox 951 4632 1171 4695; x_wconf 77' lang='grc' dir='ltr'>ζώντων</span> <span class='ocrx_word' id='word_1_709' title='bbox 1200 4633 1483 4703; x_wconf 82' lang='grc' dir='ltr'>οὐδετέρου</span> <span class='ocrx_word' id='word_1_710' title='bbox 1519 4637 1639 4697; x_wconf 79' lang='grc' dir='ltr'>ταῖς</span> <span class='ocrx_word' id='word_1_711' title='bbox 1663 4634 1865 4705; x_wconf 81' lang='grc' dir='ltr'>ψυχαῖς</span> 
     </span>
    </p>
   </div>
   <div class='ocr_carea' id='block_1_96' title="bbox 298 4716 1863 4797">
    <p class='ocr_par' dir='ltr' id='par_1_96' title="bbox 298 4716 1863 4797">
     <span class='ocr_line' id='line_1_96' title="bbox 298 4716 1863 4797; baseline 0.003 -22"><span class='ocrx_word' id='word_1_712' title='bbox 298 4724 661 4794; x_wconf 71' lang='grc' dir='ltr'>ἐνοχλοῦντος,</span> <span class='ocrx_word' id='word_1_713' title='bbox 702 4726 912 4794; x_wconf 84' lang='grc' dir='ltr'>ἀνάγκη</span> <span class='ocrx_word' id='word_1_714' title='bbox 963 4727 1070 4778; x_wconf 87' lang='grc' dir='ltr'><strong>τῶν</strong></span> <span class='ocrx_word' id='word_1_715' title='bbox 1101 4728 1209 4779; x_wconf 84' lang='grc' dir='ltr'>ἀπὸ</span> <span class='ocrx_word' id='word_1_716' title='bbox 1235 4725 1335 4789; x_wconf 79' lang='grc' dir='ltr'>τῆς</span> <span class='ocrx_word' id='word_1_717' title='bbox 1369 4716 1636 4797; x_wconf 67' lang='grc' dir='ltr'>μερίμνης</span> <span class='ocrx_word' id='word_1_718' title='bbox 1667 4729 1863 4791; x_wconf 77' lang='grc' dir='ltr'>αὐτοὺς</span> 
     </span>
    </p>
   </div>
   <div class='ocr_carea' id='block_1_97' title="bbox 295 4815 1862 4888">
    <p class='ocr_par' dir='ltr' id='par_1_97' title="bbox 295 4815 1862 4888">
     <span class='ocr_line' id='line_1_97' title="bbox 295 4815 1862 4888; baseline 0.002 -19"><span class='ocrx_word' id='word_1_719' title='bbox 295 4818 642 4886; x_wconf 83' lang='grc' dir='ltr'>ἀπηλλάχθαι</span> <span class='ocrx_word' id='word_1_720' title='bbox 673 4816 883 4869; x_wconf 86' lang='grc' dir='ltr'>κακῶν.</span> <span class='ocrx_word' id='word_1_721' title='bbox 925 4815 1063 4869; x_wconf 75' lang='grc' dir='ltr'>Οὖτε</span> <span class='ocrx_word' id='word_1_722' title='bbox 1098 4817 1206 4886; x_wconf 75' lang='grc' dir='ltr'><strong>γὰρ</strong></span> <span class='ocrx_word' id='word_1_723' title='bbox 1238 4816 1412 4869; x_wconf 77' lang='grc' dir='ltr'>οὐδενὶ</span> <span class='ocrx_word' id='word_1_724' title='bbox 1457 4821 1862 4888; x_wconf 83' lang='grc' dir='ltr'>προστετήκασι</span> 
     </span>
    </p>
   </div>
   <div class='ocr_carea' id='block_1_98' title="bbox 293 4907 1863 4979">
    <p class='ocr_par' dir='ltr' id='par_1_98' title="bbox 293 4907 1863 4979">
     <span class='ocr_line' id='line_1_98' title="bbox 293 4907 1863 4979; baseline 0.003 -19"><span class='ocrx_word' id='word_1_725' title='bbox 293 4910 400 4960; x_wconf 86' lang='grc' dir='ltr'><strong>τῶν</strong></span> <span class='ocrx_word' id='word_1_726' title='bbox 447 4908 756 4976; x_wconf 87' lang='grc' dir='ltr'>παρόντων,</span> <span class='ocrx_word' id='word_1_727' title='bbox 816 4909 911 4960; x_wconf 79' lang='grc' dir='ltr'>καὶ</span> <span class='ocrx_word' id='word_1_728' title='bbox 963 4907 1015 4960; x_wconf 85' lang='grc' dir='ltr'>ετ</span> <span class='ocrx_word' id='word_1_729' title='bbox 1063 4924 1117 4958; x_wconf 91' lang='grc' dir='ltr'><strong>τι</strong></span> <span class='ocrx_word' id='word_1_730' title='bbox 1164 4908 1301 4975; x_wconf 81' lang='grc' dir='ltr'>πρὸς</span> <span class='ocrx_word' id='word_1_731' title='bbox 1345 4908 1444 4979; x_wconf 81' lang='grc' dir='ltr'>τὴν</span> <span class='ocrx_word' id='word_1_732' title='bbox 1473 4910 1567 4961; x_wconf 86' lang='grc' dir='ltr'><strong>τοῦ</strong></span> <span class='ocrx_word' id='word_1_733' title='bbox 1614 4911 1863 4979; x_wconf 82' lang='grc' dir='ltr'>σώματος</span> 
     </span>
    </p>
   </div>
   <div class='ocr_carea' id='block_1_99' title="bbox 293 4995 1863 5067">
    <p class='ocr_par' dir='ltr' id='par_1_99' title="bbox 293 4995 1863 5067">
     <span class='ocr_line' id='line_1_99' title="bbox 293 4995 1863 5067; baseline 0 -18"><span class='ocrx_word' id='word_1_734' title='bbox 293 4998 619 5065; x_wconf 75' lang='grc' dir='ltr'>ἐργάζονται</span> <span class='ocrx_word' id='word_1_735' title='bbox 652 4997 866 5067; x_wconf 79' lang='grc' dir='ltr'>χρείαν,</span> <span class='ocrx_word' id='word_1_736' title='bbox 906 4996 969 5047; x_wconf 80' lang='grc' dir='ltr'>τὸ</span> <span class='ocrx_word' id='word_1_737' title='bbox 1014 4995 1168 5058; x_wconf 82' lang='grc' dir='ltr'>τέλος</span> <span class='ocrx_word' id='word_1_738' title='bbox 1192 4995 1456 5049; x_wconf 76' lang='grc' dir='ltr'>ἑκάστοτε</span> <span class='ocrx_word' id='word_1_739' title='bbox 1491 4997 1589 5065; x_wconf 78' lang='grc' dir='ltr'>τῆς</span> <span class='ocrx_word' id='word_1_740' title='bbox 1625 4997 1863 5066; x_wconf 75' lang='grc' dir='ltr'>σπουδῆς</span> 
     </span>
    </p>
   </div>
   <div class='ocr_carea' id='block_1_100' title="bbox 297 5087 1862 5159">
    <p class='ocr_par' dir='ltr' id='par_1_100' title="bbox 297 5087 1862 5159">
     <span class='ocr_line' id='line_1_100' title="bbox 297 5087 1862 5159; baseline 0.003 -22"><span class='ocrx_word' id='word_1_741' title='bbox 297 5092 440 5141; x_wconf 71' lang='grc' dir='ltr'>ἴσασι</span> <span class='ocrx_word' id='word_1_742' title='bbox 472 5090 674 5159; x_wconf 82' lang='grc' dir='ltr'>τρόπον</span> <span class='ocrx_word' id='word_1_743' title='bbox 712 5088 773 5156; x_wconf 83' lang='grc' dir='ltr'>δή</span> <span class='ocrx_word' id='word_1_744' title='bbox 820 5104 979 5141; x_wconf 84' lang='grc' dir='ltr'>τινα·</span> <span class='ocrx_word' id='word_1_745' title='bbox 1016 5088 1074 5140; x_wconf 72' lang='grc' dir='ltr'>τὸ</span> <span class='ocrx_word' id='word_1_746' title='bbox 1108 5088 1213 5155; x_wconf 83' lang='grc' dir='ltr'><strong>γὰρ</strong></span> <span class='ocrx_word' id='word_1_747' title='bbox 1260 5087 1337 5155; x_wconf 86' lang='grc' dir='ltr'>τῷ</span> <span class='ocrx_word' id='word_1_748' title='bbox 1386 5088 1505 5157; x_wconf 84' lang='grc' dir='ltr'><strong>Θεῷ</strong></span> <span class='ocrx_word' id='word_1_749' title='bbox 1536 5088 1725 5141; x_wconf 87' lang='grc' dir='ltr'>δοκοῦν</span> <span class='ocrx_word' id='word_1_750' title='bbox 1748 5092 1862 5153; x_wconf 83' lang='grc' dir='ltr'>τοῖς</span> 
     </span>
    </p>
   </div>
   <div class='ocr_carea' id='block_1_101' title="bbox 297 5179 1861 5253">
    <p class='ocr_par' dir='ltr' id='par_1_101' title="bbox 297 5179 1861 5253">
     <span class='ocr_line' id='line_1_101' title="bbox 297 5179 1861 5253; baseline 0.003 -23"><span class='ocrx_word' id='word_1_751' title='bbox 297 5180 475 5242; x_wconf 77' lang='grc' dir='ltr'>πόνοις</span> <span class='ocrx_word' id='word_1_752' title='bbox 510 5180 760 5249; x_wconf 73' lang='grc' dir='ltr'>εὖχονται</span> <span class='ocrx_word' id='word_1_753' title='bbox 788 5179 984 5249; x_wconf 83' lang='grc' dir='ltr'>πέρας.</span> <span class='ocrx_word' id='word_1_754' title='bbox 1021 5180 1118 5232; x_wconf 79' lang='grc' dir='ltr'>καὶ</span> <span class='ocrx_word' id='word_1_755' title='bbox 1164 5179 1240 5237; x_wconf 77' lang='grc' dir='ltr'><strong>ὡς</strong></span> <span class='ocrx_word' id='word_1_756' title='bbox 1282 5182 1558 5250; x_wconf 78' lang='grc' dir='ltr'>ἀπατήσει</span> <span class='ocrx_word' id='word_1_757' title='bbox 1599 5183 1666 5236; x_wconf 78' lang='grc' dir='ltr'>τὰ</span> <span class='ocrx_word' id='word_1_758' title='bbox 1709 5185 1861 5253; x_wconf 72' lang='grc' dir='ltr'>παρὰ</span> 
     </span>
    </p>
   </div>
   <div class='ocr_carea' id='block_1_102' title="bbox 294 5270 1861 5343">
    <p class='ocr_par' dir='ltr' id='par_1_102' title="bbox 294 5270 1861 5343">
     <span class='ocr_line' id='line_1_102' title="bbox 294 5270 1861 5343; baseline 0.001 -19"><span class='ocrx_word' id='word_1_759' title='bbox 294 5272 400 5324; x_wconf 85' lang='grc' dir='ltr'><strong>τῶν</strong></span> <span class='ocrx_word' id='word_1_760' title='bbox 432 5271 607 5339; x_wconf 80' lang='grc' dir='ltr'>εὐχῶν</span> <span class='ocrx_word' id='word_1_761' title='bbox 644 5270 863 5334; x_wconf 84' lang='grc' dir='ltr'>αὐτίκα,</span> <span class='ocrx_word' id='word_1_762' title='bbox 898 5271 1042 5340; x_wconf 84' lang='grc' dir='ltr'>μάλα</span> <span class='ocrx_word' id='word_1_763' title='bbox 1074 5271 1259 5336; x_wconf 82' lang='grc' dir='ltr'>σαφῶς</span> <span class='ocrx_word' id='word_1_764' title='bbox 1293 5272 1649 5338; x_wconf 80' lang='grc' dir='ltr'>γινώσκουσι.</span> <span class='ocrx_word' id='word_1_765' title='bbox 1686 5274 1861 5343; x_wconf 83' lang='grc' dir='ltr'>Μερι-</span> 
     </span>
    </p>
   </div>
   <div class='ocr_carea' id='block_1_103' title="bbox 300 5360 1862 5434">
    <p class='ocr_par' dir='ltr' id='par_1_103' title="bbox 300 5360 1862 5434">
     <span class='ocr_line' id='line_1_103' title="bbox 300 5360 1862 5434; baseline 0.003 -21"><span class='ocrx_word' id='word_1_766' title='bbox 300 5361 475 5432; x_wconf 82' lang='grc' dir='ltr'>μνῷεν</span> <span class='ocrx_word' id='word_1_767' title='bbox 506 5362 616 5431; x_wconf 74' lang='grc' dir='ltr'>γὰρ</span> <span class='ocrx_word' id='word_1_768' title='bbox 646 5362 710 5415; x_wconf 77' lang='grc' dir='ltr'>ἂν</span> <span class='ocrx_word' id='word_1_769' title='bbox 736 5362 766 5429; x_wconf 80' lang='grc' dir='ltr'>ἢ</span> <span class='ocrx_word' id='word_1_770' title='bbox 794 5360 905 5412; x_wconf 90' lang='grc' dir='ltr'><strong>τῶν</strong></span> <span class='ocrx_word' id='word_1_771' title='bbox 937 5363 1186 5431; x_wconf 81' lang='grc' dir='ltr'>πενήτων</span> <span class='ocrx_word' id='word_1_772' title='bbox 1216 5362 1264 5414; x_wconf 81' lang='grc' dir='ltr'>οἳ</span> <span class='ocrx_word' id='word_1_773' title='bbox 1297 5363 1503 5431; x_wconf 81' lang='grc' dir='ltr'>τρυφῆς</span> <span class='ocrx_word' id='word_1_774' title='bbox 1535 5364 1862 5434; x_wconf 75' lang='grc' dir='ltr'>ἐπιθυμοῦν-</span> 
     </span>
    </p>
   </div>
   <div class='ocr_carea' id='block_1_104' title="bbox 298 5450 1859 5523">
    <p class='ocr_par' dir='ltr' id='par_1_104' title="bbox 298 5450 1859 5523">
     <span class='ocr_line' id='line_1_104' title="bbox 298 5450 1859 5523; baseline 0.003 -21"><span class='ocrx_word' id='word_1_775' title='bbox 298 5469 383 5514; x_wconf 86' lang='grc' dir='ltr'><strong>τες</strong></span> <span class='ocrx_word' id='word_1_776' title='bbox 432 5451 604 5520; x_wconf 76' lang='grc' dir='ltr'>μείζω</span> <span class='ocrx_word' id='word_1_777' title='bbox 642 5451 752 5502; x_wconf 87' lang='grc' dir='ltr'><strong>τῶν</strong></span> <span class='ocrx_word' id='word_1_778' title='bbox 804 5451 972 5502; x_wconf 75' lang='grc' dir='ltr'>ὄντων</span> <span class='ocrx_word' id='word_1_779' title='bbox 1034 5450 1134 5519; x_wconf 78' lang='grc' dir='ltr'>τὴν</span> <span class='ocrx_word' id='word_1_780' title='bbox 1187 5452 1325 5519; x_wconf 78' lang='grc' dir='ltr'>πρὸς</span> <span class='ocrx_word' id='word_1_781' title='bbox 1371 5454 1460 5505; x_wconf 74' lang='grc' dir='ltr'>τὸν</span> <span class='ocrx_word' id='word_1_782' title='bbox 1491 5453 1605 5521; x_wconf 82' lang='grc' dir='ltr'>βίον</span> <span class='ocrx_word' id='word_1_783' title='bbox 1636 5455 1859 5523; x_wconf 78' lang='grc' dir='ltr'>ζητοῦσι</span> 
     </span>
    </p>
   </div>
   <div class='ocr_carea' id='block_1_105' title="bbox 299 5538 1860 5617">
    <p class='ocr_par' dir='ltr' id='par_1_105' title="bbox 299 5538 1860 5617">
     <span class='ocr_line' id='line_1_105' title="bbox 299 5538 1860 5617; baseline 0.003 -23"><span class='ocrx_word' id='word_1_784' title='bbox 299 5543 677 5612; x_wconf 76' lang='grc' dir='ltr'>παρασκευὴν,</span> <span class='ocrx_word' id='word_1_785' title='bbox 710 5543 741 5611; x_wconf 77' lang='grc' dir='ltr'>ἢ</span> <span class='ocrx_word' id='word_1_786' title='bbox 770 5543 879 5593; x_wconf 85' lang='grc' dir='ltr'><strong>τῶν</strong></span> <span class='ocrx_word' id='word_1_787' title='bbox 925 5543 1301 5595; x_wconf 79' lang='grc' dir='ltr'>πλουτούντων</span> <span class='ocrx_word' id='word_1_788' title='bbox 1330 5538 1409 5603; x_wconf 74' lang='grc' dir='ltr'>οἷς</span> <span class='ocrx_word' id='word_1_789' title='bbox 1449 5546 1555 5611; x_wconf 74' lang='grc' dir='ltr'><strong>πρὸ</strong></span> <span class='ocrx_word' id='word_1_790' title='bbox 1587 5547 1695 5598; x_wconf 85' lang='grc' dir='ltr'><strong>τῶν</strong></span> <span class='ocrx_word' id='word_1_791' title='bbox 1726 5565 1860 5617; x_wconf 84' lang='grc' dir='ltr'>χρη-</span> 
     </span>
    </p>
   </div>
   <div class='ocr_carea' id='block_1_106' title="bbox 300 5631 1855 5705">
    <p class='ocr_par' dir='ltr' id='par_1_106' title="bbox 300 5631 1855 5705">
     <span class='ocr_line' id='line_1_106' title="bbox 300 5631 1855 5705; baseline 0.001 -20"><span class='ocrx_word' id='word_1_792' title='bbox 300 5635 479 5701; x_wconf 79' lang='grc' dir='ltr'>μάτων</span> <span class='ocrx_word' id='word_1_793' title='bbox 508 5634 686 5698; x_wconf 82' lang='grc' dir='ltr'>οὐδὲν,</span> <span class='ocrx_word' id='word_1_794' title='bbox 718 5631 768 5685; x_wconf 76' lang='grc' dir='ltr'>οἱ</span> <span class='ocrx_word' id='word_1_795' title='bbox 803 5634 1073 5704; x_wconf 85' lang='grc' dir='ltr'>μενόντων</span> <span class='ocrx_word' id='word_1_796' title='bbox 1106 5653 1166 5687; x_wconf 91' lang='grc' dir='ltr'><strong>τε</strong></span> <span class='ocrx_word' id='word_1_797' title='bbox 1196 5634 1325 5705; x_wconf 84' lang='grc' dir='ltr'>παρ’</span> <span class='ocrx_word' id='word_1_798' title='bbox 1358 5637 1541 5699; x_wconf 82' lang='grc' dir='ltr'>αὐτοῖς</span> <span class='ocrx_word' id='word_1_799' title='bbox 1572 5638 1855 5705; x_wconf 82' lang='grc' dir='ltr'>τρέμουσι,</span> 
     </span>
    </p>
   </div>
   <div class='ocr_carea' id='block_1_107' title="bbox 304 5722 1855 5796">
    <p class='ocr_par' dir='ltr' id='par_1_107' title="bbox 304 5722 1855 5796">
     <span class='ocr_line' id='line_1_107' title="bbox 304 5722 1855 5796; baseline -0.008 -4"><span class='ocrx_word' id='word_1_800' title='bbox 304 5726 375 5793; x_wconf 64' lang='grc' dir='ltr'><strong>μὴ</strong></span> <span class='ocrx_word' id='word_1_801' title='bbox 402 5726 640 5794; x_wconf 61' lang='grc' dir='ltr'>φυγόντα</span> <span class='ocrx_word' id='word_1_802' title='bbox 673 5722 882 5777; x_wconf 72' lang='grc' dir='ltr'>λάθωσι</span> <span class='ocrx_word' id='word_1_803' title='bbox 929 5726 1022 5778; x_wconf 74' lang='grc' dir='ltr'><strong>καὶ</strong></span> <span class='ocrx_word' id='word_1_804' title='bbox 1048 5726 1427 5796; x_wconf 82' lang='grc' dir='ltr'>ἀναλουμένων</span> <span class='ocrx_word' id='word_1_805' title='bbox 1468 5726 1714 5794; x_wconf 84' lang='grc' dir='ltr'>ἀλγοῦσι,</span> <span class='ocrx_word' id='word_1_806' title='bbox 1750 5728 1855 5783; x_wconf 70' lang='grc' dir='ltr'>κᾶν</span> 
     </span>
    </p>
   </div>
   <div class='ocr_carea' id='block_1_108' title="bbox 1969 4535 3530 4593">
    <p class='ocr_par' dir='ltr' id='par_1_108' title="bbox 1969 4535 3530 4593">
     <span class='ocr_line' id='line_1_108' title="bbox 1969 4535 3530 4593; baseline 0.004 -7"><span class='ocrx_word' id='word_1_807' title='bbox 1969 4542 2090 4586; x_wconf 91' lang='lat' dir='ltr'><strong>rant</strong></span> <span class='ocrx_word' id='word_1_808' title='bbox 2116 4543 2370 4587; x_wconf 86' lang='lat' dir='ltr'><strong>neutrum</strong></span> <span class='ocrx_word' id='word_1_809' title='bbox 2403 4535 2604 4589; x_wconf 83' lang='lat' dir='ltr'><strong>animis</strong></span> <span class='ocrx_word' id='word_1_810' title='bbox 2643 4535 2696 4589; x_wconf 92' lang='lat' dir='ltr'><strong>in</strong></span> <span class='ocrx_word' id='word_1_811' title='bbox 2729 4535 2949 4591; x_wconf 86' lang='lat' dir='ltr'><strong>Christo</strong></span> <span class='ocrx_word' id='word_1_812' title='bbox 2978 4537 3271 4591; x_wconf 88' lang='lat' dir='ltr'><strong>viventium</strong></span> <span class='ocrx_word' id='word_1_813' title='bbox 3316 4542 3530 4593; x_wconf 80' lang='lat' dir='ltr'><strong>turbam</strong></span> 
     </span>
    </p>
   </div>
   <div class='ocr_carea' id='block_1_109' title="bbox 1966 4626 3520 4688">
    <p class='ocr_par' dir='ltr' id='par_1_109' title="bbox 1966 4626 3520 4688">
     <span class='ocr_line' id='line_1_109' title="bbox 1966 4626 3520 4688; baseline 0.005 -11"><span class='ocrx_word' id='word_1_814' title='bbox 1966 4633 2153 4688; x_wconf 86' lang='lat' dir='ltr'><strong>creat,</strong></span> <span class='ocrx_word' id='word_1_815' title='bbox 2184 4639 2408 4679; x_wconf 87' lang='lat' dir='ltr'><strong>necesse</strong></span> <span class='ocrx_word' id='word_1_816' title='bbox 2441 4634 2522 4680; x_wconf 89' lang='lat' dir='ltr'><strong>est</strong></span> <span class='ocrx_word' id='word_1_817' title='bbox 2546 4636 2600 4679; x_wconf 91' lang='lat' dir='ltr'><strong>ut</strong></span> <span class='ocrx_word' id='word_1_818' title='bbox 2632 4641 2663 4679; x_wconf 86' lang='lat' dir='ltr'><strong>a</strong></span> <span class='ocrx_word' id='word_1_819' title='bbox 2697 4626 2963 4680; x_wconf 91' lang='lat' dir='ltr'><strong>malorum</strong></span> <span class='ocrx_word' id='word_1_820' title='bbox 2993 4628 3360 4684; x_wconf 88' lang='lat' dir='ltr'><strong>sollicitudine</strong></span> <span class='ocrx_word' id='word_1_821' title='bbox 3395 4632 3520 4684; x_wconf 87' lang='lat' dir='ltr'><strong>libe-</strong></span> 
     </span>
    </p>
   </div>
   <div class='ocr_carea' id='block_1_110' title="bbox 1966 4715 3530 4787">
    <p class='ocr_par' dir='ltr' id='par_1_110' title="bbox 1966 4715 3530 4787">
     <span class='ocr_line' id='line_1_110' title="bbox 1966 4715 3530 4787; baseline 0.005 -18"><span class='ocrx_word' id='word_1_822' title='bbox 1966 4725 2174 4770; x_wconf 69' lang='lat' dir='ltr'><strong>rentur.</strong></span> <span class='ocrx_word' id='word_1_823' title='bbox 2210 4715 2353 4770; x_wconf 88' lang='lat' dir='ltr'><strong>Nulli</strong></span> <span class='ocrx_word' id='word_1_824' title='bbox 2396 4717 2538 4771; x_wconf 91' lang='lat' dir='ltr'><strong>enim</strong></span> <span class='ocrx_word' id='word_1_825' title='bbox 2574 4722 2919 4787; x_wconf 68' lang='lat' dir='ltr'><strong>praesentium</strong></span> <span class='ocrx_word' id='word_1_826' title='bbox 2968 4720 3178 4775; x_wconf 85' lang='lat' dir='ltr'><strong>fortiter</strong></span> <span class='ocrx_word' id='word_1_827' title='bbox 3234 4726 3530 4786; x_wconf 68' lang='lat' dir='ltr'><strong>adhmrent,</strong></span> 
     </span>
    </p>
   </div>
   <div class='ocr_carea' id='block_1_111' title="bbox 1965 4808 3530 4885">
    <p class='ocr_par' dir='ltr' id='par_1_111' title="bbox 1965 4808 3530 4885">
     <span class='ocr_line' id='line_1_111' title="bbox 1965 4808 3530 4885; baseline 0.005 -21"><span class='ocrx_word' id='word_1_828' title='bbox 1965 4811 2076 4864; x_wconf 88' lang='lat' dir='ltr'><strong>imo</strong></span> <span class='ocrx_word' id='word_1_829' title='bbox 2126 4810 2170 4863; x_wconf 92' lang='lat' dir='ltr'><strong>si</strong></span> <span class='ocrx_word' id='word_1_830' title='bbox 2210 4808 2339 4879; x_wconf 87' lang='lat' dir='ltr'><strong>quid</strong></span> <span class='ocrx_word' id='word_1_831' title='bbox 2382 4810 2448 4863; x_wconf 91' lang='lat' dir='ltr'><strong>ad</strong></span> <span class='ocrx_word' id='word_1_832' title='bbox 2494 4812 2739 4879; x_wconf 85' lang='lat' dir='ltr'><strong>corporis</strong></span> <span class='ocrx_word' id='word_1_833' title='bbox 2794 4813 3169 4869; x_wconf 87' lang='lat' dir='ltr'><strong>necessitatem</strong></span> <span class='ocrx_word' id='word_1_834' title='bbox 3218 4829 3530 4885; x_wconf 89' lang='lat' dir='ltr'><strong>operentur,</strong></span> 
     </span>
    </p>
   </div>
   <div class='ocr_carea' id='block_1_112' title="bbox 1966 4900 3530 4978">
    <p class='ocr_par' dir='ltr' id='par_1_112' title="bbox 1966 4900 3530 4978">
     <span class='ocr_line' id='line_1_112' title="bbox 1966 4900 3530 4978; baseline 0.006 -24"><span class='ocrx_word' id='word_1_835' title='bbox 1966 4901 2130 4954; x_wconf 90' lang='lat' dir='ltr'><strong>studii</strong></span> <span class='ocrx_word' id='word_1_836' title='bbox 2183 4900 2344 4955; x_wconf 85' lang='lat' dir='ltr'><strong>linem</strong></span> <span class='ocrx_word' id='word_1_837' title='bbox 2386 4917 2598 4971; x_wconf 84' lang='lat' dir='ltr'><strong>semper</strong></span> <span class='ocrx_word' id='word_1_838' title='bbox 2643 4903 2825 4973; x_wconf 87' lang='lat' dir='ltr'><strong>aliquo</strong></span> <span class='ocrx_word' id='word_1_839' title='bbox 2872 4906 3058 4959; x_wconf 88' lang='lat' dir='ltr'><strong>saltem</strong></span> <span class='ocrx_word' id='word_1_840' title='bbox 3125 4908 3285 4961; x_wconf 86' lang='lat' dir='ltr'><strong>modo</strong></span> <span class='ocrx_word' id='word_1_841' title='bbox 3326 4925 3530 4978; x_wconf 75' lang='lat' dir='ltr'><strong>cogno-</strong></span> 
     </span>
    </p>
   </div>
   <div class='ocr_carea' id='block_1_113' title="bbox 1964 4993 3530 5064">
    <p class='ocr_par' dir='ltr' id='par_1_113' title="bbox 1964 4993 3530 5064">
     <span class='ocr_line' id='line_1_113' title="bbox 1964 4993 3530 5064; baseline 0.005 -17"><span class='ocrx_word' id='word_1_842' title='bbox 1964 5003 2156 5047; x_wconf 84' lang='lat' dir='ltr'><strong>scunt:</strong></span> <span class='ocrx_word' id='word_1_843' title='bbox 2190 4995 2334 5061; x_wconf 89' lang='lat' dir='ltr'><strong>quod</strong></span> <span class='ocrx_word' id='word_1_844' title='bbox 2351 4993 2495 5048; x_wconf 88' lang='lat' dir='ltr'><strong>enim</strong></span> <span class='ocrx_word' id='word_1_845' title='bbox 2536 4993 2645 5049; x_wconf 87' lang='lat' dir='ltr'><strong>Deo</strong></span> <span class='ocrx_word' id='word_1_846' title='bbox 2688 4993 3080 5063; x_wconf 87' lang='lat' dir='ltr'><strong>beneplacitum</strong></span> <span class='ocrx_word' id='word_1_847' title='bbox 3114 5008 3217 5064; x_wconf 89' lang='lat' dir='ltr'><strong>est,</strong></span> <span class='ocrx_word' id='word_1_848' title='bbox 3249 4999 3530 5055; x_wconf 83' lang='lat' dir='ltr'><strong>laboribus</strong></span> 
     </span>
    </p>
   </div>
   <div class='ocr_carea' id='block_1_114' title="bbox 1964 5085 3529 5155">
    <p class='ocr_par' dir='ltr' id='par_1_114' title="bbox 1964 5085 3529 5155">
     <span class='ocr_line' id='line_1_114' title="bbox 1964 5085 3529 5155; baseline 0.004 -16"><span class='ocrx_word' id='word_1_849' title='bbox 1964 5096 2223 5154; x_wconf 79' lang='lat' dir='ltr'><strong>exoptant</strong></span> <span class='ocrx_word' id='word_1_850' title='bbox 2268 5100 2390 5140; x_wconf 86' lang='lat' dir='ltr'><strong>esse</strong></span> <span class='ocrx_word' id='word_1_851' title='bbox 2444 5085 2626 5149; x_wconf 84' lang='lat' dir='ltr'><strong>linem,</strong></span> <span class='ocrx_word' id='word_1_852' title='bbox 2660 5096 2714 5139; x_wconf 88' lang='lat' dir='ltr'><strong>et</strong></span> <span class='ocrx_word' id='word_1_853' title='bbox 2760 5103 2822 5142; x_wconf 89' lang='lat' dir='ltr'><strong>ea</strong></span> <span class='ocrx_word' id='word_1_854' title='bbox 2855 5104 2971 5155; x_wconf 69' lang='lat' dir='ltr'><strong>qua!</strong></span> <span class='ocrx_word' id='word_1_855' title='bbox 3016 5090 3223 5144; x_wconf 89' lang='lat' dir='ltr'><strong>suntin</strong></span> <span class='ocrx_word' id='word_1_856' title='bbox 3266 5092 3404 5146; x_wconf 88' lang='lat' dir='ltr'><strong>votis</strong></span> <span class='ocrx_word' id='word_1_857' title='bbox 3436 5094 3529 5145; x_wconf 84' lang='lat' dir='ltr'><strong>de-</strong></span> 
     </span>
    </p>
   </div>
   <div class='ocr_carea' id='block_1_115' title="bbox 1963 5179 3531 5250">
    <p class='ocr_par' dir='ltr' id='par_1_115' title="bbox 1963 5179 3531 5250">
     <span class='ocr_line' id='line_1_115' title="bbox 1963 5179 3531 5250; baseline 0.001 -19"><span class='ocrx_word' id='word_1_858' title='bbox 1963 5180 2200 5248; x_wconf 85' lang='lat' dir='ltr'><strong>ceptioni</strong></span> <span class='ocrx_word' id='word_1_859' title='bbox 2228 5194 2349 5233; x_wconf 90' lang='lat' dir='ltr'><strong>esse</strong></span> <span class='ocrx_word' id='word_1_860' title='bbox 2374 5179 2640 5248; x_wconf 84' lang='lat' dir='ltr'><strong>subjecta,</strong></span> <span class='ocrx_word' id='word_1_861' title='bbox 2676 5181 2843 5248; x_wconf 87' lang='lat' dir='ltr'><strong>probe</strong></span> <span class='ocrx_word' id='word_1_862' title='bbox 2867 5190 3091 5236; x_wconf 89' lang='lat' dir='ltr'><strong>norunt.</strong></span> <span class='ocrx_word' id='word_1_863' title='bbox 3116 5183 3343 5236; x_wconf 91' lang='lat' dir='ltr'><strong>Solliciti</strong></span> <span class='ocrx_word' id='word_1_864' title='bbox 3374 5182 3531 5250; x_wconf 86' lang='lat' dir='ltr'><strong>quip-</strong></span> 
     </span>
    </p>
   </div>
   <div class='ocr_carea' id='block_1_116' title="bbox 1964 5273 3526 5342">
    <p class='ocr_par' dir='ltr' id='par_1_116' title="bbox 1964 5273 3526 5342">
     <span class='ocr_line' id='line_1_116' title="bbox 1964 5273 3526 5342; baseline 0 -16"><span class='ocrx_word' id='word_1_865' title='bbox 1964 5288 2027 5341; x_wconf 89' lang='lat' dir='ltr'><strong>pe</strong></span> <span class='ocrx_word' id='word_1_866' title='bbox 2053 5273 2230 5326; x_wconf 86' lang='lat' dir='ltr'><strong>forent</strong></span> <span class='ocrx_word' id='word_1_867' title='bbox 2255 5273 2397 5326; x_wconf 85' lang='lat' dir='ltr'><strong>circa</strong></span> <span class='ocrx_word' id='word_1_868' title='bbox 2428 5287 2713 5342; x_wconf 87' lang='lat' dir='ltr'><strong>pauperes,</strong></span> <span class='ocrx_word' id='word_1_869' title='bbox 2732 5273 2822 5341; x_wconf 91' lang='lat' dir='ltr'><strong>qui</strong></span> <span class='ocrx_word' id='word_1_870' title='bbox 2846 5273 3055 5329; x_wconf 85' lang='lat' dir='ltr'><strong>deliciis</strong></span> <span class='ocrx_word' id='word_1_871' title='bbox 3079 5274 3242 5327; x_wconf 87' lang='lat' dir='ltr'><strong>dediti</strong></span> <span class='ocrx_word' id='word_1_872' title='bbox 3267 5275 3526 5340; x_wconf 85' lang='lat' dir='ltr'><strong>majorem</strong></span> 
     </span>
    </p>
   </div>
   <div class='ocr_carea' id='block_1_117' title="bbox 1962 5362 3525 5433">
    <p class='ocr_par' dir='ltr' id='par_1_117' title="bbox 1962 5362 3525 5433">
     <span class='ocr_line' id='line_1_117' title="bbox 1962 5362 3525 5433; baseline -0.001 -17"><span class='ocrx_word' id='word_1_873' title='bbox 1962 5362 2027 5416; x_wconf 86' lang='lat' dir='ltr'><strong>ad</strong></span> <span class='ocrx_word' id='word_1_874' title='bbox 2064 5363 2267 5416; x_wconf 88' lang='lat' dir='ltr'><strong>victum</strong></span> <span class='ocrx_word' id='word_1_875' title='bbox 2313 5363 2670 5417; x_wconf 87' lang='lat' dir='ltr'><strong>substantiam</strong></span> <span class='ocrx_word' id='word_1_876' title='bbox 2712 5374 2983 5433; x_wconf 74' lang='lat' dir='ltr'><strong>quaerunt,</strong></span> <span class='ocrx_word' id='word_1_877' title='bbox 3013 5374 3104 5417; x_wconf 91' lang='lat' dir='ltr'><strong>ant</strong></span> <span class='ocrx_word' id='word_1_878' title='bbox 3147 5365 3291 5417; x_wconf 86' lang='lat' dir='ltr'><strong>circa</strong></span> <span class='ocrx_word' id='word_1_879' title='bbox 3332 5363 3525 5415; x_wconf 64' lang='lat' dir='ltr'><strong>divites</strong></span> 
     </span>
    </p>
   </div>
   <div class='ocr_carea' id='block_1_118' title="bbox 1961 5453 3525 5524">
    <p class='ocr_par' dir='ltr' id='par_1_118' title="bbox 1961 5453 3525 5524">
     <span class='ocr_line' id='line_1_118' title="bbox 1961 5453 3525 5524; baseline 0.001 -19"><span class='ocrx_word' id='word_1_880' title='bbox 1961 5454 2164 5523; x_wconf 90' lang='lat' dir='ltr'><strong>quibus</strong></span> <span class='ocrx_word' id='word_1_881' title='bbox 2200 5453 2334 5505; x_wconf 88' lang='lat' dir='ltr'><strong>nihil</strong></span> <span class='ocrx_word' id='word_1_882' title='bbox 2360 5462 2443 5505; x_wconf 85' lang='lat' dir='ltr'><strong>est</strong></span> <span class='ocrx_word' id='word_1_883' title='bbox 2471 5453 2644 5523; x_wconf 86' lang='lat' dir='ltr'><strong>majus</strong></span> <span class='ocrx_word' id='word_1_884' title='bbox 2672 5454 2894 5518; x_wconf 89' lang='lat' dir='ltr'><strong>divitiis,</strong></span> <span class='ocrx_word' id='word_1_885' title='bbox 2919 5455 3034 5524; x_wconf 88' lang='lat' dir='ltr'><strong>qui,</strong></span> <span class='ocrx_word' id='word_1_886' title='bbox 3073 5455 3154 5507; x_wconf 91' lang='lat' dir='ltr'><strong>his</strong></span> <span class='ocrx_word' id='word_1_887' title='bbox 3180 5454 3525 5506; x_wconf 76' lang='lat' dir='ltr'><strong>manentibus</strong></span> 
     </span>
    </p>
   </div>
   <div class='ocr_carea' id='block_1_119' title="bbox 1960 5544 3523 5613">
    <p class='ocr_par' dir='ltr' id='par_1_119' title="bbox 1960 5544 3523 5613">
     <span class='ocr_line' id='line_1_119' title="bbox 1960 5544 3523 5613; baseline -0.001 -16"><span class='ocrx_word' id='word_1_888' title='bbox 1960 5546 2104 5613; x_wconf 87' lang='lat' dir='ltr'><strong>apud</strong></span> <span class='ocrx_word' id='word_1_889' title='bbox 2139 5546 2303 5611; x_wconf 86' lang='lat' dir='ltr'><strong>ipsos.</strong></span> <span class='ocrx_word' id='word_1_890' title='bbox 2332 5551 2592 5605; x_wconf 80' lang='lat' dir='ltr'><strong>tremunt,</strong></span> <span class='ocrx_word' id='word_1_891' title='bbox 2632 5559 2697 5597; x_wconf 89' lang='lat' dir='ltr'><strong>ne</strong></span> <span class='ocrx_word' id='word_1_892' title='bbox 2737 5544 2974 5613; x_wconf 75' lang='lat' dir='ltr'><strong>fugitiva:</strong></span> <span class='ocrx_word' id='word_1_893' title='bbox 3005 5545 3271 5604; x_wconf 68' lang='lat' dir='ltr'><strong>labantur,</strong></span> <span class='ocrx_word' id='word_1_894' title='bbox 3302 5554 3354 5596; x_wconf 90' lang='lat' dir='ltr'><strong>et</strong></span> <span class='ocrx_word' id='word_1_895' title='bbox 3392 5559 3523 5597; x_wconf 88' lang='lat' dir='ltr'><strong>eon-</strong></span> 
     </span>
    </p>
   </div>
   <div class='ocr_carea' id='block_1_120' title="bbox 1961 5634 3523 5703">
    <p class='ocr_par' dir='ltr' id='par_1_120' title="bbox 1961 5634 3523 5703">
     <span class='ocr_line' id='line_1_120' title="bbox 1961 5634 3523 5703; baseline 0 -15"><span class='ocrx_word' id='word_1_896' title='bbox 1961 5635 2212 5703; x_wconf 85' lang='lat' dir='ltr'><strong>sumptis,</strong></span> <span class='ocrx_word' id='word_1_897' title='bbox 2239 5634 2442 5694; x_wconf 85' lang='lat' dir='ltr'><strong>dolent,</strong></span> <span class='ocrx_word' id='word_1_898' title='bbox 2470 5634 2683 5689; x_wconf 82' lang='lat' dir='ltr'><strong>etiamsi</strong></span> <span class='ocrx_word' id='word_1_899' title='bbox 2728 5634 2793 5687; x_wconf 88' lang='lat' dir='ltr'><strong>ad</strong></span> <span class='ocrx_word' id='word_1_900' title='bbox 2820 5649 2883 5688; x_wconf 88' lang='lat' dir='ltr'><strong>ca</strong></span> <span class='ocrx_word' id='word_1_901' title='bbox 2918 5649 3037 5703; x_wconf 69' lang='lat' dir='ltr'><strong>qua:</strong></span> <span class='ocrx_word' id='word_1_902' title='bbox 3067 5635 3302 5687; x_wconf 82' lang='lat' dir='ltr'><strong>maxime</strong></span> <span class='ocrx_word' id='word_1_903' title='bbox 3331 5648 3523 5688; x_wconf 86' lang='lat' dir='ltr'><strong>neces-</strong></span> 
     </span>
    </p>
   </div>
   <div class='ocr_carea' id='block_1_121' title="bbox 1960 5725 3525 5797">
    <p class='ocr_par' dir='ltr' id='par_1_121' title="bbox 1960 5725 3525 5797">
     <span class='ocr_line' id='line_1_121' title="bbox 1960 5725 3525 5797; baseline -0.001 -12"><span class='ocrx_word' id='word_1_904' title='bbox 1960 5726 2105 5785; x_wconf 83' lang='lat' dir='ltr'><strong>saria</strong></span> <span class='ocrx_word' id='word_1_905' title='bbox 2147 5734 2271 5782; x_wconf 88' lang='lat' dir='ltr'><strong>sunt</strong></span> <span class='ocrx_word' id='word_1_906' title='bbox 2317 5725 2566 5797; x_wconf 82' lang='lat' dir='ltr'><strong>corpoii,</strong></span> <span class='ocrx_word' id='word_1_907' title='bbox 2605 5727 2892 5796; x_wconf 78' lang='lat' dir='ltr'><strong>insumpta:</strong></span> <span class='ocrx_word' id='word_1_908' title='bbox 2948 5725 3074 5792; x_wconf 88' lang='lat' dir='ltr'><strong>sint,</strong></span> <span class='ocrx_word' id='word_1_909' title='bbox 3120 5732 3173 5780; x_wconf 84' lang='lat' dir='ltr'><strong>et</strong></span> <span class='ocrx_word' id='word_1_910' title='bbox 3221 5726 3525 5797; x_wconf 67' lang='lat' dir='ltr'><strong>prmsertim</strong></span> 
     </span>
    </p>
   </div>
  </div>
