3982 6208
393 282 501 342 i599

1624 284 1935 344 NICOLAI
1976 284 2372 345 ΟΑΒΛὸΗυἘ

3548 281 3651 344 ’ἷθο

392 402 520 471 quia
556 400 772 453 illarum
806 400 940 453 adeo
973 407 1103 453 sunt
1133 407 1406 452 amatores
1439 408 1496 452 ut
1529 399 1741 460 malint,
1772 400 1969 453 eximie

2093 404 2154 466 ίίς
2190 404 2224 458 ἃ
2247 404 2330 456 δεῖ
2361 405 2596 472 μάλιστα
2623 405 2702 474 τῷ
2729 404 2942 473 σώματι
2964 403 3272 466 δαπανῶσι,
3297 404 3390 456 καὶ
3416 404 3654 471 μάλιστα

392 495 603 549 nullum
681 493 1042 561 percipientes
1106 494 1480 555 commodum,
1535 508 1752 562 semper
1819 493 1970 546 intus

394 589 658 652 retinere,
718 601 881 654 quam
961 585 1232 654 projicere
1304 587 1590 642 thesauros
1661 587 1727 640 ad
1783 587 1973 656 acqui-

393 677 560 730 renda
645 677 954 729 necessaria
983 715 997 739 ,
1031 677 1229 730 deinde
1274 678 1418 746 quod
1466 680 1679 742 timent,
1728 695 1795 733 ne
1837 680 1972 746 ipsis

393 771 446 821 in
479 784 675 821 vanum
714 749 1136 836 sitcxpcnsum,
1179 771 1245 823 de
1291 772 1540 826 laborum
1593 774 1698 826 line
1748 774 1974 828 minime

391 861 604 923 confisi,
632 861 898 928 siquidem
923 878 952 915 ο
987 879 1146 917 manu
1177 864 1266 918 Dei
1297 881 1447 934 spem
1489 868 1747 935 pendere,
1797 878 1974 923 stante

395 949 658 1020 ﬁrmaque
706 967 786 1016 re,
830 969 936 1007 non
985 965 1203 1017 currant,
1245 957 1337 1009 sed
1384 958 1435 1010 iu
1481 958 1567 1012 his
1610 974 1731 1024 quae
1777 968 1968 1028 agunt.

395 1041 750 1109 sibimetipsis
791 1045 1020 1112 suisque
1054 1047 1480 1115 cogitationibus
1509 1049 1736 1102 omnino
1767 1048 1971 1114 ﬁdunt;

400 1151 416 1183 ι
457 1149 600 1202 quae,
637 1135 815 1204 inquit
859 1138 1140 1202 Salomon,
1179 1139 1384 1193 timidae
1411 1149 1540 1194 sunt
1583 1149 1637 1192 et
1674 1141 1916 1195 incertae.
1949 1158 1969 1192 ι

401 1224 511 1278 Illis
558 1237 739 1281 autem
786 1230 879 1296 qui
944 1246 1138 1285 omnes
1209 1233 1442 1287 oderunt
1510 1234 1756 1297 delicias,
1790 1235 1972 1288 omnia

395 1318 629 1372 visibilia
677 1320 1010 1388 despiciunt,
1046 1323 1292 1377 omnium
1334 1340 1455 1394 ilum
1485 1341 1586 1394 pro
1615 1326 1975 1396 sibimetipsis

395 1408 479 1462 vel
533 1410 656 1464 aliis
724 1412 1204 1474 iaciunt,iucerua
1252 1417 1632 1470 mandatorum
1691 1418 1977 1484 Dei,velut

395 1500 842 1568 duce,utuntur,
904 1507 1090 1561 omnia
1147 1517 1480 1577 postponunt
1528 1513 1668 1578 spei.
1703 1527 1866 1579 quam
1922 1516 1974 1566 in

395 1593 518 1662 ipso
550 1595 770 1660 habent,
796 1599 937 1665 quod
973 1601 1123 1654 utilia
1167 1602 1301 1670 ipsis
1341 1614 1652 1666 occurrant,
1673 1621 1794 1674 qua:
1821 1607 1976 1662 solii-

395 1687 656 1742 citudinis
705 1691 1004 1746 necessitas
1045 1692 1176 1748 ?Ad
1237 1693 1368 1764 quid
1441 1695 1588 1748 anxii
1639 1705 1822 1752 essent
1874 1714 1975 1768 pro

396 1779 559 1835 rebus
615 1797 755 1850 quas
795 1783 905 1852 jam
965 1783 1103 1840 bene
1158 1787 1496 1854 compositas
1545 1791 1974 1844 noscunt‘lNon

397 1872 542 1926 enim
600 1873 761 1929 ﬁnem
831 1876 945 1930 suis
996 1878 1195 1933 studiis
1256 1894 1684 1950 conscquentem
1734 1884 1982 1939 absolute

398 1978 670 2034 quarunt,
726 1969 822 2023 sed
871 1968 1008 2023 illud
1065 1971 1208 2040 quod
1276 1975 1446 2041 possit
1493 1975 1625 2029 utile
1675 1990 1816 2038 esse,
1881 1993 1983 2032 nec

397 2067 779 2125 exspectantes
810 2061 1030 2117 solliciti
1062 2071 1214 2126 sunt,
1243 2063 1377 2118 bene
1405 2066 1642 2120 scientes
1674 2082 1732 2122 se
1757 2069 1822 2122 ad
1859 2080 1980 2122 vota

400 2156 797 2215 perventuros;
841 2151 1098 2220 quodque
1138 2155 1385 2208 occurrit
1422 2164 1607 2209 amant
1642 2167 1700 2210 ut
1735 2158 1980 2212 omnium

402 2241 782 2308 utilissimum,
835 2245 938 2300 hoc
974 2246 1150 2314 ipsum
1185 2248 1329 2316 quod
1362 2259 1686 2317 rogaveram
1715 2266 1838 2305 esse
1870 2267 1987 2306 cre-

401 2335 612 2390 dentes.
644 2335 711 2389 Et
731 2337 954 2391 omnino
983 2339 1126 2393 sicut
1156 2340 1482 2405 viatoribus,
1530 2352 1818 2409 postquam
1880 2345 1984 2396 du-

401 2437 608 2480 ctorem
631 2428 762 2496 ipsis
792 2439 994 2483 rectam
1019 2431 1184 2486 vitam
1205 2441 1601 2487 monstrantem
1629 2434 1982 2495 invenerunt.

403 2532 472 2571 ne
527 2528 708 2574 errent
762 2523 944 2576 nullus
987 2538 1110 2578 esse
1155 2534 1332 2593 potest
1371 2527 1552 2588 timor,
1581 2542 1678 2580 nec
1729 2527 1864 2595 ipsis
1905 2538 1988 2583 est

401 2611 472 2666 de
500 2613 814 2670 deversorio
839 2616 949 2669 ulla
985 2631 1149 2680 cura;
1193 2617 1258 2669 ad
1298 2618 1548 2671 eumdem
1583 2619 1804 2672 modum
1841 2630 1895 2673 et
1935 2620 1984 2674 ei

402 2706 498 2776 qui
520 2707 703 2760 omnia
733 2715 908 2774 potest
931 2706 998 2761 de
1017 2709 1132 2777 ipso
1155 2722 1319 2762 curas
1340 2709 1763 2774 committentes,
1786 2721 1840 2764 et
1861 2727 1986 2766 eum

405 2797 580 2852 solum
629 2799 752 2852 vita:
804 2798 1090 2867 victusque
1140 2801 1423 2867 praesidem
1449 2809 1857 2872 assuinqptes,a
1882 2804 1991 2856 sol-

406 2887 688 2941 licitudine
735 2887 964 2942 liberant
1000 2889 1100 2957 ipsi
1129 2889 1332 2943 habent
1378 2892 1653 2955 animam;
1704 2902 1763 2946 ut
1817 2894 1989 2948 solius

411 2992 536 3032 vere
555 2978 682 3032 houi
708 2979 918 3033 ratione
946 2979 1154 3045 habita,
1182 2995 1302 3049 quae
1340 2979 1550 3034 Domini
1599 2992 1725 3036 sunt
1769 2993 1983 3048 curent,

2006 1738 2052 1798 Β

2079 497 2178 564 μὲν
2215 497 2292 558 ὡς
2321 497 2385 549 ἂν
2433 499 2615 548 αὐτῶν
2651 497 2864 559 ἀτόπως
2909 496 3167 566 ἐρῶντες,
3201 496 3281 549 ὥσ
3296 514 3342 548 τε
3390 495 3655 566 βούλοιντ’

2076 589 2146 641 ἂν
2207 588 2408 657 μᾶλλον
2467 589 2633 657 μηδὲν
2690 589 2902 641 ἐκεῖθεν
2955 588 3370 657 ὠφελουμένους
3417 589 3509 639 τὸν
3569 589 3652 638 ἀεὶ

2076 682 2272 750 χρόνον
2307 680 2456 732 ἔνδον
2485 681 2762 749 κατέχειν,
2793 680 2825 750 ἢ
2857 683 3220 751 προϊεμένους
3252 680 3288 733 ὃ.
3315 681 3396 732 δεῖ
3429 680 3648 746 κερδαί-

2075 790 2190 825 νειν
2220 773 2328 824 τῶν
2369 773 2681 841 θησαυρῶν.
2736 773 2908 825 ἔπειθ’
2949 775 3031 824 ὅτι
3082 773 3209 840 περὶ
3255 773 3353 841 τῆς
3403 771 3650 837 δαπάνης

2076 865 2374 926 δεδοίκασι,
2411 865 2486 935 μὴ
2521 866 2699 935 μάτην
2732 867 2916 925 αὐτοῖς
2943 861 2998 934 ᾖ,
3033 863 3283 934 περὶτοῦ
3327 863 3434 916 τῶν
3479 865 3651 914 πόνων

2075 960 2269 1021 τέλους
2316 960 2523 1030 ἥκιστα
2585 957 2811 1029 θαρρεῖν
2861 957 3207 1025 δυναμένοις,
3264 958 3388 1009 ἐπεὶ
3442 954 3516 1025 μὴ
3556 955 3650 1023 τῆς

2077 1051 2172 1105 τοῦ
2201 1051 2336 1104 Θεοῦ
2370 1051 2556 1120 χειρὸς
2605 1051 2702 1111 τὰς
2745 1050 2965 1110 ἐλπίδας
3013 1048 3244 1116 ἐξῆψαν,
3281 1048 3516 1106 ἑστῶτος
3561 1049 3652 1098 καὶ

2081 1144 2302 1213 βεϐαίου
2335 1144 2682 1212 πράγματος,
2725 1141 2842 1194 ἀλλ’
2887 1143 3103 1203 ἑαυτοῖς
3150 1141 3244 1193 καὶ
3294 1141 3407 1200 τοῖς
3442 1139 3649 1193 ἑαυτῶν

2077 1235 2382 1303 λογισμοῖς,
2415 1236 2475 1287 ἐν
2501 1229 2582 1296 οἷς
2612 1233 2933 1303 πράττουσι,
2971 1233 3028 1286 τὸ
3060 1234 3166 1285 πᾶν
3215 1232 3606 1302 ἐπιτρέπουσιν
3630 1247 3643 1259 ο

2076 1330 2126 1383 οἳ
2161 1349 2178 1380 ι
2214 1328 2379 1381 δειλοί
2405 1327 2465 1380 τέ
2505 1329 2609 1380 εἱσι
2649 1327 2744 1379 καὶ
2769 1326 3113 1394 ἐπισφαλεῖς,
3149 1342 3168 1376 ι
3193 1324 3326 1394 φησὶ
3355 1326 3604 1392 Σολομὼν
3626 1343 3642 1358 ο

2079 1421 2313 1481 ἐκείνοις
2345 1418 2400 1471 δὲ
2434 1420 2614 1471 πᾶσαν
2653 1417 2752 1486 μὲν
2799 1417 3012 1486 τρυφὴν
3071 1414 3312 1485 μισοῦσι,
3346 1415 3562 1466 πάντων
3593 1414 3645 1466 δὲ

2078 1512 2187 1565 τῶν
2222 1511 2519 1580 ὁρωμένων
2554 1510 2886 1580 ὑπερορῶσι,
2932 1507 3156 1560 πάντων
3185 1507 3240 1560 δὲ
3271 1502 3347 1560 ὧν
3382 1506 3651 1574 ἐαυτοῖεῆ

2079 1607 2210 1674 περὶ
2241 1605 2350 1657 τῶν
2403 1604 2582 1657 ἄλλων
2613 1603 2859 1666 πονοῦσι,
2907 1602 2984 1671 τῷ
3014 1602 3194 1670 λύχνῳ
3224 1601 3333 1652 τῶν
3381 1599 3474 1652 τοῦ
3518 1599 3654 1651 Θεοῦ

2081 1699 2266 1764 νόμων
2296 1696 2528 1767 ἡγεμόνι
2555 1695 2898 1766 χρωμένοις,
2947 1693 3084 1762 μετά
3127 1693 3185 1745 δὲ
3233 1692 3332 1759 τῆς
3375 1692 3453 1751 είς
3496 1689 3656 1741 αὐτὸν

2084 1791 2298 1854 ἐλπίδος
2329 1789 2508 1842 πάντα
2543 1787 2779 1849 ποιοῦσι,
2805 1787 2879 1848 ὡς
2912 1784 2972 1837 τὸ
2997 1787 3244 1836 συνοῖσον
3274 1781 3456 1842 αὐτοῖς
3487 1782 3653 1832 ἀπαν-

2081 1884 2262 1952 τήσει,
2314 1881 2402 1942 τίς
2449 1880 2666 1948 ἀνάγκη
2709 1878 3018 1948 μερίμνης;
3069 1875 3187 1929 ἀνθ’
3221 1877 3344 1928 ὅτου
3383 1877 3439 1928 δὲ
3480 1876 3647 1945 ἀγρυ-

2033 2007 2036 2010 ~
2083 1978 2372 2040 πνήσουσι,
2436 1973 2566 2042 περὶ
2593 1966 2669 2024 ὧν
2718 1971 2794 2034 ὡς
2838 1972 2938 2042 ἤδη
2990 1971 3446 2040 κατωρθωμένων
3496 1968 3654 2036 γινὼ-

2084 2083 2342 2130 σκουσινς
2377 2063 2452 2118 Οὐ
2479 2063 2589 2134 γάρ
2619 2064 2678 2116 τὸ
2712 2066 2833 2125 ταῖς
2875 2063 3139 2125 σπουδαῖς
3174 2062 3466 2115 ἀκόλουθον
3508 2063 3660 2125 τέλος

2085 2161 2150 2213 ἐκ
2184 2158 2385 2219 παντὸς
2411 2158 2614 2226 τρόπου
2647 2156 2966 2228 ζητοῦντες,
3000 2155 3114 2208 ἀλλ’
3144 2157 3288 2224 ὅπερ·
3311 2155 3376 2208 ἂν
3411 2156 3663 2222 συνενέγ-

2085 2251 2337 2315 κοι,οῦτε
2373 2251 2662 2320 μέλλοντες
2697 2250 3034 2318 μεριμνῶσι.
3067 2249 3208 2318 μάλα
3243 2248 3432 2316 σαφῶς
3461 2250 3663 2310 εἰδότες

2085 2346 2166 2398 ὅτι
2197 2343 2480 2407 τεύξονται
2511 2343 2622 2394 τῶν
2651 2342 2850 2410 εὐχῶν,
2875 2343 2971 2394 καὶ
3001 2343 3325 2410 στέργουσιν
3353 2342 3663 2409 ἀπαντήσει

2087 2435 2148 2488 τὸ
2175 2436 2395 2487 πάντων
2436 2433 2893 2486 λυσιτελέστατον
2928 2432 3022 2484 καῖ
3054 2433 3191 2500 ὅπερ
3232 2429 3488 2499 ηῦξαντο,
3521 2431 3663 2482 τοῦτ’

2088 2529 2220 2582 αὐτὸ
2251 2527 2602 2585 πιστεύοντες
2656 2521 2820 2578 εἶναι.
2856 2525 2965 2578 Καὶ
2999 2524 3136 2587 ὅλως
3177 2524 3430 2590 καθάπερ
3460 2524 3666 2576 ὁδοιπό-

2093 2637 2226 2690 ροις,
2257 2618 2478 2671 ἐπειδὰν
2511 2615 2732 2684 ἀγωγοῦ
2760 2616 3017 2686 τύχωσιν,
3052 2616 3308 2686 ἡγεῖσθαι
3344 2617 3524 2678 καλῶς
3568 2617 3663 2667 αῦ-

2087 2715 2199 2774 τοῖς
2225 2706 2283 2765 οἷ
2313 2713 2394 2764 δεῖ
2419 2711 2663 2780 βαδίζειν
2707 2710 3101 2780 ἐπισταμένου,
3143 2709 3352 2780 πλάνης
3381 2711 3557 2771 οὐδεὶς
3597 2710 3662 2763 ἂν

2089 2805 2304 2874 γένοιτο
2338 2805 2528 2872 φόῦος,
2570 2803 2681 2856 οὐδ’
2714 2804 2830 2855 ἔστι
2873 2802 3004 2872 περὶ
3035 2802 3126 2855 τοῦ
3158 2802 3540 2870 καταλύματος
3571 2801 3669 2853 αὒ-

2091 2898 2202 2958 τοῖς
2234 2897 2455 2964 φροντὶς
2486 2893 2735 2962 οὐδεμία,
2768 2892 2861 2945 τὸν
2897 2892 3011 2944 [σον
3038 2893 3244 2961 τρόπον
3277 2894 3373 2944 καὶ
3408 2894 3563 2945 αὐτοὶ
3595 2892 3670 2960 τῷ

2093 2989 2272 3043 πάντα
2315 2987 2371 3040 δὲ
2420 2986 2706 3054 δυναμένῳ
2749 2985 2859 3038 τῶν
2894 2984 3022 3052 περὶ
3053 2983 3216 3037 αὑτοῦ
3251 2984 3550 3053 φροντίδων
3582 2985 3672 3035 ὲκ-

409 3077 466 3124 et
518 3069 745 3122 timeant
795 3081 850 3124 et
880 3071 1149 3125 eDomini
1209 3075 1478 3128 sententia
1526 3075 1824 3143 patiantur.
1893 3075 1988 3132 Hic

2096 3081 2326 3141 στάντες
2361 3081 2458 3133 καὶ
2482 3076 2674 3132 τοῦτον
2706 3076 2822 3146 βίου
2851 3077 2946 3130 καὶ
2985 3075 3086 3144 τῆς
3117 3077 3246 3145 περὶ
3281 3074 3470 3128 τοῦτον
3507 3092 3673 3127 σπευ-

407 3162 554 3217 enim
589 3177 695 3215 non
727 3161 1086 3230 sibimetipsis
1116 3173 1348 3232 tantum,
1370 3166 1463 3221 sed
1490 3169 1653 3222 etiam
1685 3169 1807 3223 aliis
1830 3171 1989 3226 utiles

410 3254 698 3308 constituti
745 3263 909 3320 sunt;
945 3261 999 3308 et
1052 3255 1106 3309 in
1149 3256 1254 3311 hoc
1307 3257 1508 3326 aliquis
1559 3259 1748 3314 mirari
1797 3263 1994 3330 poterit.

411 3345 504 3398 Dei
538 3347 1019 3417 bonitatetu,quod
1056 3349 1103 3402 si
1136 3351 1443 3414 nemo,alio
1497 3352 1822 3408 medicinam
1871 3371 1994 3411 sor-

413 3441 593 3507 bente,
631 3442 882 3496 morbum
925 3443 1098 3497 vitare
1139 3453 1326 3514 queat,
1355 3460 1385 3498 a
1430 3446 1737 3503 rationibus
1765 3447 1996 3504 redden-

413 3535 496 3590 dis
523 3534 634 3596 ilie,
659 3535 991 3603 patientibus
1024 3536 1168 3599 aliis,
1189 3537 1325 3592 solvi
1361 3541 1557 3606 possit.

2092 3173 2188 3240 δῆς
2225 3170 2670 3240 προστησάμενοι
2706 3167 2889 3235 μόνον,
2937 3167 3210 3236 μερίμνης
3239 3166 3393 3220 αὐτοὶ
3425 3166 3672 3233 καθαράν

2095 3263 2278 3334 ἔχουσι
2311 3262 2410 3332 τὴν
2441 3259 2617 3330 ψυχήν
2639 3274 2653 3288 ·
2676 3258 2764 3311 ἵνα
2793 3257 2886 3310 τοῦ
2907 3256 2982 3319 ὡς
3016 3256 3236 3326 ἀληθῶς
3264 3256 3473 3323 ἀγαθοῦ
3508 3256 3673 3324 μόνον

2097 3355 2413 3423 ποιούμενοι
2449 3351 2606 3418 λόγον
2635 3351 2703 3402 τὰ
2736 3349 2944 3416 Κυρίου
2972 3347 3336 3418 μεριμνῶσιν,
3367 3347 3501 3400 ὥσθ’
3536 3348 3673 3414 ὑπὲρ

2099 3449 2278 3517 μόνων
2305 3446 2412 3497 τῶν
2447 3442 2644 3513 ἐκείνῳ
2673 3440 2998 3502 δοκούντων,
3036 3440 3104 3492 άν
3128 3457 3180 3492 τι
3207 3439 3324 3508 δὲῃ,
3367 3438 3672 3508 φοϐηθῆναι

2095 3542 2192 3594 καὶ
2225 3537 2409 3590 ὁτιοῦν
2439 3535 2680 3588 τοιοῦτον
2719 3533 2936 3588 παθεῖν.
2977 3530 3248 3585 Ἐνταῦθα
3276 3531 3385 3601 γὰρ
3416 3531 3515 3600 οὐχ
3548 3532 3674 3583 ἐαυο

407 3633 525 3693 τοῖς
553 3629 733 3698 μόνον,
759 3629 896 3684 ἀλλὰ
921 3631 1148 3694 καὶτοῖς
1172 3631 1356 3696 ἄλλοις
1382 3633 1682 3700 λυσιτελεῖς
1711 3637 2046 3691 καθεστᾶσιν
2067 3652 2082 3668 ·
2119 3635 2148 3687 ὃ
2179 3637 2273 3688 καὶ
2304 3633 2584 3700 θαυμάσαι
2625 3647 2709 3693 τις
2733 3631 2800 3684 ἂν
2833 3631 2931 3700 τῆς
2991 3631 3086 3684 τοῦ
3159 3631 3298 3684 Θεοῦ
3373 3631 3676 3700 χρηστότη-

408 3741 522 3789 τος,
563 3726 612 3777 ει
655 3722 810 3776 νόσον
847 3725 947 3794 μὲν
995 3723 1174 3787 οὐδεὶς
1197 3724 1262 3780 ἂν
1295 3726 1458 3795 φύγοι
1487 3732 1547 3781 τὸ
1578 3729 1871 3799 φάρμακον
1909 3731 2072 3785 άλλου
2125 3731 2393 3790 πίνοντος,
2424 3724 2656 3794 εὐθύνης
2683 3724 2738 3776 δὲ
2777 3725 2944 3777 λύοιτ’
2971 3725 3038 3777 ἂν
3088 3725 3396 3791 ἀλγούντων
3450 3725 3672 3794 ἐτέρων.

480 3817 636 3884 Quod
667 3817 888 3885 quidem
922 3817 1214 3874 contristat
1268 3819 1324 3874 in
1353 3821 1574 3877 Christo
1595 3827 1777 3878 vivere
1803 3825 1982 3878 volen-

413 3919 516 3976 tes,
576 3924 644 3964 ει
690 3910 852 3964 dictis
899 3908 1248 3964 manifestum
1307 3922 1392 3966 est
1420 3930 1434 3966 :
1463 3914 1740 3982 quomodo
1771 3930 1900 3968 vero
1932 3925 1988 3968 ct

411 4002 614 4070 quibus
670 4000 929 4056 adhibitis
975 3999 1297 4067 rationibus,
1355 4019 1504 4059 nunc
1545 4005 1727 4060 dicere
1801 4017 1987 4062 restat.

411 4093 530 4149 Non
581 4111 770 4149 omnes
813 4103 1034 4165 proliter
1083 4098 1271 4150 eadem
1300 4097 1367 4150 de
1401 4111 1626 4167 peccato
1653 4100 1859 4166 dolent,
1893 4101 1991 4155 sed

412 4190 676 4257 quosdam
719 4191 786 4245 ad
847 4193 1114 4262 lacrymas
1145 4191 1349 4245 inducit
1378 4193 1610 4256 vanitas,
1641 4193 1900 4260 quoniam
1927 4208 1987 4247 se

416 4283 673 4336 maximis
743 4283 902 4338 donis
951 4284 1146 4352 dignos
1209 4281 1784 4352 judicantcs,praater
1840 4298 1990 4352 spem

414 4387 605 4441 agunt,
649 4387 703 4430 et
732 4375 866 4444 ipsis
905 4384 990 4430 est
1019 4375 1347 4445 deploranda
1381 4375 1726 4445 praemiorum
1752 4375 1989 4445 jactura;

2170 3823 2235 3874 Ὀ
2267 3822 2366 3890 μὲν
2398 3818 2492 3872 οὖν
2523 3819 2651 3888 άνιᾷ
2682 3819 2811 3879 τοὺς
2831 3819 2888 3870 ἐν
2918 3818 3138 3889 Χριστῷ
3166 3818 3266 3888 ζῇν
3291 3817 3669 3888 βουλομένουςο

2097 3913 2330 3984 φανερὸν
2371 3915 2434 3964 ἐκ
2470 3910 2578 3964 τῶν
2607 3911 2954 3981 εἰρημένων*
3008 3911 3126 3973 πῶς
3160 3910 3215 3963 δὲ
3263 3913 3355 3963 καὶ
3392 3911 3504 3962 τίσι
3537 3928 3677 3980 χρω-

2100 4006 2292 4075 μένους
2321 4005 2432 4065 τοῖς
2479 4002 2786 4068 λογισμοῖς,
2845 4003 3165 4070 προσθεῖναι
3219 4003 3427 4057 λοιπόν.
3471 4003 3546 4054 Οὐ
3579 4002 3675 4070 μὲν

2095 4097 2205 4148 τῶν
2237 4095 2418 4150 αὐτῶν
2447 4095 2613 4147 ἕνεκα
2646 4095 2848 4156 πάντες
2879 4096 3005 4160 περὶ
3051 4095 3151 4161 τῆς,
3179 4095 3454 4164 ἁμαρτίας
3481 4093 3674 4162 ἀλγοῦ-

2094 4204 2200 4250 σιν,
2241 4187 2377 4240 άλλά
2409 4187 2534 4248 τοὺς
2570 4187 2668 4254 μὲν
2695 4185 2957 4254 δακρύειν
3009 4185 3298 4249 ἀλαζονεία
3362 4188 3423 4240 τὸ
3466 4188 3670 4252 πεῖθον,

2099 4283 2182 4334 ὅτι
2213 4282 2322 4333 τῶν
2355 4280 2631 4350 μεγίστων
2663 4280 2802 4346 σφᾶς
2832 4279 3030 4342 αὐτοὺς
3074 4279 3355 4345 ἀξιοῦντες
3406 4281 3558 4346 παρὰ
3586 4282 3679 4342 τὰς

2099 4376 2320 4438 ἐλπίδας
2363 4374 2690 4444 πράττουσι,
2740 4377 2851 4435 τοῖς
2897 4373 2953 4426 δὲ
3002 4374 3227 4443 ἀνιαρὸν
3270 4375 3302 4443 ἡ
3356 4373 3466 4426 τῶν
3504 4374 3681 4426 ἄθλων

419 4469 691 4538 plerisque
732 4483 861 4522 vero
926 4469 1157 4522 rationis
1216 4469 1504 4523 reddenda:
1555 4479 1734 4525 metus
1784 4473 1988 4537 subest;

2097 4463 2251 4535 οἶμαι
2283 4466 2457 4535 ζημία
2485 4481 2498 4496 ·
2536 4467 2649 4527 τοῖς
2691 4464 2898 4516 πλείοσι
2942 4465 2998 4518 δὲ
3028 4466 3056 4516 ό
3087 4463 3188 4530 τῆς
3225 4463 3459 4533 εὐθύνης
3495 4465 3678 4528 φόϐος,

417 4561 660 4612 οειιηῑυιη
688 4568 866 4614 autem
894 4560 1111 4630 optimis
1133 4575 1287 4614 amor
1319 4577 1446 4631 erga
1476 4560 1841 4630 legislaturem
1894 4565 1997 4616 mi-

420 4668 596 4706 seram
623 4650 750 4705 izicit
771 4650 947 4720 legum
988 4655 1498 4722 transgressionem.
1527 4654 1997 4720 Quemadmodum

421 4747 564 4799 enim
598 4745 740 4800 inter
803 4755 982 4802 rectos
1021 4747 1284 4814 optimam
1328 4747 1526 4802 habent
1553 4748 1762 4802 ordinis
1796 4759 2001 4817 partem

426 4837 503 4888 illi
539 4853 679 4906 quos
735 4853 834 4890 nec
873 4839 1142 4890 malorum
1200 4839 1382 4900 timor,
1419 4853 1519 4892 nec
1573 4853 1694 4907 spes
1753 4840 2006 4907 praemio-

425 4943 592 4994 rum,
627 4930 720 4984 sed
773 4931 922 4985 solus
984 4930 1074 4984 Dei
1127 4944 1282 4984 amor
1336 4930 1590 4985 virtutem
1625 4947 1746 4984 cum
1809 4931 2006 4984 sudore

421 5035 679 5076 exercere
742 5023 1143 5084 hortatur,sic
1207 5023 1348 5075 inter
1409 5032 1724 5092 peccatores
1791 5033 2009 5092 propter

429 5125 651 5183 peccata
693 5123 914 5170 vexatos
965 5115 1060 5177 illi,
1126 5117 1328 5185 quibus
1391 5115 1570 5168 luctus
1620 5115 1711 5168 Dei
1769 5131 2008 5167 amorem

428 5209 679 5272 exacuit,
721 5209 967 5261 omnium
1013 5217 1140 5260 sunt
1182 5207 1392 5276 optimi.
1451 5205 1544 5259 isti
1579 5221 1814 5274 namque
1882 5207 2012 5259 sibi—

431 5299 676 5369 metipsis
709 5299 948 5354 dolorem
981 5311 1234 5368 generant
1261 5309 1314 5354 et
1344 5298 1486 5352 ultro
1517 5297 1686 5352 dolori
1716 5298 2012 5368 indulgent,

433 5410 485 5448 rt
511 5396 638 5464 quia
698 5395 1019 5460 senictipsps
1065 5401 1252 5446 amant
1291 5433 1305 5457 ,
1341 5392 1751 5460 iacrymantur:
1791 5395 1890 5443 hos
1919 5407 2014 5444 an-

435 5495 542 5539 tem
603 5483 693 5552 qui
724 5491 904 5534 movet
965 5481 1080 5548 ipse
1111 5481 1251 5534 Deus
1317 5492 1398 5534 est
1433 5499 1444 5535 :
1477 5481 1618 5534 unde
1661 5479 1787 5548 quia
1817 5482 2014 5533 inotori

447 5575 758 5632 necessario
814 5586 993 5628 motus
1040 5573 1505 5637 aceonunodatur,
1543 5582 1692 5626 tanto
1731 5572 2019 5626 luctnsille

443 5679 661 5738 prestat
716 5668 822 5722 alio
853 5709 868 5731 ,
899 5678 1102 5737 quanto
1153 5676 1433 5720 moventes
1495 5665 1674 5734 majus
1733 5665 2021 5718 intercedit

453 5762 681 5818 medium
715 5802 727 5828 ,
759 5763 899 5818 sicut
959 5765 1120 5816 etiam
1185 5760 1292 5816 telo
1355 5773 1551 5815 cursus
1605 5757 1842 5826 optimus
1875 5757 2017 5810 ctad

2103 4561 2212 4615 τοῖς
2241 4559 2296 4611 δέ
2343 4577 2406 4626 γε
2458 4561 2682 4612 πάντων
2731 4558 2978 4626 ἀρίστοις
3016 4558 3044 4608 ό
3077 4558 3207 4626 περὶ
3247 4557 3339 4609 τὸν
3381 4557 3684 4626 νομοθέτην

2104 4652 2243 4722 ἔρως
2272 4652 2551 4720 ἀφόρητον
2583 4651 2876 4720 ἐργάζεται
2909 4649 2967 4702 τὸ
3011 4651 3377 4718 παρανομεῖν.
3413 4649 3682 4719 Καθάπερ

2105 4745 2212 4814 γὰρ
2243 4744 2352 4797 τῶν
2388 4742 2801 4812 κατορθούντων
2849 4741 2948 4809 τὴν
2996 4741 3226 4810 ἀρίστην
3275 4741 3459 4810 ἔχουσι
3507 4741 3683 4804 τάξιν,

2105 4831 2187 4897 οἷς
2225 4834 2348 4886 οὔτε
2385 4833 2550 4902 φόϐος
2573 4833 2782 4895 κακῶν,
2819 4831 2943 4884 οὔτε
2979 4831 3188 4901 μισθῶν
3227 4831 3462 4895 ἐλπίδες,
3506 4832 3622 4882 ἀλλ’
3657 4833 3683 4881 ὀ

2109 4927 2201 4978 τοῦ
2232 4925 2366 4977 Θεοῦ
2419 4927 2582 4989 μόνον
2633 4924 2775 4993 ἔρως
2821 4925 2950 4984 τοὺς
2982 4923 3108 4992 περὶ
3138 4923 3343 4992 ἀρετῆς
3385 4923 3686 4990 εἰργάσατο

2109 5017 2328 5079 πόνους,
2347 5015 2490 5068 οὕτω
2509 5014 2618 5066 τῶν
2638 5015 3063 5084 ἁμαρτανόντων
3085 5015 3178 5064 καὶ
3196 5011 3285 5064 διὰ
3304 5011 3463 5063 τοῦτο
3490 5028 3689 5063 κοπτο-

2116 5109 2313 5176 μένων,
2357 5103 2436 5168 oi;
2489 5107 2549 5158 τὸ
2598 5106 2794 5169 πένθος
2843 5105 2905 5157 τὸ
2940 5105 3070 5174 περὶ
3099 5106 3192 5155 τὸν
3233 5105 3365 5155 Θεὸν
3417 5102 3684 5166 ἐξέκαυσε

2115 5203 2357 5271 φίλτρον,
2387 5202 2432 5251 si
2470 5200 2737 5270 βέλτιστοι
2769 5201 2876 5252 τῶν
2907 5199 3081 5253 ἄλλων
3110 5197 3268 5250 είσίν.
3325 5197 3554 5248 Ἐκεῖνοι
3585 5197 3691 5265 μὲν

2116 5295 2224 5366 γὰρ
2265 5297 2475 5356 ἑαυτοῖς
2513 5294 2574 5344 τὸ
2605 5293 2776 5352 πάθος
2812 5291 3157 5361 ἐργάζονται,
3191 5290 3290 5341 καὶ
3317 5290 3448 5357 παρ’
3481 5289 3692 5341 ἑαυτῶν

2118 5387 2212 5437 ἐπὶ
2243 5385 2304 5437 τὸ
2345 5387 2561 5436 πενθεῖν
2591 5383 2868 5454 ἔρχονται,
2920 5385 3013 5434 καὶ
3061 5383 3142 5434 ὅτι
3177 5384 3318 5447 σφᾶς
3363 5382 3562 5443 αὐτοὺς
3601 5399 3694 5448 ρι-

2118 5474 2270 5527 λοῦσι
2307 5473 2627 5540 δακρύουσι,
2658 5466 2880 5533 τούτους
2930 5472 2987 5523 δὲ
3023 5473 3049 5523 ὀ
3089 5470 3254 5524 κινῶν
3296 5472 3455 5530 αὐτός
3484 5472 3632 5521 ἐστιν
3667 5471 3696 5521 ό

2120 5567 2284 5628 Θεός·
2337 5566 2457 5617 ὅθεν
2508 5565 2630 5615 ἐπεὶ
2682 5565 2758 5632 τῷ
2815 5561 3052 5615 κινοῦντι
3099 5562 3196 5632 τὴν
3251 5561 3423 5629 φορὰν
3473 5559 3691 5627 ἀνάγκη

2124 5656 2467 5726 συμϐαίνειν,
2509 5655 2752 5721 τοσούτῳ
2775 5654 2876 5722 τῆς
2915 5654 3092 5720 λύπης
3119 5654 3299 5722 ἐκείνη
3340 5651 3540 5719 ταύτης
3573 5649 3698 5720 βελ-

2123 5750 2274 5816 τίων,
2324 5751 2434 5820 ὅσῳ
2483 5749 2592 5800 τῶν
2638 5747 2932 5802 κινούντων
2971 5747 3032 5799 τὸ
3069 5746 3255 5816 μέσον,
3299 5744 3555 5812 καθάπερ
3600 5743 3700 5796 καὶ
