3920 6206
170 315 260 380 701
1228 309 1326 370 DE
1366 311 1544 372 VITA
1589 311 1673 372 ΙΝ
1714 310 2055 372 CHRISTO
2095 312 2246 375 LIB.
2290 312 2424 373 VII.
3309 317 3422 377 ’ἷθὲ

163 433 294 502 βέλει
315 431 517 501 δρόμος
551 431 778 502 ἄριστος
803 434 896 487 καὶ
929 431 1066 504 πρὸς
1105 430 1196 484 τὸν
1242 429 1446 504 σκοπον
1473 431 1716 500 ἀτέχνως

1853 444 2052 498 copntn
2109 439 2228 484 tute
2277 429 2524 485 directus
2573 444 2602 482 a
2659 429 2914 485 manibus
2957 445 3144 486 arcum
3196 433 3425 486 tendere

159 528 257 586 ἀπὸ
297 525 498 596 χειρῶν
537 527 778 594 μάλιστα
817 528 1058 592 τοξεύειν
1105 525 1510 594 ἐπισταμένων.
1565 523 1722 577 Ἐπεὶ

1852 522 2016 585 {naris
2051 522 2419 592 progreditur.
2453 522 2724 588 Quoniam
2775 533 2955 578 autem
2989 540 3097 578 non
3133 526 3310 579 solum
3359 530 3425 582 de

163 621 212 674 δέ
237 619 329 672 οὐκ
357 618 441 686 ἐφ’
486 611 568 682 οἷς
615 618 700 671 δεῖ
739 618 900 688 μόνον
940 617 1194 672 ἀνιᾶσθαι
1241 616 1336 669 καὶ
1383 616 1556 678 ὅπως,
1585 613 1723 667 ἀλλὰ

1852 613 2034 682 [uibus
2106 623 2324 682 oportet
2397 615 2761 680 contristari,
2829 625 2882 670 et
2956 621 3235 686 quomodo
3273 659 3286 682 ,
3326 619 3422 673 sed

166 714 250 766 καὶ
287 712 428 776 ὅσον,
462 712 670 766 εἰδέναι
703 712 812 782 χρὴ
861 711 979 774 (καὶ
1024 710 1136 779 γὰρ
1164 709 1279 762 ἔστι
1315 707 1414 779 μὲν
1439 707 1659 761 ἔλαττον
1687 708 1721 778 ἢ

166 809 264 868 τοῖς
282 806 692 876 ἡμαρτημένοις
719 807 840 860 ἐστὶ
861 804 1138 874 προσῆκον
1166 803 1378 871 ἀλγεῖν,
1411 803 1527 855 ἔστι
1555 802 1614 854 δέ
1645 801 1724 872 τῷ

169 899 311 953 πάθει
343 899 545 970 μᾶλλον
575 900 672 953 τοῦ
714 898 926 961 δέοντος
951 901 1306 967 συγχωρεῖν),
1342 899 1391 950 οι
1426 896 1566 966 μετὰ
1601 895 1726 948 τού-

171 1011 266 1046 των
283 990 602 1053 πενθοῦντες
625 992 734 1044 τῶν
749 992 1026 1062 λογισμῶν
1049 993 1109 1044 τὸ
1133 991 1331 1059 μέτρον
1352 989 1458 1042 τῶν
1473 988 1726 1058 δακρύων

172 1086 404 1140 εἴσονται.
439 1085 710 1154 Καθάπερ
730 1087 839 1154 γὰρ
873 1087 931 1138 ἐν
963 1085 1145 1154 πληγῇ
1176 1085 1453 1155 σώματος,
1475 1081 1583 1144 ἕως
1625 1081 1728 1151 μὲν

175 1177 242 1230 ἐτι
261 1179 397 1229 νοσεῖ
425 1176 486 1228 τὸ
529 1177 714 1245 μέλος,
745 1179 847 1241 τῆς
876 1178 1227 1248 ἐκτριδείσης
1268 1179 1471 1248 σαρκὸς
1516 1179 1733 1230 ἀντεισ-

116 1341 118 1344 ι
177 1270 400 1336 ενεγκεῖν
421 1267 628 1321 δύναιτ’
671 1268 737 1322 ἂν
769 1269 801 1338 ἢ
834 1269 894 1322 τδ
929 1271 1194 1340 παράπαν
1225 1269 1400 1333 οὐδὲν,
1433 1270 1465 1338 ἢ
1492 1268 1586 1322 τοῦ
1632 1286 1732 1335 φυ-

180 1362 312 1414 σικοῦ
349 1361 440 1414 καὶ⁵
475 1362 818 1429 τεταγμένου
860 1363 1032 1432 μείζω
1059 1362 1150 1415 τὸν
1177 1363 1342 1430 ὄγκον
1373 1380 1388 1396 ο
1421 1361 1639 1415 ἐπειδάν
1673 1361 1730 1414 δέ

174 1456 201 1522 ἡ
238 1453 389 1521 φύσις
418 1453 619 1521 ἑαυτῆς
664 1453 891 1524 γένηται
944 1455 1042 1508 καὶ
1087 1455 1244 1508 νόσου
1291 1454 1528 1524 καθαρὰ,
1563 1454 1734 1522 χωρεῖ

178 1551 298 1616 πρὸς
322 1546 418 1616 τὴν
447 1547 798 1617 συμμετρίαν
840 1547 1022 1610 εὐθὺς,
1049 1545 1168 1601 εἶτα
1199 1550 1256 1601 δέ
1303 1549 1397 1601 καὶ
1423 1547 1529 1601 τῶν
1576 1549 1735 1614 ἐκληο

177 1639 404 1706 φθέντων
439 1638 597 1691 οὐδὲν
639 1637 803 1690 πλέον
848 1637 1118 1692 ἁναδοῦσα
1157 1638 1432 1692 παύεται·
1479 1639 1569 1690 τὸν
1620 1639 1734 1690 ἴσον

171 1733 359 1800 τρόπον
382 1732 521 1783 κάπὶ
550 1731 665 1783 τῶν
682 1733 781 1798 τῆς
807 1729 988 1800 ψυχῆς
1016 1732 1471 1800 ἀρρωστημάτων
1498 1731 1568 1784 ἂν
1592 1730 1726 1798 ἔχοι.

174 1825 271 1891 Τῆς
305 1824 416 1894 γὰρ
450 1822 542 1874 ἐπὶ
575 1824 690 1884 τοῖς
735 1823 1100 1892 ἁμαρτήμασι
1129 1823 1310 1892 λύπης
1354 1825 1448 1875 καὶ
1482 1840 1731 1876 κακοπα-

174 1916 307 1978 θείας
363 1918 460 1969 καὶ
518 1914 772 1984 δακρύων
834 1915 928 1966 καὶ
981 1914 1092 1967 τῶν
1167 1914 1422 1968 τοιούτων
1474 1915 1736 1969 ἁπάντων

168 2007 334 2059 ἐκεῖνο
381 2005 709 2076 ζητούντων,
753 2006 852 2073 τὴν
875 2006 1150 2075 ἁμαρτίαν
1197 2006 1422 2072 ἐξελεῖν,
1452 2009 1736 2060 ἀποκατα-

165 2103 354 2168 στῆσαι
380 2103 436 2154 δὲ
465 2102 576 2154 τῶν
618 2101 717 2170 τῆς
762 2101 938 2171 ψυχῆς
971 2101 1151 2154 καλῶν
1189 2103 1312 2154 ὅσον
1348 2103 1736 2170 ἀπενήνεκτα·,

165 2195 330 2264 ἡτῶν
357 2195 518 2248 θείων
553 2196 780 2264 ἐρώτων
816 2194 1088 2266 προϊοῦσα
1137 2194 1284 2263 λύπη
1317 2195 1450 2266 μόνη
1489 2196 1598 2248 τῶν
1639 2197 1737 2249 ἆλ-

164 2283 270 2336 λων
325 2283 481 2351 ὑγιὴς
521 2278 678 2342 οὖσα,
720 2283 856 2351 μόνη
920 2283 1020 2350 μὲν
1066 2285 1163 2336 σὺν
1197 2283 1340 2353 λόγῳ
1370 2287 1561 2353 χωρεῖ,
1599 2287 1735 2357 μόνη

163 2375 218 2427 δὲ
243 2374 353 2427 τῶν
379 2375 557 2428 ἄλλων
599 2374 662 2428 τὺ
709 2375 908 2443 μέτρον
939 2375 1255 2429 ἐπίσταται.
1306 2378 1370 2430 Ei
1420 2377 1530 2447 γὰρ
1565 2393 1739 2448 προσ-

164 2468 382 2535 έκοψαν,
440 2466 558 2518 ἀλλ’
610 2467 708 2537 ούχ
763 2469 958 2536 ἑτέραν
992 2464 1156 2537 ἦλθον
1205 2468 1317 2521 οὐδ’
1365 2469 1608 2538 ἧμειψαν
1639 2471 1737 2538 τὴν

165 2558 358 2626 ὁρμὴν,
377 2557 484 2610 οὐδ’
511 2558 785 2627 ἠγνόησαν
808 2559 932 2616 τοὺς
965 2557 1120 2615 ὅλους
1151 2559 1244 2612 καὶ
1279 2558 1402 2610 ὅποι
1433 2560 1540 2630 χρὴ
1572 2577 1740 2612 κατα-

166 2650 334 2712 λύειν,
366 2654 413 2704 εί
441 2653 504 2703 τὸ
543 2651 639 2704 τοῦ
687 2651 824 2704 Θεοῦ
857 2651 1080 2720 φίλτρον
1123 2653 1391 2720 ἐνέμεινε.
1428 2652 1600 2704 Τοῦτο
1630 2653 1738 2720 γάρ

170 2744 282 2795 ἐστι
325 2744 455 2812 προς
483 2744 575 2795 τὸν
629 2744 764 2796 Θεὸν
808 2745 988 2814 ὀρθῶς
1025 2744 1267 2812 βαδίζειν
1300 2743 1362 2796 τὸ
1403 2743 1502 2796 σὺν
1549 2744 1740 2818 ἁγὰπῃ

171 2836 402 2905 βαδίζειν
422 2852 437 2868 ο
473 2838 508 2908 ἢ
540 2836 650 2891 τῶν
683 2837 929 2906 ἁμῶμων
961 2838 1111 2890 ἐστίν
1147 2836 1281 2898 ὁδὸς,
1319 2839 1347 2891 ὀ
1379 2837 1629 2906 Μελῳδδς
1661 2834 1739 2888 εἷ-

172 2945 289 2987 πεν,
323 2928 370 2981 οῖ
405 2947 424 2981 ι
454 2929 514 2983 ἐν
573 2930 668 2999 ὅλῃ
703 2930 834 2997 γὰρ,
880 2931 1015 3000 φησὶ
1044 2969 1058 2991 ,
1096 2928 1294 2998 καρδία
1339 2929 1739 2998 ἐκζητὴσουσιν

176 3020 352 3084 αὐτὴν,
381 3040 401 3073 ι
447 3021 548 3088 τὴν
591 3021 1026 3089 ἐπιτεταγμένην
1067 3019 1369 3088 ἐπιθυμίαν
1415 3020 1500 3074 διὰ
1546 3020 1737 3073 τούτου

1825 706 1990 758 etiam
2054 707 2531 773 quantnm,scire
2599 722 2826 761 necesse
2891 717 2973 761 est
3045 707 3184 778 (fieri
3255 726 3414 762 nam-

1835 807 1942 862 que
1974 803 2149 863 potest
2178 804 2238 849 ut
2269 796 2456 848 minus
2477 809 2641 864 quam
2673 794 2832 849 decet
2861 796 2928 848 de
2965 796 3279 854 commissis
3307 796 3410 848 do-

1831 887 1982 940 leant
2013 927 2028 952 ,
2052 895 2108 941 et
2165 887 2340 955 magis
2367 901 2528 956 quam
2583 895 2797 955 Oportet
2845 887 3013 940 luctui
3051 886 3418 954 indulgeant),

1831 980 1924 1047 qui
1977 995 2100 1034 cum
2151 979 2254 1033 hac
2300 981 2514 1034 ratione
2567 979 2940 1048 ptenitentiam
2977 977 3207 1040 faciunt,
3241 979 3418 1048 lacry-

1832 1088 2046 1126 tuarum
2117 1082 2344 1126 noscent
2389 1087 2706 1126 mensuram
2737 1111 2750 1124 .
2792 1072 2947 1124 Sicut
3000 1071 3145 1124 enim
3206 1072 3257 1124 in
3312 1072 3425 1140 pla-

1833 1161 1915 1227 gis
1955 1162 2201 1227 corporis
2230 1201 2246 1221 .
2279 1162 2452 1213 donec
2509 1169 2737 1229 aegrotat
2795 1163 3101 1213 membrum
3125 1201 3142 1224 ,
3177 1162 3290 1214 ﬁeri
3326 1178 3424 1230 po-

1837 1262 1940 1306 test
1986 1262 2045 1306 ut
2080 1253 2330 1307 contrita:
2387 1254 2570 1307 carnis
2611 1254 2731 1306 loco
2782 1253 2913 1307 nihil
2949 1255 3176 1306 omnino
3211 1255 3423 1308 substi-

1836 1356 1973 1408 tuat,
2005 1356 2099 1400 aut
2146 1348 2318 1416 magis
2350 1362 2513 1416 quam
2541 1355 2736 1400 natura
2775 1357 2826 1400 et
2853 1347 3055 1413 regulae
3092 1347 3310 1410 volunt,
3336 1356 3424 1400 tn-

1839 1455 2047 1493 tnorem
2107 1439 2407 1503 Ostendat;
2445 1450 2738 1506 postquam
2792 1450 2971 1490 autem
3026 1447 3218 1490 natura
3264 1437 3330 1490 ad
3363 1452 3423 1491 se

1839 1547 2052 1586 reversa
2088 1539 2175 1585 est
2213 1540 2267 1582 et
2302 1546 2329 1582 a
2365 1531 2554 1582 morbo
2595 1530 2820 1582 liberata
2843 1568 2857 1591 ,
2890 1528 3002 1581 cito
3049 1527 3186 1581 redit
3234 1528 3299 1580 ad
3332 1542 3427 1593 ap-

1846 1635 1959 1679 tum
2021 1624 2270 1694 corporis
2319 1623 2568 1677 habitum
2607 1663 2621 1686 ,
2653 1622 2848 1676 deinde
2910 1636 3009 1690 pro
3041 1620 3239 1674 ablatis
3290 1619 3429 1672 nihil

1847 1717 2106 1782 all'erens,
2137 1715 2412 1785 quiescit:
2455 1715 2596 1769 idem
2635 1728 2861 1782 prorsus
2889 1713 2942 1765 in
2987 1712 3184 1765 animae
3220 1711 3430 1764 morbis

1847 1810 2067 1866 evenire
2113 1809 2477 1879 potest..Cum
2505 1807 2649 1862 enim
2675 1807 2728 1860 in
2762 1806 3000 1876 peccatis
3025 1805 3206 1859 luctus
3228 1813 3282 1858 et
3316 1819 3434 1872 pae-

1841 1903 2068 1958 nitentia
2147 1901 2509 1969 laerynuequc
2569 1909 2622 1954 et
2663 1899 2862 1952 similia
2918 1898 2985 1951 ad
3033 1899 3134 1950 boc
3180 1898 3428 1958 tendant.

1840 2005 1902 2050 ut
1937 2003 2220 2062 peccatum
2282 1991 2535 2046 auferant
2569 2032 2582 2054 ,
2612 1991 2763 2045 etde
2809 1991 2967 2044 bonis
3021 1991 3216 2043 animae
3254 2004 3432 2057 quan-

1843 2097 1956 2140 tum
2014 2085 2256 2139 ablatum
2305 2092 2387 2137 est
2438 2085 2754 2146 restituant,
2786 2082 3128 2135 interdivina
3160 2080 3430 2136 desideria

1843 2177 2154 2249 praecedens
2199 2179 2380 2231 luctus
2406 2217 2420 2241 ,
2453 2177 2544 2246 qni
2575 2175 2725 2230 solus
2785 2176 2925 2229 inter
2969 2176 3072 2228 alia
3117 2190 3285 2228 sanus
3323 2182 3430 2236 est,

1841 2271 1990 2324 solus
2020 2269 2238 2338 quidem
2270 2283 2394 2323 cum
2434 2267 2646 2320 ratione
2683 2267 2978 2334 congruit.
3019 2266 3170 2320 solus
3195 2279 3259 2317 ex
3309 2264 3433 2318 aliis

1842 2376 2158 2416 mensuram
2213 2361 2424 2414 noscit.
2478 2359 2536 2413 Si
2580 2359 2725 2412 enim
2755 2359 3114 2412 ollcnderunt
3139 2399 3154 2423 ,
3193 2357 3286 2409 sed
3323 2370 3430 2409 non

1842 2457 1948 2510 alio
1998 2463 2298 2520 verterunt,
2347 2458 2444 2507 nec
2495 2467 2717 2506 cursum
2775 2459 3149 2513 mutaverunt,
3191 2465 3291 2503 nec
3344 2450 3432 2502 ubi

1841 2547 2225 2602 diversandnm
2271 2545 2342 2599 sit
2373 2546 2781 2611 ignoraverunt,
2802 2543 2846 2595 si
2873 2545 2965 2597 Dei
3004 2559 3162 2596 amor
3180 2558 3436 2622 perman-

1841 2641 1935 2697 sit.
1966 2637 2080 2693 lloc
2115 2638 2316 2706 quippe
2356 2637 2420 2690 ad
2451 2636 2618 2690 Deum
2664 2646 2811 2688 recte
2851 2643 2935 2689 est
2975 2635 3278 2699 ambulare,
3309 2649 3434 2688 cum

1841 2731 2112 2786 ebaritate
2155 2730 2440 2784 ambulare
2477 2746 2490 2782 :
2525 2729 2660 2793 bare,
2696 2727 2872 2796 inquit
2904 2727 3214 2790 Psaltnista,
3242 2727 3326 2780 via
3351 2733 3439 2781 est

1842 2824 2164 2886 insontium,
2195 2823 2286 2890 qui
2322 2839 2340 2871 ι
2379 2822 2429 2874 ἱιι
2454 2828 2568 2873 ιοιο
2589 2820 2774 2881 corde,
2801 2821 2897 2878 ait.
2920 2820 3209 2887 exquirent
3236 2834 3384 2881 eum.
3406 2836 3428 2872 ι

1843 2915 2150 2969 ordinatum
2183 2913 2514 2968 desiderium
2547 2929 2642 2982 per
2669 2913 2771 2965 hoc
2799 2913 2975 2980 palam
3005 2912 3319 2966 ostendens.
3339 2911 3432 2966 lsti

1842 3023 2081 3078 namque
2134 3007 2417 3060 ambulant
2469 3007 2522 3060 in
2576 3007 2694 3076 lege
2743 3004 3001 3066 Domini,
3032 3004 3267 3072 quicum
3299 3003 3437 3057 eba-

180 3111 364 3180 δηλῶν.
395 3108 556 3166 Οὗτοι
596 3113 706 3182 γὰρ
733 3113 782 3165 οί
823 3112 1186 3181 πορευόμενοι
1221 3113 1280 3165 ὲν
1325 3112 1478 3182 νόμῳ
1509 3113 1738 3182 Κυρίου,

1852 3103 2009 3154 ritate
2051 3100 2245 3152 vivunt
2266 3141 2279 3161 ,
2316 3098 2459 3152 unde
2487 3107 2598 3152 tota
2629 3098 2710 3150 lex
2739 3097 2956 3166 pendet,
2993 3094 3087 3150 sed
3123 3096 3196 3148 ita
3229 3103 3286 3148 ut
3318 3111 3439 3149 om-

183 3203 223 3254 οί
249 3204 342 3256 σὺν
368 3205 559 3275 ἀγάπῃ
606 3204 826 3269 ζῶντες,
867 3200 950 3267 οἷς
993 3208 1020 3258 ὁ
1060 3206 1165 3265 πᾶς
1214 3203 1508 3276 ὲξὴρτηται
1559 3207 1742 3275 νόμος,

186 3294 289 3346 ἀλλ’
315 3296 449 3350 ὥστε
494 3296 593 3367 τὴν
623 3297 897 3366 ἁμαρτίαν
929 3297 1091 3360 εὐθὺς
1137 3297 1357 3352 ἃπασαν
1391 3298 1670 3361 ἀποδύειν,
1712 3300 1744 3368 ἡ

192 3387 316 3459 μόνη
356 3392 537 3441 σκοτοῖ
566 3389 655 3442 τὸν
687 3392 785 3458 τῆς
829 3390 1011 3459 ψυχῆς
1041 3390 1343 3459 ὀφθαλμὸν,
1376 3390 1530 3443 οὐδὲν
1572 3392 1745 3460 ἐμποο

189 3477 284 3531 δῶν
334 3482 556 3544 αὺτοῖς,
612 3483 718 3534 κάν
771 3484 891 3543 ταῖς
921 3483 1242 3551 ἐπιθυμίαις
1277 3483 1413 3550 πρὸς
1449 3483 1537 3534 τὸν
1589 3482 1748 3551 ὀρθὸν

189 3572 330 3642 λόγον
351 3575 506 3644 ὁρᾷν,
531 3574 626 3626 καὶ
645 3575 770 3626 ὅσον
793 3575 875 3627 δεῖ
895 3573 1112 3628 πενθεῖν
1138 3573 1338 3627 ειδέναι
1368 3575 1576 3642 σαφῶς.
1595 3574 1749 3627 Ἐπεί⁴

192 3666 288 3735 γὰρ
320 3667 416 3736 τῆς
461 3667 664 3738 ἀρετῆς
717 3667 840 3736 ὅρος
875 3669 973 3737 τῆς
1041 3667 1414 3738 ἀνθρωπίνης,
1513 3666 1750 3738 πρόσθεν

194 3757 334 3829 ἔφην,
362 3759 480 3828 Θεῷ
529 3759 860 3828 κοινωνῆσαι
909 3759 1160 3828 γνώμης,
1203 3760 1403 3822 κακίας
1436 3759 1492 3812 δέ
1525 3760 1748 3814 τούναν-

194 3852 314 3920 τίον,
350 3855 440 3906 καὶ
478 3852 634 3906 τοῦτο
667 3852 767 3921 μέν
793 3853 914 3905 ἐστι
943 3853 1036 3904 τοῦ
1078 3852 1281 3905 σκοποῦ
1335 3854 1626 3921 τυγχάνειν
1662 3853 1751 3904 τὸν

198 3943 496 4013 ἄνθρωπον,
555 3947 734 3998 ἐκεῖνο
790 3945 847 3997 δέ
889 3945 1263 4013 ἁμαρτάνειν,
1316 3943 1364 3996 οἳ
1419 3945 1516 4013 μὲν
1559 3945 1750 4013 μισθοῦ

200 4038 583 4107 φιλοσοφοῦσιν,
615 4038 737 4092 οὔτε
770 4037 1166 4107 κατορθοῦντες
1193 4036 1364 4106 αὐτὴν
1399 4037 1568 4105 αὐτῆς
1589 4038 1754 4090 ἓνεκα

203 4131 391 4197 φιλοῦσι
423 4133 523 4199 τὴν
556 4129 782 4200 ἀρετὴν,
817 4129 942 4182 οὔτε
972 4129 1307 4190 πταίσαντες
1338 4129 1510 4198 αὐτὴν
1543 4129 1633 4181 διὰ
1661 4129 1754 4182 τὸν

206 4222 350 4290 αὐτῆς
378 4223 536 4289 λόγον
567 4221 852 4292 ὀδύρονται
894 4221 994 4290 τὴν
1029 4221 1254 4283 κακίαν,
1289 4219 1422 4272 ἀλλὰ
1462 4221 1622 4272 τοῦτο
1655 4220 1754 4290 μὲν

204 4311 352 4365 ὁτῶν
383 4313 560 4366 ἄθλων
615 4311 756 4379 ἔρως
806 4312 1005 4373 αὐτοὺς
1044 4311 1339 4379 ἐποίησεν,
1392 4311 1568 4364 ἐκεῖνο
1605 4311 1662 4364 δέ
1720 4313 1753 4382 ἡ

207 4402 384 4473 ζημῖα’
411 4405 536 4458 ὅθεν
569 4404 667 4474 τὴν
697 4403 888 4456 οὐσίαν
930 4404 1102 4472 αὐτὴν
1140 4402 1213 4465 ὼς
1249 4405 1424 4456 εἰπεῖν
1454 4405 1551 4471 τῆς
1578 4403 1755 4473 ἁμαρ-

1855 3209 1978 3248 nem
2011 3192 2403 3260 brevi-culpam
2437 3200 2678 3254 exuant,
2703 3207 2821 3259 qnze
2865 3191 2977 3246 sola
3005 3191 3204 3244 mentis
3234 3189 3439 3244 obscu-

1856 3296 1941 3338 rat
1963 3283 2205 3347 ocnlnm;
2234 3298 2332 3336 nec
2363 3294 2486 3334 sunt
2514 3281 2928 3349 impedimento,
2949 3280 3248 3349 quominus
3277 3279 3327 3332 in
3347 3278 3443 3332 (le-

1855 3375 2073 3431 sideriis
2114 3375 2180 3428 ad
2230 3383 2436 3428 rectum
2494 3373 2720 3427 verbum
2769 3374 3060 3443 aspiciant,
3095 3379 3148 3425 et
3175 3380 3440 3440 quantum

1855 3476 2072 3536 oportet
2116 3468 2302 3522 dolere
2346 3467 2539 3520 saltem
2578 3465 2748 3534 probe
2776 3466 2971 3520 sciant.
3007 3464 3144 3519 Cum
3181 3464 3351 3528 enim,
3384 3472 3445 3516 ut

1857 3569 2016 3614 antea
2076 3560 2186 3614 dixi
2221 3599 2235 3624 ,
2269 3559 2489 3612 virtutis
2542 3559 2799 3612 bumanze
2845 3568 2988 3610 meta
3015 3596 3029 3621 ,
3057 3571 3179 3610 cum
3214 3555 3326 3609 Deo
3359 3564 3445 3610 est

1857 3654 2186 3724 participare
2244 3653 2579 3706 volun'atem
2609 3691 2623 3714 ,
2655 3651 2876 3705 malitize
2921 3665 3054 3705 vero
3084 3650 3445 3714 contrarium,

1857 3756 1911 3800 et
1937 3747 2066 3800 illud
2099 3746 2320 3815 quidem
2350 3757 2432 3800 est
2456 3759 2554 3816 pro
2606 3745 2834 3799 homine
2888 3760 3116 3814 scopum
3143 3743 3441 3813 attingere,

1859 3841 1961 3893 boc
1987 3847 2167 3892 autem
2199 3853 2444 3908 peccare,
2472 3839 2564 3907 qui
2595 3837 3006 3906 pbilosOpbiam
3043 3844 3446 3906 cauponantur,

1859 3947 1962 3985 nec
1989 3939 2133 3986 recte
2193 3931 2442 3985 viventes
2502 3931 2766 3998 obipsam
2801 3929 3298 3992 amantvirtutem,
3341 3945 3447 3983 nec

1862 4024 1915 4077 in
1949 4034 2230 4092 peccatum
2277 4022 2413 4092 lapsi
2445 4022 2511 4077 de
2541 4022 2745 4076 malitia
2777 4029 2998 4090 propter
3025 4038 3203 4088 ipsam
3233 4022 3440 4086 dolent,
3473 4025 3480 4032 ’

1862 4115 1953 4169 sed
1987 4115 2114 4169 illud
2145 4115 2362 4181 quidem
2420 4115 2772 4185 przemiorum
2819 4130 2973 4168 amor
3007 4114 3060 4168 in
3112 4115 3244 4184 ipsis
3293 4114 3441 4178 fecit,

1865 4210 1968 4262 hoc
2013 4216 2195 4261 autem
2240 4207 2500 4262 damnum
2531 4224 2545 4260 :
2581 4204 2726 4260 unde
2744 4206 3108 4260 substantiam
3145 4206 3315 4274 ipsam
3341 4221 3439 4258 ne.-

1862 4301 2068 4370 quitiae,
2091 4311 2144 4356 ut
2183 4301 2254 4356 ita
2284 4303 2460 4354 dicam
2486 4341 2501 4365 ,
2527 4302 2751 4355 minime
2778 4308 3125 4365 recusantes,
3161 4314 3268 4352 non
3299 4313 3445 4352 mere

1865 4394 2078 4463 fugiunt
2138 4394 2192 4447 in
2266 4394 2593 4449 rectitudine
2647 4393 2966 4454 voluntatis,
3031 4392 3155 4446 licet
3247 4392 3315 4445 ab
3361 4391 3450 4445 illa

204 4498 304 4561 τίας
334 4499 534 4568 ἥκιστα
593 4497 879 4566 μισοῦντες
910 4496 969 4548 ού
1003 4496 1266 4565 φεύγουσι
1303 4495 1561 4565 καθαρῶς
1602 4496 1659 4547 ἐν
1693 4512 1746 4562 γε

1862 4498 2146 4543 cessantes
2179 4525 2196 4552 ,
2233 4486 2374 4542 vires
2428 4486 2762 4542 obtinuerint
2797 4524 2810 4539 .
2847 4483 3001 4538 Sicut
3051 4485 3194 4538 enim
3238 4483 3328 4537 ille
3358 4483 3450 4550 qui

202 4589 263 4660 τῷ
292 4591 619 4659 διακειμένῳ
643 4592 743 4658 τῆς
776 4589 1023 4658 γνώμης,
1077 4589 1182 4642 κᾶν
1212 4591 1313 4659 τῆς
1346 4578 1630 4659 ἐνεργείας
1661 4588 1757 4641 τύ-

202 4699 317 4751 χωσι
348 4683 716 4750 πεπαυμένοι.
743 4681 1014 4750 Καθάπερ
1055 4681 1163 4751 γὰρ
1196 4681 1288 4734 τὸν
1327 4682 1450 4744 τοὺς
1487 4680 1759 4750 πονηροὺς

202 4773 293 4823 τῶν
341 4771 647 4840 ἀνθρώπων
707 4769 968 4839 μισοῦντα
997 4769 1083 4822 διὰ
1133 4768 1226 4822 τὸν
1262 4769 1463 4833 τρόπον
1509 4767 1608 4820 οὐκ
1647 4767 1762 4818 ἐστι

200 4867 500 4933 προσειπεῖν
528 4863 940 4933 μισάνθρωπον,
967 4862 1042 4925 ὣς
1063 4862 1156 4914 καὶ
1189 4861 1252 4914 τὸ
1289 4861 1427 4931 πρὸς
1455 4861 1554 4929 τὴν
1578 4860 1761 4928 ἀμαρ-

200 4956 308 5006 τίαν
331 4951 609 5021 δυσχερῶς
636 4953 805 5021 ἔχειν,
838 4953 937 5021 οὐχ
974 4952 1056 5004 ὅτι
1089 4953 1200 5013 τοῖς
1243 4950 1336 5002 τοῦ
1368 4950 1503 5002 Θεοῦ
1537 4949 1766 5018 πολεμεῖ

202 5045 393 5112 νόμοις,
424 5043 540 5097 ἀλλ’
580 5045 663 5095 ὅτι
694 5043 901 5113 ζημίαν
929 5042 1043 5112 ἔχει
1092 5045 1207 5105 τοῖς
1232 5040 1503 5110 τολμῶσι,
1533 5041 1631 5110 τὴν
1672 5041 1768 5108 ζη-

206 5137 321 5205 μίαν
355 5136 470 5188 ἐστὶ
509 5137 820 5204 φευγόντων
866 5135 1106 5204 ἀληθῶς,
1137 5135 1236 5188 οὐκ
1272 5134 1443 5203 αὐτὴν
1487 5135 1762 5200 ἀποστρε-

207 5230 442 5296 φομένων
481 5227 580 5295 τὴν
621 5225 914 5297 πονηρίαν.
960 5227 1026 5278 Οἳ
1058 5227 1150 5278 καὶ
1181 5225 1333 5296 δῆλοι
1380 5225 1599 5286 πάντως
1628 5225 1767 5276 εξσῖν

205 5319 292 5370 οὐκ
339 5320 401 5371 ἂν
438 5318 761 5388 φευξόμενοι
795 5319 896 5388 τὴν
931 5319 1152 5381 κακίαν,
1199 5319 1246 5370 εί
1301 5317 1470 5386 χωρὶς
1506 5315 1768 5369 κινδύνων

210 5409 528 5481 ἁμαρτάνειν
579 5408 742 5478 ἐξῆν·
785 5408 876 5471 οὓς
929 5409 986 5462 δέ
1027 5408 1164 5478 πρὸς
1206 5407 1306 5477 τὴν
1346 5406 1667 5475 φιλοσοφίαν
1709 5405 1768 5458 τὸ

209 5504 288 5556 τοῦ
324 5502 460 5555 Θεοῦ
500 5502 723 5571 φίλτρον
756 5501 1073 5566 ἀνέστησεν,
1109 5499 1202 5554 καὶ
1226 5500 1430 5567 τιμῶσι
1459 5503 1552 5551 τὸν
1583 5500 1767 5567 νόμον,

206 5595 274 5647 ὅτι
327 5595 420 5648 τὸν
477 5593 776 5665 νομοθέτην
842 5595 1200 5662 στέργουσιν,
1243 5591 1462 5645 ἐπειδὰν
1519 5591 1595 5661 τῷ
1651 5591 1776 5655 Θεῷ

209 5686 698 5755 πφσκεκρουκότες
751 5685 963 5738 ἑαυτῶν
1001 5683 1396 5752 καταγνῶσιν,
1449 5682 1621 5754 αὐτὴν
1670 5683 1770 5752 τὴν

215 5781 472 5850 ἁμαρτίαν
512 5780 724 5844 ἑαυτοῖς
785 5779 1092 5850 μέμφονται
1146 5780 1240 5832 καὶ
1301 5776 1622 5849 δακρύουσι,
1671 5776 1770 5846 οὐχ

1863 4596 2060 4651 pravos
2109 4579 2360 4634 homines
2419 4580 2536 4634 odit
2591 4587 2737 4633 recte
2782 4579 2970 4647 nequit
3021 4576 3282 4645 appellari
3322 4576 3456 4628 mis-

1863 4673 2159 4740 anthropus
2186 4713 2200 4736 ,
2233 4672 2312 4727 sic
2372 4681 2426 4727 et
2477 4682 2758 4740 peccatum
2815 4685 2959 4738 aegre
2994 4668 3156 4736 ferre,
3189 4684 3296 4722 non
3325 4667 3452 4733 quia

1866 4763 1958 4816 Dei
1995 4761 2204 4832 legibus
2257 4760 2606 4826 adversatur,
2635 4761 2727 4815 sed
2754 4759 2880 4828 quia
2913 4759 3174 4812 damnum
3210 4755 3457 4809 audenti-

1866 4856 1967 4907 bus
2030 4854 2197 4909 inl’crt
2233 4854 2556 4924 ,proprium
2643 4863 2727 4907 est
2785 4852 3107 4921 fugientium
3167 4849 3452 4913 damnum,

1867 4963 1972 5001 non
2021 4947 2193 5016 ipsam
2240 4948 2601 5001 avertentium
2658 4945 3024 5014 iniquitatem.
3059 4943 3159 5009 Qui
3189 4943 3306 4996 sine
3347 4941 3454 4993 du-

1866 5040 1958 5093 bio
1987 5056 2092 5093 non
2115 5039 2363 5110 lugerent
2397 5039 2718 5108 nequitiam,
2747 5039 2789 5092 si
2820 5038 2937 5092 sine
2958 5036 3202 5107 periculo
3231 5049 3455 5104 peccare

1869 5131 2076 5186 liceret.
2117 5132 2266 5197 Quos
2315 5142 2496 5185 autem
2565 5131 2632 5183 ad
2701 5129 3101 5199 pbil050phiam
3168 5126 3260 5179 Dei
3299 5139 3456 5179 amor

1869 5226 2062 5291 erexit,
2077 5224 2280 5294 quique
2301 5225 2470 5294 legem
2502 5224 2794 5285 honorant,
2811 5221 3068 5290 quoniam
3089 5226 3273 5272 amant
3291 5216 3454 5282 legis-

1868 5317 2122 5382 latorem,
2149 5327 2460 5386 postquam,
2496 5315 2605 5368 Deo
2628 5315 2867 5378 oll'enso,
2912 5328 3032 5368 sese
3063 5310 3453 5367 condemnant,

1874 5411 2052 5480 ipsum
2115 5419 2395 5478 peceatum
2455 5415 2714 5461 accusant
2779 5417 2833 5460 et
2885 5406 3280 5474 lacrymantur,
3345 5412 3452 5450 non

1873 5504 2000 5572 quia
2035 5503 2251 5556 virtutis
2291 5503 2614 5556 exciderunt
2669 5497 2907 5569 praemiis
2953 5535 2966 5558 ,
3003 5494 3092 5548 sed
3165 5491 3290 5560 quia
3346 5504 3453 5540 non

1873 5610 1997 5650 cum
2057 5593 2235 5646 divina
2306 5593 2586 5646 voluntate
2651 5587 3148 5646 COItCOt‘duvcrlltll.
3202 5581 3338 5635 llinc
3376 5579 3454 5632 illi

1875 5684 2120 5755 quidem,
2175 5686 2240 5736 de
2291 5683 2530 5754 peccatis
2577 5681 2922 5749 plenitentes.
2980 5693 3008 5729 a
3060 5673 3264 5728 malitia
3345 5687 3454 5724 non

1876 5776 2101 5835 omnino
2138 5790 2332 5846 puram
2392 5775 2594 5830 habent
2647 5773 2908 5836 auitnam,
2963 5779 3013 5824 ct
3043 5767 3164 5824 ideo
3197 5763 3467 5822 Inwrnris.
