3982 6208
216 344 332 408 ’ωδ

1256 346 1358 408 DE
1396 346 1579 409 VITA
1618 346 1702 410 IN
1743 348 2079 409 CIIRISTO
2140 348 2286 409 LIB.
2322 347 2465 413 VII.

3394 350 3501 411 706

226 457 435 513 ἑαυτοῦ
467 456 649 514 οἰκίαν
707 457 855 525 ἔγνω
908 459 1076 531 κενήν
1102 475 1118 523 ;
1149 459 1213 513 Et
1242 459 1287 513 δ’
1316 459 1451 514 ινιοι
1502 461 1616 516 τῶν
1670 460 1793 531 πρὸς

1915 476 2046 516 vero
2079 462 2303 531 quidam
2337 463 2403 516 de
2429 461 2574 514 bono
2608 460 2921 530 virtuteque
2955 459 3199 531 perversi
3226 462 3504 523 candidis-

214 550 459 618 τάγαθὸν
486 550 579 604 καὶ
606 551 707 621 τὴν
736 552 940 621 ἀρετὴν
979 551 1203 620 φαύλως
1234 552 1493 621 ἑχόντων,
1521 554 1631 607 τῶν
1676 554 1803 625 ἀρί-

216 658 364 694 στων
402 640 780 711 περιτιθέντες
838 642 1051 705 ἑαυτοῖς
1102 646 1453 713 προσωπεῖον
1511 646 1649 713 πρὸς
1672 646 1805 715 ἀρεο

214 732 318 798 τὴν
350 729 665 798 ἀλείφουσι,
694 729 791 781 καὶ
822 722 897 783 ὧν
950 730 1111 783 αὐτοὶ
1156 732 1443 795 παντελῶς
1500 733 1802 803 ἠγνόησαν,

215 821 405 883 ἄλλοις
445 820 702 889 ἡγεῖσθαι
739 819 1022 899 ζητοῦσιν,
1052 821 1189 875 ἀλλὰ
1241 824 1431 895 φήμης
1465 824 1608 889 τινος
1658 827 1806 896 ἐφιέ-

219 930 375 981 μενοι
408 914 592 983 τυχεῖν
625 912 784 966 αὐτοὶ
813 914 908 965 καὶ
935 913 1094 984 δόξης
1123 915 1379 983 ψευδοῦς,
1410 917 1470 970 ού
1519 921 1619 987 τῆς
1676 920 1807 989 ἀρε-

217 1006 318 1073 τῆς
380 1005 477 1058 καὶ
518 1004 758 1072 τάγαθοῦ
825 1007 1017 1075 χάρινι
1079 1008 1154 1071 ὡς
1213 1008 1340 1070 τούς
1388 1027 1453 1078 γε
1514 1011 1655 1064 κατά
1710 1012 1817 1064 τὸν

214 1094 379 1164 ὀρθὸν
404 1096 560 1162 λόγον
590 1094 749 1148 τοῦτο
776 1087 1079 1166 ζητοῦντας
1137 1098 1424 1169 ἀμήχανον
1460 1100 1683 1164 τελείως
1726 1100 1804 1154 εἴ·

214 1205 307 1241 ναι
335 1186 637 1257 χρηστούς.
671 1186 844 1240 Τοῦτο
875 1188 1131 1258 γάρέστι
1183 1189 1381 1259 φθόνου
1433 1192 1533 1262 μὲν
1569 1192 1663 1245 καί⁵
1703 1192 1800 1263 βαρ

220 1276 454 1339 σκανίας
481 1277 700 1347 ἀπάσης
749 1277 1188 1349 ἀπηλλαγμένων
1222 1281 1450 1353 ἀνδρῶν,
1484 1284 1703 1355 ἀγάπην
1743 1286 1801 1340 δὲ

219 1372 360 1439 πρὸς
386 1372 448 1423 τὸ
472 1372 747 1439 ὁμόφυλον
780 1373 1051 1445 εἰλικρινῆ
1088 1376 1185 1429 καὶ
1242 1375 1460 1430 τελείαν
1513 1396 1800 1451 παρασχο·

228 1462 434 1531 μένων,
459 1464 598 1536 ὅπερ
645 1466 760 1518 ἐστὶ
780 1466 885 1541 τῆς
916 1468 1154 1538 ἐσχάτης
1184 1468 1545 1524 ἐπιλαϐέσθαι
1589 1471 1804 1542 φιλοσο-

217 1553 352 1621 φίας
377 1569 389 1581 ·
423 1556 641 1624 ἀνάγκη
679 1556 887 1622 τοίνυν,
920 1552 1001 1620 οἷς
1035 1557 1137 1628 μὲν
1162 1558 1371 1629 ταύτης
1426 1560 1647 1630 μέτεστι
1704 1563 1802 1634 τῆς

216 1646 439 1713 ἡδονῆς,
464 1647 591 1711 τοὺς
616 1647 839 1703 πάντων
878 1648 1138 1719 ἀρίστους
1173 1645 1317 1705 εἶναι
1370 1654 1465 1706 καὶ
1498 1654 1803 1724 φιλοσοφω-

215 1740 437 1803 τάτους,
466 1742 579 1802 τοῖς
605 1741 660 1794 δὲ
691 1741 911 1796 πάντων
942 1743 1187 1815 ἀρίστοις
1212 1747 1306 1798 καὶ
1332 1745 1798 1816 φιλοσοφωτάτοις

1909 552 2113 606 simum
2168 553 2374 605 vultum
2420 550 2766 614 simulantes,
2787 552 2852 603 ad
2896 552 3151 606 virtutem
3189 551 3491 624 inungunt,

1907 653 1961 696 et
1991 658 2222 711 quorum
2252 642 2353 711 ipsi
2385 643 2637 710 pr0tinus
2668 641 2837 709 ignari
2877 652 3025 707 sunt,
3060 642 3186 698 aliis
3226 644 3499 714 imperare

1907 735 2117 798 volunt,
2151 744 2206 787 at
2243 735 2443 787 famam
2472 733 2766 803 quamdam
2802 732 3105 802 falsamque
3134 735 3360 804 gloriam
3402 737 3499 791 ob-

1910 831 2085 880 tinere
2115 828 2418 895 cupientes,
2458 839 2567 879 non
2619 825 2838 881 virtutis
2870 841 2971 880 nec
3003 826 3130 880 boni
3187 829 3386 895 gratia,
3417 828 3496 883 sic

1904 926 2108 988 agunt;
2135 918 2283 986 atqui
2306 917 2459 986 juxta
2503 931 2711 971 reetnm
2751 933 3064 973 sermonem
3119 918 3221 972 hoc
3247 934 3492 988 quaeren-

1906 1022 2007 1077 tes,
2042 1012 2380 1081 impossbile
2408 1020 2491 1067 est
2518 1026 2643 1066 esse
2672 1011 2912 1081 perfecte
2952 1013 3148 1064 bonos.
3196 1009 3312 1066 lloc
3348 1012 3492 1065 enim

1907 1102 2186 1170 pr0prium
2216 1111 2302 1155 est
2344 1101 2630 1154 hominum
2671 1100 2765 1168 qui
2799 1098 2948 1153 omni
2978 1098 3182 1153 invidia
3232 1101 3495 1171 omnique

1905 1193 2032 1249 odio
2061 1202 2193 1249 sunt
2219 1193 2508 1257 immunes.
2555 1193 2878 1247 charitatem
2934 1208 3064 1248 vero
3112 1192 3382 1248 sinceram
3430 1209 3495 1249 ac

1905 1278 2199 1349 perfectam
2231 1301 2361 1355 erga
2407 1286 2617 1341 similes
2649 1287 2947 1339 ostendunt
2976 1324 2991 1350 ,
3026 1286 3169 1355 quod
3219 1296 3301 1340 est
3340 1301 3496 1339 sum-

1906 1396 2054 1435 mam
2089 1378 2344 1448 attigisse
2392 1378 2821 1449 philosophiam.
2872 1376 3109 1434 Necesse
3145 1380 3377 1449 proinde
3411 1389 3492 1434 est

1904 1474 2051 1537 illos,
2081 1475 2281 1544 quibus
2311 1473 2458 1529 istud
2490 1472 2759 1542 contingit
2784 1471 3067 1540 gaudium,
3092 1473 3338 1527 omnium
3372 1488 3493 1527 esse

1903 1567 2147 1637 Optimos
2166 1581 2231 1622 ac
2257 1564 2717 1635 sapientissimos,
2742 1565 2827 1619 his
2855 1575 3036 1619 autem
3070 1565 3319 1618 omnium
3347 1566 3493 1634 opti-

1905 1659 2008 1714 mis
2048 1668 2103 1714 et
2166 1657 2595 1728 sapientissimis
2639 1657 2784 1710 istud
2842 1657 3161 1727 contingere
3204 1658 3490 1727 gaudium.

1904 1754 2261 1817 Consequens
2292 1760 2375 1804 est
2407 1749 2552 1805 enim
2586 1748 2711 1803 boni
2746 1750 3035 1818 participes
3068 1750 3195 1805 boni
3222 1761 3495 1805 monstra-

229 1830 319 1881 καὶ
357 1828 567 1897 ταύτης
606 1834 848 1900 μετεῖναι
875 1833 974 1903 τῆς
1024 1834 1239 1905 ήδονῆς.
1287 1836 1608 1892 Ἀκόλουθον
1663 1840 1793 1913 γάρ,

1904 1860 1965 1900 re
1996 1853 2249 1899 naturam
2279 1843 2333 1897 in
2368 1842 2585 1909 anima;
2613 1842 2772 1897 istius
2803 1852 2990 1898 autem
3030 1843 3155 1897 boni
3181 1852 3375 1898 natura
3410 1852 3494 1897 est

220 1918 307 1971 τοῦ
344 1921 557 1989 ἀγαθοῦ
590 1923 966 1994 μετασχόντας
998 1926 1097 1995 τὴν
1124 1925 1222 1979 τοῦ
1253 1926 1462 1996 ἀγαθοῦ
1520 1928 1797 1985 δεικνύναι

214 2010 380 2079 φύσιν
407 2015 467 2065 ὲν
492 2016 554 2085 τῇ
592 2016 737 2086 ψυχῇ
760 2033 772 2047 ο
806 2017 1015 2071 ἐκείνου
1044 2018 1101 2072 δὲ
1133 2019 1226 2073 τοῦ
1248 2020 1456 2090 ἀγαθοῦ
1500 2022 1663 2092 φύσις
1705 2026 1797 2077 Ex-

212 2101 428 2168 χεῖσθαι
463 2104 557 2156 καὶ
592 2106 993 2174 μεταδίδοσθαι.
1021 2108 1291 2182 Καθάπερ
1326 2113 1438 2183 γὰρ
1469 2112 1637 2167 αὐτοῦ
1663 2113 1802 2168 πάν-

214 2206 285 2243 τα
314 2193 554 2259 ἐφίεται,
616 2195 759 2249 οὕτω
814 2198 907 2251 καὶ
954 2199 1089 2253 αὐτὸ
1151 2202 1361 2272 πέφυκε
1419 2203 1556 2274 πρὸς
1615 2204 1796 2259 πάντα

214 2285 447 2351 χωρεῖν·
478 2286 600 2339 οὐδὲ
633 2290 743 2360 γάρ
777 2288 844 2343 ἂν
873 2291 1053 2345 πάντα
1085 2292 1251 2347 αὐτοῦ
1282 2295 1572 2366 τυγχάνειν
1596 2296 1797 2352 ἐπεθύ-

212 2391 383 2442 μουν,
418 2377 467 2428 εί
518 2378 593 2447 μὴ
627 2382 797 2433 πᾶσιν
836 2381 1001 2435 ἑαυτὸ
1051 2387 1314 2456 παρεῖχεν
1346 2388 1523 2441 ὲκεῖνο
1547 2405 1561 2421 ·
1591 2390 1794 2460 ματαί-

208 2484 277 2518 αν
308 2469 420 2539 γάρ
452 2464 592 2522 εἶναι
617 2471 715 2541 τὴν
749 2472 1049 2543 ἐπιθυμίαν
1086 2476 1231 2530 οῦτω
1268 2481 1587 2550 κοινοτάτην
1607 2481 1793 2551 οὖσαν,

213 2558 334 2621 πῶς
363 2559 620 2628 εὖλογον,
654 2563 821 2617 Ὅθεν
859 2566 957 2617 καὶ
994 2567 1087 2620 τὸν
1135 2568 1339 2637 ἀγαθὸν
1380 2571 1665 2643 ἄνθρωπον
1691 2574 1798 2628 ὥσ-

214 2666 325 2720 περ
361 2652 563 2721 ἑαυτῷ,
590 2654 732 2708 οῦτω
777 2657 873 2711 καὶ
903 2660 1041 2713 πᾶσι
1067 2662 1333 2733 παρέχειν
1382 2664 1597 2731 ἑαυτὸν,
1640 2670 1668 2720 ὁ
1696 2668 1796 2738 τῆς

211 2745 585 2815 χρηστότητος
611 2748 834 2802 ἀπαιτεῖ
881 2748 1056 2819 λόγος,
1090 2754 1187 2805 καὶ
1235 2754 1489 2809 ἀνιᾶσθαι
1520 2759 1615 2810 καὶ
1671 2758 1796 2828 ἤδει

212 2831 342 2885 σθαι
380 2835 475 2889 καὶ
501 2836 678 2891 ὁτιοῦν
710 2840 946 2912 πάσχειν
969 2840 1072 2914 τὴν
1125 2843 1326 2914 ψυχὴν,
1378 2848 1517 2916 πρὸς
1562 2848 1630 2902 τά
1685 2851 1793 2905 τῶν

210 2922 394 2980 ἄλλων
422 2929 576 2984 οὐδὲν
597 2925 761 3003 ἦττον
800 2934 833 3004 ἢ
868 2936 936 2987 τά
962 2934 1129 2989 αὐτοῦ
1150 2953 1166 2967 ⁸
1197 2938 1291 2989 καὶ
1322 2937 1497 3002 άλλως
1530 2939 1586 2993 δὲ
1615 2941 1672 2994 τὸ
1692 2942 1788 2995 τοῦ

1904 1935 2108 1991 effundi
2160 1944 2216 1990 et
2267 1934 2691 1991 communicari.
2749 1932 2906 1989 Sicut
2937 1935 3085 1989 enim
3115 1935 3265 1990 illius
3294 1946 3492 1990 cuncta

1901 2027 2239 2090 desiderant,
2272 2026 2353 2083 sic
2400 2034 2454 2081 et
2484 2025 2663 2095 ipsum
2707 2034 2898 2080 uatum
2946 2034 3031 2081 est
3057 2026 3125 2081 ad
3156 2027 3338 2080 omnia
3375 2041 3493 2080 an:-

1904 2120 2250 2190 plectendum
2281 2137 2297 2175 :
2326 2135 2453 2175 nam
2477 2119 2660 2174 omnia
2691 2118 2842 2175 illius
2862 2120 3107 2175 obtinere
3135 2135 3242 2173 non
3278 2119 3488 2174 deside-

1901 2224 2109 2275 rarent.
2141 2211 2247 2267 nisi
2276 2211 2492 2267 cunctis
2521 2210 2760 2280 seipsum
2787 2210 3049 2280 praeberet
3074 2227 3089 2264 :
3114 2225 3313 2264 vanum
3342 2211 3488 2264 enim

1903 2322 2026 2363 esse
2059 2304 2390 2361 desiderium
2420 2304 2553 2358 illud
2599 2303 3141 2366 communissimum,
3182 2318 3311 2356 num
3352 2303 3479 2358 veri-

1905 2398 2085 2454 simile
2113 2397 2237 2453 θειῖ
2258 2396 2411 2452 Unde
2432 2395 2573 2465 frugi
2601 2395 2873 2450 hominem
2893 2395 3035 2449 sicut
3059 2395 3159 2450 sibi
3186 2395 3312 2464 ipsi,
3332 2395 3410 2449 sic
3436 2403 3489 2448 et

1905 2489 2160 2545 omnibus
2189 2503 2249 2542 se
2280 2487 2542 2557 praebere,
2594 2486 2847 2539 bonitatis
2899 2486 3038 2539 ratio
3085 2485 3344 2553 reposcit,
3391 2501 3490 2540 nec

1904 2599 2011 2638 non
2046 2583 2251 2647 dolere,
2284 2582 2475 2641 laetari.
2504 2580 2778 2649 aliamque
2810 2579 3110 2648 quamlibet
3141 2578 3486 2633 affectionem

1901 2673 1969 2727 ad
2005 2687 2093 2727 res
2117 2672 2348 2726 aliorum
2389 2685 2497 2725 non
2544 2670 2728 2725 minus
2770 2679 2935 2739 atque
2968 2668 3034 2722 ad
3068 2684 3198 2724 suas
3228 2668 3487 2738 experiri,

1902 2763 2136 2817 Aliunde
2176 2762 2266 2816 Dei
2324 2762 2584 2831 philtrum
2641 2776 2895 2832 magnam
2936 2761 3014 2815 illi
3058 2760 3299 2831 suggerit
3350 2760 3487 2813 laeti-

1902 2855 2070 2909 tiam:
2103 2870 2210 2908 non
2252 2856 2397 2910 enim
2445 2852 2645 2908 dilecto
2675 2862 2910 2919 tantmn,
2942 2852 3035 2907 sed
3066 2853 3228 2906 etiam
3284 2851 3488 2921 quibus

1903 2943 2023 3013 ipse
2054 2942 2275 3013 gaudet,
2308 2942 2657 3011 congaudere
2687 2956 2911 2997 necesse
2942 2951 3025 2995 est
3056 2943 3317 2995 amicum.

210 3017 351 3072 Θεοῦ
386 3022 607 3094 φίλτρον
629 3024 837 3098 ταύτην
892 3028 1057 3082 αὐτὸν
1086 3030 1382 3100 ἐργάζεται
1426 3033 1524 3103 τὴν
1587 3039 1801 3106 χαράν·
1877 3037 1940 3091 ού
1977 3038 2086 3108 γάρ
2156 3037 2305 3107 αύτῷ
2346 3045 2423 3107 τῷ
2480 3035 2788 3107 φιλουμένῳ
2836 3035 3017 3106 μόνον,
3079 3035 3217 3088 ἀλλά
3264 3033 3361 3088 καὶ
3404 3029 3488 3096 οἷς

208 3118 376 3181 αὐτὸς
402 3122 607 3192 χαίρει,
633 3127 844 3195 χαίρειν
875 3126 1086 3198 ἀνάγκη
1121 3129 1213 3181 τὸν
1244 3130 1504 3202 ἐραστήν.

288 3213 543 3283 Ἦκομεν
569 3216 626 3269 δὲ
658 3217 744 3269 ἐπ’
771 3219 941 3290 αὐτὴν
974 3219 1071 3290 τὴν
1103 3222 1447 3295 τελεωτάτην
1500 3223 1596 3279 καὶ
1626 3226 1793 3279 καθα-

1972 3221 2236 3276 Venimus
2261 3220 2372 3290 jam
2405 3220 2471 3273 ad
2520 3216 2974 3287 perfectissimam
3012 3229 3077 3270 ac
3107 3231 3299 3285 puram
3332 3216 3489 3269 volu-

215 3302 318 3369 ράν
342 3304 558 3375 ἡδονήν.
605 3306 758 3360 Ἐπεὶ
778 3309 892 3380 γάρ
930 3311 1021 3363 τὸν
1054 3311 1188 3366 Θεὸν
1238 3314 1386 3381 φιλεί
1415 3314 1522 3385 πρὸ
1570 3314 1789 3369 πάντων

1897 3323 2127 3387 ptatem.
2156 3311 2294 3368 Cum
2344 3311 2488 3366 enim
2538 3309 2707 3365 Deum
2762 3323 2871 3379 prae
2931 3306 3146 3362 cunctis
3198 3305 3376 3377 diligit
3425 3306 3479 3358 in

210 3396 241 3445 ὀ
292 3393 406 3457 ζῶν
466 3396 524 3447 ὲν
561 3396 710 3467 αὐτῷ
753 3400 850 3452 καὶ
890 3401 1072 3470 χαίρει
1124 3401 1224 3473 τὴν
1256 3404 1551 3459 ἀκόλουθον
1589 3407 1790 3478 τοσῷδε

210 3485 426 3554 φίλτρῳ
457 3488 652 3557 χαράν,
681 3489 885 3557 μᾶλλον
926 3491 983 3544 δὲ
1016 3493 1416 3566 άκριὸέστερον
1436 3496 1511 3563 ,ἂν
1542 3499 1627 3568 εῐη
1657 3498 1793 3553 θεω-

210 3578 413 3645 ρητέον
442 3578 631 3649 αὐτὴν,
677 3581 842 3652 ἡλίκη
896 3584 981 3646 τίς
1014 3588 1132 3638 ἐστι
1166 3588 1263 3640 καὶ
1313 3588 1459 3651 ὅπως
1513 3589 1627 3661 ἔχει
1667 3609 1792 3644 σκο-

206 3670 478 3735 ποῦντας.
505 3673 735 3743 Πρῶτον
767 3675 869 3743 μὲν
900 3678 1006 3749 γάρ
1033 3679 1131 3749 οὐχ
1159 3680 1351 3734 ἑαυτὸν
1382 3683 1562 3735 αἰτίαν
1623 3686 1793 3736 ποιεῖ-

204 3779 303 3815 ται
345 3764 448 3833 τῆς
495 3766 581 3818 ἐπ’
612 3768 804 3839 ἐκείνῳ
855 3772 1050 3840 χαρᾶς,
1080 3772 1188 3825 οὐδ’
1230 3773 1361 3844 ἡδύς
1405 3777 1556 3829 εστιν
1604 3777 1632 3828 ὁ
1661 3776 1791 3839 Θεὸς

204 3856 385 3925 αὐτῷ,
423 3859 505 3910 ὅτι
535 3858 685 3930 αὑτῷ
719 3863 868 3914 ἐστιν
896 3862 1121 3929 ἀγαθός.
1158 3865 1330 3918 Τοῦτο
1378 3865 1487 3935 γάρ
1545 3869 1699 3920 ἐστιν
1727 3868 1789 3920 ού

203 3947 303 4002 τὸν
352 3950 488 4001 Θεδν
518 3950 681 4004 αὑτὸν
708 3952 925 4023 ἀληθῶς
963 3955 1244 4023 φιλοῦντος
1270 3958 1366 4010 καὶ
1423 3957 1620 4011 ἑαυτὸν
1652 3958 1791 4028 μᾶλ-

202 4043 301 4094 λον
338 4042 640 4111 φιλοῦντος,
675 4047 768 4098 καὶ
816 4047 953 4117 πρὸς
1004 4049 1195 4102 ἑαυτὸν
1260 4049 1318 4102 ὲν
1364 4043 1446 4112 οἷς
1522 4050 1793 4103 ποιεῖσθαι

203 4134 468 4205 καθάπερ
501 4136 650 4200 τέλος
675 4138 931 4205 όρῶντος.
972 4139 1080 4194 Ποῦ
1116 4141 1173 4193 δὲ
1212 4140 1553 4210 εὐγνώμονος
1576 4141 1788 4211 ἀνδρὸς,

208 4226 291 4295 μὴ
318 4227 495 4295 φιλεῖν
531 4227 695 4281 αὐτὸν
726 4230 935 4300 ,κυρίως
966 4233 1057 4283 τὸν
1087 4232 1384 4301 εὐεργέτην
1410 4248 1425 4298 ;
1459 4231 1561 4286 ποῦ
1609 4232 1665 4285 δὲ
1712 4231 1788 4286 δι.

205 4320 391 4384 καίου,
431 4319 511 4388 τῷ
544 4321 791 4399 μεγίστῳ
839 4322 950 4375 τῶν
1015 4322 1221 4388 ἐφετῶν
1270 4325 1369 4392 τῆς
1426 4323 1644 4391 ἀγάπης
1692 4324 1790 4393 τὴν

204 4409 422 4463 ἐλάττω
450 4411 638 4481 νέμειν
689 4415 881 4483 μερίδι
910 4431 927 4480 ;
964 4412 1067 4466 ποῦ
1107 4415 1162 4467 δὲ
1196 4414 1385 4483 σοφοῦ,
1420 4414 1515 4467 τοῦ
1551 4417 1789 4487 ἐσχάτου

204 4501 399 4564 τέλους
427 4502 559 4555 ἀλλο
615 4520 671 4555 τι
732 4506 1043 4577 περαιτέρω
1086 4505 1332 4571 τιθέναι;
1374 4506 1533 4560 Ἐπεὶ
1583 4508 1638 4561 δὲ
1692 4508 1788 4561 καὶ

1896 3410 2016 3477 ipso
2060 3405 2273 3469 vivens,
2309 3413 2361 3459 et
2396 3403 2655 3474 gaudium
2691 3401 2819 3456 huic
2864 3400 3035 3453 amori
3077 3407 3479 3467 consequenter

1893 3515 2165 3557 annexum
2240 3497 2443 3561 sentit,
2509 3494 2705 3565 majori
2734 3492 3016 3563 diligentia
3084 3490 3478 3546 consideranda

1895 3602 1980 3649 est
2027 3593 2147 3664 ejus
2218 3600 2414 3644 natura
2489 3596 2543 3642 et
2630 3587 2901 3641 connexio
2964 3586 3031 3639 ad
3094 3585 3477 3654 philosophos.

1892 3687 2079 3739 Primo
2109 3683 2254 3737 enim
2293 3697 2401 3735 non
2436 3680 2679 3749 seipsum
2734 3678 2889 3747 ponit
2923 3677 3141 3740 laztitize,
3171 3689 3333 3743 quam
3379 3676 3480 3728 lia-

1890 3778 1984 3833 bet
2022 3776 2078 3830 in
2110 3776 2226 3840 illo,
2256 3788 2504 3835 causam,
2541 3786 2642 3825 nec
2672 3771 2774 3840 ipsi
2833 3768 2976 3823 Deus
3039 3779 3123 3823 est
3166 3768 3474 3837 jucnnilus,

1890 3867 2149 3937 quoniam
2204 3874 2287 3919 est
2338 3863 2440 3933 ipsi
2492 3865 2690 3915 bonus.
2748 3858 2864 3913 Hoc
2901 3861 3045 3913 enim
3082 3874 3191 3911 non
3234 3866 3315 3912 est
3351 3874 3476 3911 vere

1890 3960 2166 4028 diligentis
2219 3954 2411 4018 Deum.
2458 3953 2551 4009 sed
2604 3951 2786 4021 palius
2836 3950 3075 4017 Seipsutn
3120 3954 3377 4015 amantis,
3422 3956 3478 4003 et

1891 4064 2083 4103 omnes
2107 4048 2351 4100 actiones
2375 4044 2513 4097 adse
2536 4056 2790 4111 tanquam
2819 4039 2977 4092 finem
3007 4038 3316 4094 referentis.
3342 4040 3477 4105 Quis

1890 4150 2069 4194 autem
2103 4141 2267 4193 homo
2295 4136 2431 4190 bene
2462 4145 2705 4189 moratus
2761 4148 3036 4186 summum
3072 4134 3473 4187 bcnel’actorem

1892 4247 2000 4287 non
2059 4231 2245 4285 amet?
2278 4229 2412 4296 Quis
2471 4228 2677 4296 justus,
2730 4225 2972 4279 maximo
3013 4224 3139 4278 duci
3204 4226 3473 4279 minorem

1890 4322 2174 4378 charitalis
2219 4321 2422 4375 tribuat
2466 4316 2708 4388 partem?
2732 4315 2866 4382 Quis
2889 4316 3108 4385 sapiens
3138 4315 3280 4368 aliud
3317 4317 3476 4385 quid-

1892 4413 2016 4467 dam
2064 4414 2117 4466 in
2168 4412 2361 4466 ultimo
2392 4410 2498 4464 fine
2554 4408 3047 4479 ponatiQuoniam
3081 4419 3260 4463 autem
3296 4410 3473 4478 ipsqu

1892 4504 2241 4571 prudentem,
2280 4503 2489 4571 justum
2523 4511 2577 4555 et
2610 4504 2913 4569 sapientem
2956 4516 3079 4555 esse
3105 4516 3319 4572 aequum
3367 4512 3473 4565 est,

202 4596 533 4662 εὐγνώμονα
568 4597 731 4650 αὑτὸν
759 4598 906 4661 εἰκὸς
933 4593 1071 4651 εἶναι
1109 4601 1203 4651 καὶ
1228 4598 1436 4652 δίκαιον
1471 4601 1563 4652 καὶ
1602 4602 1786 4669 σοφὸν,

1897 4610 2118 4649 necesse
2141 4602 2224 4648 est
2261 4602 2314 4647 ut
2344 4593 2531 4663 diligat
2564 4592 2731 4647 Deum
2762 4602 2816 4646 et
2841 4592 2893 4645 in
2946 4592 3205 4660 majorem
3250 4596 3474 4648 modum

206 4690 428 4755 ἀνάγκη
460 4690 553 4739 καὶ
585 4690 762 4755 φιλεῖν
788 4689 879 4741 τὸν
922 4689 1074 4755 Θεὸν,
1114 4691 1208 4741 καὶ
1234 4702 1235 4705 ‘
1261 4690 1473 4759 χαίρειν
1507 4691 1655 4761 αύτῷ
1696 4697 1787 4745 τιν

205 4779 433 4845 ἄριστον
456 4780 683 4848 τρόπον,
727 4781 917 4833 ἔπειτα
950 4781 1148 4850 συνεχῆ
1180 4781 1272 4834 xa‘t
1304 4778 1530 4849 βεϐαίαν
1556 4780 1659 4853 τὴν
1686 4801 1788 4853 χα-

209 4872 338 4936 ράν,
367 4870 447 4922 ἔτι
474 4872 533 4923 δὲ
565 4873 657 4924 καὶ
680 4873 941 4941 ὑπερφυᾶ
995 4889 1118 4925 τινα
1171 4876 1266 4925 καὶ
1294 4872 1612 4943 θαυμαστὴν
1663 4875 1790 4927 ἀκό-

206 4962 402 5014 λουθον
432 4958 595 5016 εἶναι.
628 4964 834 5032 Συνεχῆ
880 4966 1002 5032 μὶν,
1026 4964 1107 5017 ὅτι
1148 4967 1262 5027 τοῖς
1314 4962 1408 5016 τοῦ
1449 4962 1786 5033 ποθουμένου

209 5055 467 5107 σύνεστιν
498 5056 781 5118 ἑκάστοτε,
822 5058 918 5108 καὶ
951 5052 1028 5117 οἷς
1060 5058 1377 5126 ἐντυγχάνει
1411 5056 1505 5110 τὸν
1535 5058 1621 5109 ἀεὶ
1662 5058 1787 5127 χεό-

209 5155 322 5202 νον,
352 5141 449 5191 καὶ
475 5138 511 5191 ἃ.
543 5140 621 5208 τῷ
652 5137 867 5209 σώματι
898 5138 1119 5210 χρῆται,
1161 5142 1253 5192 καὶ
1292 5140 1327 5193 ἂ
1358 5138 1656 5208 λογίζεται,
1692 5143 1786 5193 καὶ

209 5230 279 5282 δι’
303 5226 378 5284 ὧν
419 5234 715 5301 ὑφέστηκε,
749 5233 844 5285 καὶ
872 5229 952 5295 οἷς
988 5231 1053 5302 ζῇ
1084 5231 1173 5285 καὶ
1228 5232 1475 5302 περίεστι
1509 5233 1604 5285 καὶ
1632 5236 1779 5302 ὲνερο

213 5327 319 5390 γεῖ,
360 5327 454 5378 καὶ
488 5326 738 5378 ὁπωσοῦν
780 5325 892 5395 ἔχει
936 5325 1029 5377 καὶ
1063 5323 1301 5391 γίνεται·
1340 5324 1518 5377 πάντα
1561 5324 1657 5393 μὲν
1706 5321 1785 5378 οἷο

216 5416 306 5467 δεν
331 5417 469 5486 ἔργα
502 5418 660 5477 Θεοῦ,
691 5418 870 5471 πάντα
891 5417 947 5469 δὲ
982 5415 1131 5486 αὐτῷ
1176 5419 1397 5487 συνεχῆ,
1428 5416 1551 5469 ὅθεν
1606 5418 1785 5472 πάντα

226 5508 324 5574 μὲν
356 5509 629 5579 αὐτῷτὴν
659 5510 871 5562 ἐκείνου
925 5509 1186 5578 συντηρεῖ
1233 5509 1476 5577 μνήμην,
1520 5508 1695 5562 πάντα
1726 5510 1783 5563 δὲ

220 5599 283 5651 τὸ
310 5601 530 5671 φίλτρον
569 5600 838 5654 άσὸεστον
896 5599 1175 5668 φυλάττει,
1226 5599 1398 5653 πάντα
1454 5599 1512 5652 δὲ
1570 5599 1782 5668 τέρπει,

222 5692 317 5743 καὶ
344 5691 467 5745 οὒτε
504 5693 666 5755 αὐτὸς
695 5690 761 5744 ἂν
784 5693 977 5745 ἑαυτὸν
1020 5690 1302 5757 ἀπολίποι,
1344 5689 1471 5743 οὐδὲ
1526 5690 1784 5743 παύσαιτ’

222 5783 294 5834 ἂν
327 5782 498 5853 ἐαυτῷ
528 5786 723 5850 συνὼν,
761 5782 884 5838 οὔτε
917 5782 1015 5856 τὴν
1061 5784 1240 5855 χαρὰν
1273 5782 1479 5853 ταύτην
1518 5782 1785 5853 διακοπῆ-

1895 4689 1961 4743 tle
1993 4690 2107 4756 ipso
2129 4687 2382 4756 gaudeat,
2408 4685 2605 4740 deinde
2631 4686 2949 4739 continuam
2984 4686 3325 4755 solidamque
3350 4701 3474 4742 esse

1897 4779 2159 4842 lzetitiam,
2180 4791 2412 4846 eamque
2447 4775 2746 4845 quamdam
2778 4778 3251 4843 supernaturalem
3276 4794 3339 4833 ac
3367 4780 3469 4833 mi»

1896 4888 2011 4926 ram
2041 4884 2162 4925 esse
2201 4876 2620 4938 consequenter.
2656 4868 2927 4922 Continua
2966 4868 3189 4938 quidem
3224 4885 3344 4924 esse
3378 4873 3443 4924 de

1895 4963 2005 5023 but,
2049 4962 2302 5031 quoniam
2345 4975 2557 5027 semper
2591 4958 2756 5011 rebus
2807 4957 2993 5012 dilecti
3028 4959 3303 5027 convivit,
3354 4962 3473 5016 sive

1892 5052 2091 5120 quibus
2122 5052 2456 5104 inces:anter
2488 5050 2749 5114 oci‘urrit,
2780 5050 2895 5101 sive
2924 5050 3125 5119 quibus
3153 5052 3323 5105 utitur
3346 5067 3463 5105 cor-

1892 5159 2046 5211 pore.
2092 5144 2208 5197 sive
2252 5157 2373 5212 qu.e
2428 5143 2705 5210 rcwgitat,
2751 5141 2866 5195 sive
2933 5142 3132 5210 quibus
3194 5146 3469 5209 consistit,

1892 5235 2005 5289 sive
2044 5236 2245 5302 quibus
2271 5234 2419 5295 vivit,
2453 5242 2723 5296 superest,
2756 5246 2806 5287 et
2837 5234 3041 5302 aliquid
3065 5233 3224 5296 valet,
3260 5241 3314 5288 et
3335 5252 3472 5303 quo.

1893 5340 2002 5392 quo
2036 5326 2196 5377 modo
2227 5334 2358 5379 ‘sese
2400 5334 2579 5377 movet
2610 5335 2663 5377 et
2710 5324 2842 5390 agit.
2879 5321 3001 5376 lhec
3036 5324 3220 5376 omnia
3248 5324 3465 5390 quidem

1880 5430 2039 5483 Opera
2067 5414 2155 5468 Dei
2184 5416 2352 5479 novit.
2385 5416 2478 5469 sed
2504 5416 2607 5485 ipsi
2627 5425 2756 5469 sunt
2781 5416 3061 5478 continua;
3089 5414 3469 5483 omnia'igitur

1881 5506 1982 5577 ipsi
2017 5509 2333 5561 memoriam
2372 5507 2518 5562 illius
2552 5514 2834 5577 praestant,
2881 5514 3078 5559 cuncta
3115 5504 3464 5559 dilectionem

1885 5583 2385 5670 inexstinguibilem
2422 5610 2664 5663 servant,
2715 5606 2911 5653 cuncta
2943 5596 3241 5660 laetificum;
3286 5606 3341 5651 et
3372 5614 3467 5651 ne—

1883 5707 1990 5762 que
2028 5692 2374 5761 semetipsum
2442 5695 2557 5764 ipse
2624 5694 3067 5764 derelinqueret,
3116 5708 3290 5764 neque
3341 5707 3464 5746 ces-

1884 5794 2034 5844 saret
2073 5800 2192 5842 esse
2236 5787 2340 5843 sibi
2390 5790 2666 5855 conscius,
2694 5804 2870 5859 neque
2908 5788 3022 5845 fieri
3061 5796 3243 5861 potest
3271 5789 3464 5844 uthaec
