3920 6206
269 352 363 413 7U9
1283 363 1380 421 DE
1414 360 1588 420 VITA
1625 359 1699 417 ΙΝ
1743 358 2080 417 CHRISTO
2115 359 2252 418 LIB.
2289 359 2426 419 Vll.

3388 363 3490 428 710

266 471 351 522 καὶ
381 469 482 538 τῆς
515 468 613 540 μὲν
647 471 832 534 πενίας
872 471 1282 526 ἐπιλανθάνεται
1321 474 1419 542 τῆς
1472 469 1658 528 αὐτοῦ,
1692 469 1813 537 πρὸς

1934 466 2143 522 oblitus
2207 467 2566 536 paupertatis,
2605 468 2673 523 ad
2710 468 2841 524 istas
2894 469 3072 525 inhiat
3103 469 3350 539 divitias;
3378 474 3496 528 l'or-

266 561 313 612 δέ
340 560 434 611 τὸν
467 561 699 612 πλοῦτον
729 562 960 631 κέχηνεν
990 563 1218 624 ἐκεῖνον,
1253 564 1347 614 καὶ
1375 561 1471 631 τὴν
1499 563 1597 629 μὲν
1629 561 1701 623 ὡς
1731 562 1824 614 ἀλ-

262 649 468 717 λοτρίαν
494 650 597 717 ὀρᾷ
629 648 820 720 τύχην,
849 652 939 702 τὸν
965 651 1020 704 δὲ
1044 649 1116 714 ὡς
1139 653 1338 703 οἰκεῖον
1366 651 1583 720 ἡγεῖται
1611 650 1817 719 κτῆμα·

266 741 319 791 οὐ
357 739 424 790 δι’
463 741 679 809 ἐκείνην
726 741 946 811 ἐνόμισε
996 743 1302 811 δυστυχεῖν,
1334 742 1469 795 ἀλλὰ
1515 742 1600 794 διὰ
1630 741 1821 794 τοῦτον

265 829 510 883 πλούσιον
542 832 683 898 ἕγνω
710 833 802 886 καὶ
841 835 1111 904 μακάριον
1159 834 1372 887 ἑαυτόν.
1435 833 1502 886 Ἥ
1567 833 1676 903 γὰρ
1722 835 1821 902 τῆς

266 923 475 990 ἀγάπης
503 922 733 990 δύναμις
765 926 875 986 τοῖς
923 920 1120 993 ἐρῶσιν
1173 927 1351 978 οἰκεῖα
1387 924 1456 976 τὰ
1487 923 1597 976 τῶν
1639 925 1823 991 φιλου-

269 1014 435 1080 μένων
455 1007 563 1065 οἶδε
596 1017 800 1067 ποιεῖν⁹
827 1015 952 1066 ἐπεὶ
971 1015 1026 1067 δὲ
1059 1017 1091 1086 ἡ
1125 1016 1223 1085 τῆς
1263 1016 1534 1084 θελήσεως
1583 1018 1677 1069 καὶ
1721 1019 1821 1085 τῆς

269 1103 553 1171 ἐπιθυμίας
584 1103 814 1174 δύναμις
843 1108 954 1168 τοῖς
1003 1106 1181 1172 ἁγίοις
1203 1107 1282 1168 εἰς
1308 1107 1397 1159 τὸν
1447 1106 1579 1160 Θεὸν
1610 1105 1823 1160 ἀνάλω-

268 1212 348 1247 ται
380 1198 548 1255 πᾶσα.
588 1197 746 1264 μόνον
776 1199 981 1250 ἐκεῖνον
1035 1198 1238 1266 ἀγαθὸν
1287 1200 1488 1252 οἰκεῖον
1534 1198 1819 1267 ἡγοῦνται·

269 1288 354 1340 καὶ
381 1286 501 1340 οὔτε
539 1287 697 1357 σῶμα
735 1289 932 1351 αὐτοὺς
973 1288 1197 1342 δύναται
1239 1291 1462 1359 τέρπειν
1508 1289 1630 1342 οὔτε
1672 1289 1821 1360 ψυχὴ

269 1379 379 1428 οὒτε
414 1379 480 1430 τὰ
511 1377 609 1446 τῆς
634 1379 814 1448 ψυχῆς
876 1379 1195 1446 ἁγαθά,οὐκ
1223 1381 1352 1433 ἄλλο
1399 1397 1451 1431 τι
1502 1380 1612 1432 τῶν
1660 1381 1819 1448 φύσει

271 1467 536 1532 συγγενῶν
563 1469 655 1519 καὶ
684 1469 921 1535 οίκείων,
964 1471 1045 1521 ὅτι
1067 1469 1273 1521 τούτων
1301 1470 1454 1522 οὐδὲν
1479 1471 1660 1532 αὐτοῖς
1703 1473 1820 1523 ἐστι.

265 1558 329 1610 δι’
381 1560 545 1631 ἐαυτὸ
603 1560 858 1630 φιλητόν
909 1562 1022 1613 ἀλλ’
1069 1562 1143 1624 ὡς
1199 1562 1265 1615 ἂν
1320 1562 1575 1626 καθάπαξ
1612 1564 1821 1617 ἑαυτῶν

267 1651 636 1718 ἐξεληλυθότες
669 1656 763 1707 καὶ
795 1655 1212 1724 μετενεγκόντες
1261 1655 1487 1726 ἑτέρωθι
1537 1657 1635 1727 τὴν
1675 1658 1819 1727 ζωὴν

260 1745 349 1793 καὶ
376 1744 472 1810 τὴν
509 1744 810 1815 ἐπιθυμίαν
862 1746 1082 1800 ἃπασαν
1107 1749 1332 1809 ἑαυτοὺς
1375 1748 1672 1819 ἠγνόησαν.
1707 1750 1819 1802 Καὶ

1927 567 2113 613 tunam
2143 567 2200 612 ut
2221 569 2534 614 exlraneam
2562 559 2727 624 videt,
2764 561 2914 614 illum
2935 572 3116 617 autem
3141 572 3200 620 ut
3221 568 3492 634 propriam

1935 648 2348 717 possessionem
2379 647 2709 702 considerat.
2737 647 2856 702 Non
2889 666 2984 716 per
3013 651 3157 704 illam
3201 668 3261 707 se
3293 657 3500 723 putavit

1927 740 2212 804 miserum,
2239 740 2329 793 sed
2354 754 2450 807 per
2473 741 2619 794 hunc
2643 755 2766 795 sese
2785 741 3004 796 divitem
3021 744 3170 796 nevit
3188 754 3241 798 et
3259 745 3495 803 beatum.

1927 828 2138 883 Etenim
2186 830 2468 884 cbaritatis
2512 840 2748 898 [mlestas
2804 833 2870 886 de
2920 835 3151 902 propriis
3197 840 3497 892 amantium

1927 922 2030 977 scit
2059 921 2202 975 bona
2230 920 2412 976 facere
2437 921 2758 976 dileclornm
2787 939 2946 978 :cum
2976 939 3158 978 autem
3199 929 3497 985 voluntatis

1925 1023 1979 1066 et
2013 1012 2268 1066 desiderii
2319 1015 2556 1082 potentia
2590 1030 2649 1068 se
2692 1024 2858 1068 totam
2905 1017 2970 1069 ad
3004 1015 3174 1071 Deum
3209 1018 3260 1070 in
3291 1023 3498 1075 sanctis

1927 1103 2288 1172 consumpsit,
2341 1104 2487 1158 hunc
2511 1104 2687 1158 solum
2736 1106 3015 1174 proprium
3071 1109 3348 1164 :estimant
3399 1111 3499 1164 bo-

1926 1209 2079 1260 num,
2107 1203 2160 1249 et
2194 1210 2370 1266 neque
2397 1211 2618 1264 corpus,
2654 1213 2828 1266 neque
2851 1200 3056 1265 anima,
3094 1217 3269 1270 neque
3297 1204 3497 1258 animae

1927 1286 2090 1350 bona,
2127 1302 2226 1342 nec
2259 1287 2408 1341 aliud
2437 1289 2567 1357 quid
2597 1305 2659 1342 ex
2695 1299 2901 1343 natura:
2935 1294 3254 1362 propinquis
3283 1305 3336 1349 et
3375 1312 3499 1364 pro-

1923 1379 2059 1448 priis
2105 1381 2252 1449 ipsos
2287 1381 2561 1435 letiﬁcare
2587 1392 2782 1451 palest,
2810 1385 2937 1451 quia
2985 1386 3120 1440 nihil
3150 1386 3374 1441 istorum
3413 1398 3496 1443 est

1923 1487 2020 1541 per
2055 1487 2114 1526 se
2149 1472 2482 1542 diligendum
2518 1490 2532 1527 :
2562 1475 2656 1528 sed
2711 1475 2966 1544 tanquam
2999 1479 3166 1532 semel
3200 1496 3265 1534 ex
3296 1492 3493 1536 semet-

1925 1559 2060 1629 ipsis
2116 1561 2380 1616 exiissem
2412 1570 2466 1616 et
2500 1562 2608 1616 alio
2651 1563 2813 1617 vitam
2864 1580 3134 1628 omneque
3168 1567 3494 1624 desiderium

1925 1651 2359 1719 transtulissent,
2389 1669 2512 1708 sese
2545 1654 2958 1723 ignoraverunt.
3017 1657 3082 1712 Et
3126 1673 3235 1712 non
3268 1669 3354 1713 est
3390 1661 3497 1714 mi-

1926 1756 2069 1797 rum:
2099 1745 2383 1798 hominum
2409 1747 2556 1800 enim
2588 1761 2742 1801 amor
2769 1747 2988 1802 divitias
3017 1758 3071 1803 et
3109 1765 3335 1820 corpora
3367 1753 3498 1804 εδει-

257 1836 405 1887 οὖᾶἐν
484 1833 756 1889 ἄπιστονο
807 1840 834 1890 ό
864 1837 964 1905 μὲν
1010 1839 1119 1908 γὰρ
1178 1841 1284 1892 τῶν
1334 1817 1636 1910 ἀνθρώπων
1677 1840 1813 1911 ἔρως

1923 1843 2164 1891 temnere
2195 1837 2406 1898 suadet,
2439 1839 2762 1907 videresque
2801 1840 3012 1908 perdite
3039 1817 3288 1897 amantes
3321 1860 3496 1912 neque

258 1931 551 1998 χρημάτων
586 1933 678 1982 καὶ
730 1933 1001 2000 σωμάτων
1047 1932 1225 1986 πείθει
1289 1936 1675 2003 καταφρονεῖν,
1729 1937 1822 1989 καὶ

260 2022 386 2084 ἴδοις
417 2023 484 2074 ἂν
505 2023 634 2086 τοὺς
667 2025 912 2092 μανικῶς
941 2023 1224 2094 φιλοῦντας
1256 2024 1368 2077 οὔτ’
1418 2026 1483 2078 ἂν
1532 2027 1819 2092 εὖεκτῶσι,

257 2114 353 2181 τῆς
382 2115 572 2182 ὑγείας
624 2117 1068 2186 αἰσθανομένους,
1107 2118 1327 2170 ἐπειδὰν
1374 2121 1556 2189 χεῖρον
1597 2119 1820 2188 ἔχοντας

255 2203 424 2273 ταύτῃ
475 2205 604 2266 τοὺς
663 2205 1001 2282 ἐπιτηὸείους
1046 2206 1270 2277 ὁρῶσιν,
1326 2206 1453 2261 οὔτε
1524 2209 1816 2274 νοσοῦντας

254 2295 387 2363 πρὸς
421 2297 523 2366 τὴν
554 2298 864 2366 ὰρῤωττίαν
911 2299 1434 2368 ἐπιστρεφομένους,
1468 2300 1536 2354 ἂν
1581 2301 1810 2366 ἐκείνοις

251 2384 471 2451 ἄμεινον
501 2384 598 2455 ἔχῃ
628 2388 696 2438 τὰ
751 2387 980 2456 σώματα
1004 2402 1019 2418 ⁶
1053 2389 1147 2442 καὶ
1203 2388 1392 2442 πολλοὶ
1440 2392 1553 2454 τοῖς
1597 2391 1812 2461 ἐρωμέ-

253 2489 362 2534 νοις
391 2473 695 2542 ἀμύνοντες
727 2477 898 2545 ἡδέως
930 2476 1296 2548 ἀπέθνησκον,
1325 2479 1571 2548 ἑλόμενοι
1594 2481 1662 2534 τὰ
1706 2479 1812 2532 σώο

1924 1925 1971 1980 si
1999 1927 2236 1990 valeant,
2289 1928 2494 1983 sentire
2526 1929 2916 1994 valetudinem,
2951 1945 3075 1984 cum
3125 1932 3332 1985 amiros
3355 1935 3494 1988 male

1921 2018 2107 2072 vident
2136 2018 2378 2082 allectos,
2415 2035 2615 2090 neque,
2663 2020 2716 2074 si
2771 2021 3084 2090 lnngueant,
3115 2023 3490 2092 tgritudinem

1917 2109 2372 2176 animadvertere,
2388 2128 2511 2165 cum
2527 2113 2665 2166 bene
2681 2113 2782 2179 ipsi
2804 2113 3036 2175 valeant,
3053 2115 3341 2182 pluresque
3358 2115 3495 2168 ami-

1920 2204 1999 2256 cis
2026 2214 2412 2259 succurrentes
2440 2205 2670 2273 libenter
2691 2205 3277 2274 iiiterieruiit,corpora
3313 2208 3493 2273 potius

1925 2297 2142 2350 tradere
2190 2296 2618 2360 consentientes,
2651 2311 2813 2365 quam
2849 2297 2966 2352 illos
2999 2299 3180 2352 videre
3220 2298 3491 2353 dilacera-

1919 2398 2022 2444 tos.
2055 2389 2223 2442 Amor
2254 2399 2432 2442 autem
2462 2402 2589 2458 erga
2621 2387 2784 2442 Deum
2811 2389 3092 2443 hominum
3124 2405 3310 2445 amore
3344 2400 3491 2444 tanto

1917 2490 2164 2551 praestat,
2203 2491 2408 2550 quanto
2437 2481 2613 2548 major
2641 2490 2724 2534 est
2749 2481 3008 2535 distantia
3036 2482 3380 2536 dilectorum.

254 2583 396 2635 ματα
441 2568 731 2638 προδοῦναι
785 2571 1044 2642 μᾶλλονῆ
1094 2575 1610 2643 κατακοπτομένους
1658 2576 1899 2640 ἐκείνους
1933 2577 2084 2635 ἰδεῖν.
2132 2575 2194 2630 '0
2252 2575 2309 2629 δὲ
2350 2575 2487 2644 πρὸς
2533 2575 2669 2628 Θεὸν
2731 2575 2870 2645 ἐρως
2933 2576 3186 2631 τοσοῦτον
3227 2578 3320 2630 τοῦ
3385 2576 3492 2630 τῶν

248 2663 549 2732 ἀνθρώπων
581 2665 782 2736 ἔρωτος
817 2665 1038 2736 μείζων,
1069 2669 1287 2738 ὅσῳπερ
1325 2668 1433 2722 τῶν
1467 2669 1807 2738 φιλουμένων
1845 2671 1907 2724 τὸ
1938 2672 2128 2742 μέσον.

323 2760 384 2810 Τί
417 2759 510 2840 οὖν
541 2761 854 2823 ὑπόλοιπον.
899 2762 927 2815 ὃ
963 2763 1031 2816 δι’
1059 2763 1223 2816 αὑτὸν
1270 2762 1653 2830 ἀναλώσαμεν,
1761 2765 1813 2817 τί

254 2853 434 2920 μεῖζον
474 2854 668 2923 ἐκείνῳ
690 2854 957 2923 δώσομεν,
985 2856 1033 2906 εί
1064 2856 1137 2926 μὴ
1162 2855 1252 2907 καὶ
1279 2855 1456 2925 ψυχῆς
1477 2855 1646 2923 αὐτῆς
1668 2855 1696 2907 ὁ
1722 2874 1818 2909 κα-

252 2946 535 3015 τασχεθεὶς
563 2947 841 3016 ὑπερίδοι;
878 2947 1120 3018 Περιορᾷ
1155 2948 1331 3018 δὲτὴν
1362 2947 1542 3018 ψυχὴν
1596 2948 1813 3017 ἀληθῶς

253 3035 348 3104 οὐχ
391 3037 418 3088 ό
447 3037 509 3088 τὸ
546 3035 703 3105 σῶμα
733 3037 1080 3102 ἀποκτείνας,
1109 3037 1223 3091 ἀλλ’
1268 3039 1325 3101 ὃς
1355 3040 1526 3108 αὐτὴν
1589 3041 1809 3110 ἐκείνην

1988 2767 2129 2833 Οιιῖιί
2166 2782 2292 2837 ergo
2327 2776 2592 2837 superest,
2630 2766 2773 2836 quod
2811 2774 3030 2834 propter
3067 2765 3242 2834 ipsum
3281 2779 3487 2818 consu-

1918 2875 2154 2922 mamus,
2187 2870 2282 2914 aut
2318 2859 2447 2926 quid
2485 2858 2659 2927 majus
2685 2859 2761 2912 illi
2791 2857 3066 2915 dabimus,
3116 2857 3220 2909 nisi
3251 2859 3487 2911 animam

1917 2949 2090 3017 ipsam
2147 2951 2242 3020 qui
2299 2949 2568 3004 charitate
2627 2957 2837 3002 tenetur
2889 2948 3194 3015 despiciat?
3255 2948 3490 3016 Despicit

1918 3050 2098 3095 autem
2150 3056 2275 3096 vere
2328 3041 2590 3104 animam,
2625 3056 2731 3093 non
2765 3039 2860 3110 qui
2905 3053 3106 3104 corpus
3133 3037 3350 3101 occidit,
3396 3041 3487 3092 sel

255 3129 535 3195 προδίδωσι
573 3130 668 3182 κα)⁵
698 3129 768 3183 τὰ
799 3132 967 3201 αὐτῆς
1017 3131 1198 3198 ἀγαθά
1221 3147 1237 3163 ο
1299 3130 1586 3199 προδίδωσι
1624 3131 1682 3184 δὲ
1712 3148 1807 3184 κα-

1919 3131 2006 3200 qni
2039 3131 2183 3184 illam
2221 3132 2393 3197 ipsam
2430 3131 2710 3200 ipsiusque
2741 3130 2877 3184 bona
2909 3130 3103 3198 prodit.
3129 3129 3490 3193 Quemadmii.

255 3218 425 3287 θὰπερ
489 3221 518 3272 ό
569 3221 836 3290 μοχθηρὸς
899 3221 1034 3292 πρὸς
1094 3223 1192 3284 τὰς
1251 3220 1343 3274 τοῦ
1392 3221 1640 3291 σώματος
1695 3223 1813 3292 ἡδο-

255 3309 342 3372 νὰς
405 3311 584 3365 πάντα
633 3314 821 3365 ἐαυτὸν
869 3315 1195 3378 ἀναλίσκων,
1247 3313 1419 3376 οὕτως
1481 3317 1507 3366 ό
1569 3313 1812 3382 φιλόθεος

257 3405 426 3456 πᾶσαν
452 3403 632 3472 ψυχῆς
663 3405 940 3473 ἐνέργειαν
974 3405 1066 3458 xal.
1094 3405 1387 3472 ἐπιθυμίαν
1423 3407 1500 3468 είς
1533 3407 1623 3458 τὸν
1681 3405 1813 3458 Θεὸν

257 3495 485 3560 ἐνεγκὼν
524 3497 615 3547 καὶ
649 3497 812 3565 μηδὲν
834 3501 898 3564 τῇ
929 3497 1073 3566 ψυχῇ
1107 3498 1458 3566 καταλείψας,
1492 3500 1552 3552 El
1575 3498 1684 3568 γὰρ
1716 3499 1812 3550 καὶ

253 3583 392 3646 ὅπως
441 3581 500 3638 εὖ
553 3584 686 3655 ἔχει,
752 3590 982 3640 ποιεῖται
1019 3589 1194 3655 λόγον,
1243 3588 1355 3641 ἀλλ’
1389 3590 1449 3640 οὐ
1499 3589 1578 3657 τῷ
1631 3589 1813 3656 ζητεῖν

258 3676 462 3746 ἐκείνην
499 3679 591 3728 καὶ
635 3678 703 3729 τὰ
745 3679 915 3746 αὐτῆς
961 3679 1160 3745 ἀγαθὰ,
1194 3680 1330 3732 ἀλλὰ
1373 3681 1451 3748 τῷ
1502 3681 1675 3747 φιλεῖν
1715 3681 1806 3732 τὸν

257 3767 378 3818 Θεὸν
416 3769 505 3819 καὶ
534 3769 640 3820 τῶν
673 3770 882 3821 ἐκείνου
905 3770 1160 3838 κήδεσθαι
1190 3770 1370 3840 νόμων
1396 3771 1544 3834 ὅπως
1595 3771 1814 3835 σώζοιν-

257 3875 311 3909 το
336 3860 616 3928 ’καθάπερ
645 3863 735 3912 καὶ
761 3862 990 3929 ὀργάνου
1041 3862 1352 3931 ποιούμενοι
1407 3863 1562 3930 λόγον
1615 3859 1700 3916 διὰ
1751 3863 1811 3916 τὸ

258 3953 424 4019 ἔργον,
454 3955 552 4015 τῆς
585 3955 851 4024 περίγρας
880 3956 964 4006 διὰ
991 3955 1087 4022 τὴν
1133 3955 1370 4021 ἅμαξαν,
1411 3956 1469 4006 οὐ
1501 3955 1599 4022 τὴν
1660 3957 1812 4023 περί-

259 4064 406 4115 γραν,
441 4047 576 4100 ἀλλὰ
602 4049 699 4118 τὴν
727 4049 938 4118 ἄμαξαν
968 4047 1257 4119 ζητοῦμεν.
1297 4049 1402 4101 Καὶ
1458 4051 1554 4111 μὲν
1587 4049 1680 4099 καὶ
1711 4044 1810 4101 ὅδε

259 4140 442 4204 γένοιτ’
466 4139 532 4192 ἂν
578 4140 753 4209 δῆλον.
789 4141 856 4193 Τί
899 4141 1006 4210 γὰρ
1038 4139 1065 4192 ὃ
1099 4139 1274 4190 πειθει
1325 4140 1668 4208 περιέχεσθαι
1713 4141 1808 4208 τῆς

258 4233 419 4301 ψυχῆς
445 4233 539 4285 καὶ
569 4233 773 4304 σφόδρα
790 4233 998 4303 φιλεῖν;
1025 4233 1240 4301 Οὖδένῆ
1266 4233 1324 4285 τὸ
1346 4229 1484 4286 εἶναι
1507 4233 1807 4302 βούλεσθαι.

260 4321 397 4378 Εἶναι
422 4326 476 4378 δέ
513 4325 814 4394 βουλόμεθα
847 4325 936 4378 διὰ
971 4325 1031 4377 τὸ
1054 4321 1111 4377 εὗ
1140 4321 1297 4377 εἶναι’
1321 4327 1380 4377 οὐ
1409 4327 1517 4396 γάρ
1541 4342 1623 4387 τις
1649 4326 1712 4378 ἂν
1739 4322 1812 4378 εί-

258 4435 336 4468 ναι
357 4420 638 4488 ἀνάσχοιτο
662 4418 940 4485 δυστυχῶς
967 4415 1061 4469 ῶν·
1084 4418 1176 4469 καὶ
1201 4416 1383 4468 πολλοί
1414 4433 1475 4483 γε
1505 4416 1693 4469 τούτου
1717 4418 1812 4486 χά-

1918 3219 2046 3272 dum
2102 3229 2281 3273 autem
2337 3219 2500 3272 homo
2553 3217 2735 3273 malus
2785 3219 2855 3272 ob
2900 3217 3147 3285 corporis
3185 3217 3490 3284 voluptates

1919 3311 2097 3366 omnia
2129 3306 2248 3364 sese
2277 3311 2648 3365 consumendo
2665 3309 2865 3378 prodit,
2887 3308 2966 3364 sic
2991 3309 3083 3378 qui
3105 3309 3279 3376 diligit
3298 3307 3486 3370 Deum,

1918 3412 2132 3452 omnem
2187 3399 2381 3452 animae
2431 3399 2685 3453 virtutem
2735 3413 3004 3466 omneque
3049 3398 3372 3451 desiderium
3419 3399 3482 3451 ad

1918 3490 2096 3557 ipsum
2124 3488 2341 3543 elevans
2383 3499 2438 3544 et
2477 3489 2613 3542 nihil
2649 3490 2846 3542 animae
2878 3490 3279 3558 derelinquens.
3322 3489 3485 3551 Nam,

1917 3584 2018 3638 etsi
2051 3592 2109 3636 ut
2142 3597 2202 3637 se
2236 3585 2371 3637 bene
2401 3583 2612 3646 habeat,
2638 3584 2903 3636 rationem
2962 3599 3176 3652 semper
3205 3584 3448 3652 sequitur
3468 3623 3484 3645 ,

1917 3689 2027 3727 non
2049 3682 2227 3728 autem
2264 3673 2410 3728 illam
2449 3689 2548 3729 nec
2581 3674 2728 3728 illius
2764 3675 2900 3727 bona
2940 3689 3211 3743 quaerens,
3241 3675 3331 3727 sed
3357 3675 3488 3728 dili-

1916 3780 2046 3835 gens
2081 3766 2271 3829 Deum,
2298 3777 2348 3818 et
2384 3767 2525 3820 illius
2554 3766 2801 3820 mandata
2824 3765 3030 3820 faciens
3059 3774 3116 3818 ut
3145 3766 3277 3819 salvi
3308 3765 3434 3818 ﬁant
3463 3784 3477 3820 :

1917 3857 2370 3926 quemadmodum
2395 3857 2736 3911 instrumenti
2773 3857 3035 3911 rationem
3067 3858 3323 3912 habentes
3360 3873 3483 3926 pro-

1916 3962 2034 4023 pter
2063 3947 2437 4019 npus,circini
2470 3961 2684 4019 prepter
2712 3949 3029 4018 plaustrum,
3055 3963 3158 4000 non
3187 3949 3482 4014 circinum,

1916 4043 2007 4096 sed
2042 4043 2340 4110 plaustrum
2364 4040 2683 4109 quaerimus.
2711 4039 2776 4093 Et
2801 4041 3015 4108 quidem
3042 4054 3125 4092 res
3147 4039 3234 4092 hic
3263 4054 3482 4108 quoque

1919 4133 2203 4188 manifesta
2232 4133 2342 4186 ﬁeri
2379 4144 2572 4202 potest.
2606 4131 2741 4197 Quid
2767 4131 2980 4184 tandem
3001 4130 3193 4184 suadet
3224 4138 3281 4183 nt
3301 4132 3477 4184 anima

1915 4228 2210 4279 aestimetur
2238 4235 2293 4279 et
2326 4225 2480 4278 valde
2521 4223 2810 4291 diligatur?
2840 4221 3002 4286 Nihil,
3040 4222 3142 4274 nisi
3173 4221 3304 4290 quia
3335 4222 3482 4276 exsi-

1917 4331 2060 4377 stere
2088 4321 2356 4375 volumus.
2387 4319 2520 4374 Esse
2550 4334 2676 4374 vero
2705 4319 2978 4381 volumus,
3004 4325 3064 4369 ut
3091 4315 3224 4368 bene
3264 4315 3437 4368 simus
3463 4333 3481 4370 :

1917 4428 2023 4466 non
2054 4413 2198 4466 enim
2232 4414 2358 4480 quis
2385 4414 2551 4464 miser
2575 4423 2694 4463 esse
2716 4407 3040 4467 sustineret;
3082 4414 3136 4458 et
3172 4406 3296 4460 ideo
3324 4406 3478 4458 multi

257 4529 332 4575 ριν
350 4513 573 4573 ἑαυτοὺς
589 4511 902 4580 ἐξήνεγκαν,
922 4512 1012 4562 καὶ
1030 4511 1056 4562 ὁ
1074 4510 1286 4578 Σωτὴρ,
1313 4529 1330 4560 ι
1357 4509 1538 4561 Καλὸν
1552 4505 1618 4579 ἦν
1639 4509 1807 4576 αὐτῷ,

1919 4517 2034 4556 sese
2058 4509 2426 4571 peremerunt,
2461 4511 2515 4554 et
2546 4499 2790 4554 Salvator
2814 4499 2888 4552 ait
2915 4511 2931 4550 :
2970 4516 2988 4549 ι
3014 4495 3236 4554 Bonum
3269 4508 3385 4552 erat
3406 4498 3479 4562 ei,

253 4604 432 4670 φησιν,
457 4604 504 4655 εί
534 4603 634 4654 οὐκ
654 4601 935 4672 ἐγεννήθη.
959 4619 976 4650 ι
1018 4601 1167 4652 Ἐπεὶ
1192 4601 1246 4652 δὲ
1276 4599 1334 4652 τὸ
1349 4596 1488 4653 εἶναι
1505 4598 1681 4660 καλῶς
1704 4599 1806 4650 οὐκ

253 4698 391 4749 ἔστιν
421 4696 453 4766 ἦ
479 4696 538 4747 τὸ
559 4695 733 4762 φιλεῖν
773 4695 862 4746 τὸν
903 4692 1052 4756 Θεὸν,
1095 4691 1240 4761 δῆλοι
1269 4693 1484 4753 πάντως
1529 4691 1695 4760 ἐσμὲν
1725 4690 1810 4743 διὰ

250 4788 306 4838 τὸ
337 4787 510 4855 φιλεῖν
556 4788 648 4839 τὸν
681 4786 814 4839 Θεὸν
862 4785 1024 4852 φύσει
1080 4788 1172 4837 καὶ
1203 4783 1302 4852 τῆς
1348 4783 1526 4853 ψυχῆς
1577 4782 1809 4850 ἐρῶντες

251 4881 447 4944 αὐτῆς
485 4881 595 4940 τοῖς
654 4879 751 4945 μὲν
808 4873 901 4930 οὖν
959 4878 1197 4939 πολλοῖς,
1230 4877 1520 4944 ἀγνοοῦσιν
1582 4877 1704 4929 ὅθεν
1744 4875 1810 4929 ἂν

250 4973 430 5029 αὐτοῖς
465 4971 675 5038 γένοιτο
704 4971 762 5021 τὸ
789 4965 848 5022 εὖ
883 4964 1042 5031 εἶναι,
1085 4969 1259 5021 ἄλλων
1291 4968 1470 5029 ἄλλοις
1500 4968 1641 5038 ἔρως
1669 4968 1806 5030 ἐστὶ,

251 5065 340 5114 καὶ
379 5064 473 5116 ἐπὶ
502 5065 598 5114 τὸν
632 5061 832 5114 σκοπὸν
867 5061 1041 5129 φορᾶς
1078 5060 1483 5129 ἁμαρτάνοντες
1530 5056 1808 5127 αἱροῦνται

248 5155 526 5216 πολλάκις,
559 5154 651 5220 ἀφ’
683 5146 759 5204 ὧν
811 5152 1019 5202 ἔσονται
1070 5153 1308 5219 χείρους,
1343 5150 1439 5201 καὶ
1489 5148 1586 5218 τὴν
1631 5147 1809 5218 ψυχὴν

246 5248 364 5300 οὔτε
388 5247 620 5315 τιμῶσιν
649 5240 732 5307 οἷς
755 5244 941 5313 ἐχρῆν,
967 5243 1090 5295 οὕτε
1116 5244 1256 5296 κατὰ
1277 5243 1434 5309 λόγον
1449 5244 1806 5312 περιορῶσιν.

248 5344 305 5394 (ιι
332 5342 389 5392 δὲ
423 5339 708 5392 σπουδαῖοι
737 5338 870 5405 πρὸς
891 5335 980 5388 τὸν
1010 5335 1143 5386 Θεὸν
1167 5335 1397 5396 ἑαυτοὺς
1423 5335 1709 5397 τάξαντες,
1733 5333 1805 5394 ὼς

246 5435 309 5486 ἂν
340 5432 563 5494 εἰδότες,
585 5432 709 5481 ὅποι
730 5427 792 5479 τὸ
825 5423 962 5479 εἶναι
987 5425 1284 5494 ζητήσουσι
1308 5427 1401 5476 καὶ
1422 5425 1567 5485 ὅπως
1593 5425 1807 5486 ἑαυτοῖς

247 5529 559 5598 χρήσονται.
603 5523 763 5591 μόνον
819 5523 917 5590 μὲν
949 5520 1154 5590 ἔρωτος
1207 5517 1379 5571 αἴτιον
1424 5519 1665 5571 τίθενται
1713 5519 1806 5570 τὸν

245 5621 390 5683 Θεὸν,
430 5621 592 5686 μονον
629 5617 682 5670 δὲ
717 5615 783 5667 δι’
811 5614 1004 5666 ἑαυτὸν
1045 5613 1336 5682 στέργουσι
1370 5612 1464 5664 καὶ
1493 5613 1594 5682 τὴν
1627 5611 1805 5679 ψυχὴν

243 5715 306 5766 δι’
338 5715 572 5772 ἐκεῖνον,
610 5709 705 5760 καὶ
729 5707 790 5760 τὸ
824 5706 963 5759 εἶναι
992 5705 1085 5757 καὶ
1124 5704 1292 5756 τᾶλλα
1321 5705 1498 5755 πᾶντα
1533 5702 1802 5771 φιλοῦσιν,

243 5805 376 5858 οὕτω
427 5804 480 5855 δὲ
541 5801 821 5868 φιλοῦντες
874 5799 974 5867 τὴν
1017 5796 1190 5865 ψυχὴν
1235 5798 1331 5847 οὐκ
1384 5795 1552 5864 αὐτὴν
1592 5795 1800 5863 ἀληθῶς

1912 4596 1956 4648 si
1993 4609 2100 4648 non
2139 4603 2301 4648 natus
2334 4605 2496 4648 esset.
2554 4612 2574 4645 ι
2627 4591 2760 4646 Cum
2805 4599 2981 4644 autem
3031 4605 3152 4644 esse
3201 4591 3336 4645 bene
3369 4607 3480 4645 non

1910 4693 1994 4740 est
2045 4685 2149 4738 nisi
2197 4685 2424 4752 diligere
2454 4684 2644 4747 Deum,
2695 4678 3034 4734 manifestum
3061 4694 3196 4734 sane
3223 4683 3478 4749 estquod

1910 4776 2142 4830 amando
2192 4774 2382 4836 Deum,
2434 4782 2488 4827 et
2539 4775 2769 4826 animam
2814 4771 2982 4838 ipsam
3030 4785 3296 4826 amamus.
3344 4773 3485 4824 (lum

1910 4868 2068 4922 mulli
2116 4867 2334 4936 quidem
2393 4867 2649 4936 ignorant
2698 4864 2838 4918 unde
2881 4863 2997 4927 ﬁeri
3052 4873 3228 4932 potest
3267 4873 3324 4918 ut
3373 4867 3486 4920 sint

1910 4961 2067 5023 bene,
2099 4960 2188 5013 alii
2221 4959 2323 5012 alia
2370 4965 2572 5023 amant,
2603 4969 2655 5011 et
2686 4957 2747 5010 de
2774 4969 2970 5010 cursus
3017 4969 3183 5024 scopo
3211 4957 3480 5009 aberran-

1909 5061 1990 5106 tes
2013 5068 2154 5120 saape
2177 5052 2378 5120 eligunt
2411 5067 2471 5104 ea
2510 5050 2704 5118 quibus
2731 5047 2938 5114 pejores
2969 5047 3120 5107 limit,
3148 5055 3202 5100 et
3223 5048 3468 5101 animam

1909 5159 2012 5198 nec
2043 5146 2307 5198 honorant
2352 5151 2409 5196 ut
2431 5149 2663 5210 oportet,
2693 5153 2792 5194 nec
2822 5139 2975 5208 juxta
2996 5138 3260 5192 rationem
3295 5140 3484 5206 despi-

1908 5238 2077 5291 ciunt.
2123 5235 2201 5290 Pii
2241 5250 2368 5290 vero
2405 5235 2700 5291 secundum
2742 5233 2907 5286 Deum
2971 5230 3288 5299 semelipsos
3337 5246 3482 5283 (30m-

1911 5337 2190 5400 pnnentes,
2218 5340 2273 5382 et
2303 5327 2455 5396 quasi
2501 5325 2739 5378 videntes
2761 5338 2868 5390 quo
2896 5337 3016 5376 esse
3039 5319 3323 5389 quaesituri
3345 5320 3476 5376 sint.

1906 5433 1960 5478 et
1989 5421 2264 5491 quomodo
2308 5419 2409 5474 sibi
2461 5415 2787 5478 inservituri,
2831 5414 3002 5468 solam
3033 5412 3248 5479 quidem
3275 5407 3478 5462 amoris

1907 5530 2127 5568 causam
2163 5511 2328 5565 Deum
2367 5518 2593 5579 ponunt,
2637 5506 2810 5560 solum
2842 5513 3019 5556 autem
3050 5510 3267 5570 propter
3302 5504 3474 5568 ipsum

1906 5606 2142 5674 diligunt
2197 5612 2253 5657 et
2280 5603 2515 5656 animam
2560 5607 2784 5669 propter
2828 5595 2998 5656 illum,
3031 5593 3169 5646 sicut
3202 5607 3322 5646 esse
3351 5592 3478 5645 alia-

1905 5713 2010 5768 que
2039 5695 2217 5750 omnia
2243 5704 2443 5756 amant,
2463 5693 2541 5746 sic
2574 5704 2749 5743 tamen
2777 5687 3059 5754 diligentes
3085 5683 3347 5748 animam,
3367 5699 3476 5738 non

1908 5792 2080 5857 ipsam
2118 5805 2245 5841 vere
2277 5786 2529 5853 diligunt.
2581 5781 2672 5835 sed
2714 5779 2864 5831 illum
2895 5786 3113 5846 propter
3155 5792 3318 5845 quem
3347 5775 3474 5829 dili-
