3982 6208
351 338 450 404 711

1606 329 1918 395 NICOLAI
1960 328 2354 391 CABASIL/B

3487 330 3592 396 712

355 461 510 524 guut.
563 449 623 507 Si
672 464 800 507 vero
832 462 1052 520 quoque
1089 455 1347 517 tanquam
1392 444 1596 514 aliquid
1647 445 1924 516 proprium

2037 441 2312 510 φιλοῦσιν,
2342 439 2461 494 ἀλλ’
2486 439 2721 503 ἐκεῖνον,
2750 438 2822 492 δι’
2849 437 2909 491 ὃν
2938 435 3205 507 φιλοῦσιν.
3237 434 3300 488 Ei
3328 433 3383 487 δὲ
3408 436 3502 487 καὶ
3525 436 3603 499 ὼς

350 543 636 613 diligimus
663 540 923 601 animam,
966 537 1141 604 magis
1172 535 1330 590 nobis
1367 535 1621 605 proprius
1650 545 1729 590 est
1759 549 1925 603 (piam

352 634 468 705 ipsa
512 633 693 688 anima
727 630 997 691 Salvator.
1032 637 1087 682 et
1119 628 1212 698 qui
1250 627 1355 682 hoc
1406 628 1585 681 solum
1632 642 1730 695 per
1759 626 1923 681 vitam

353 727 660 789 attendunt,
693 725 872 777 sciunt
894 721 1229 775 Salvatorem
1262 719 1328 773 ad
1359 710 1550 773 omnes
1577 718 1726 788 ipsos
1750 718 1929 773 afﬁni-

356 828 521 871 tatem
576 814 938 875 contraxisse.
988 824 1040 867 et
1077 827 1169 881 per
1211 811 1357 865 illum
1410 811 1541 878 ipsis
1586 811 1823 865 animam
1873 821 1928 865 et

354 911 526 979 ipsum
572 924 692 963 esse
736 906 939 975 aliquid
973 908 1198 961 charum
1242 915 1297 960 et
1344 907 1726 975 propinquum.
1762 902 1928 958 Nam-

353 1016 461 1070 que
489 998 690 1067 satagit
740 998 941 1066 aliquis
982 998 1033 1051 in
1071 997 1335 1067 seipsum,
1379 998 1636 1066 quoniam
1664 994 1924 1063 agitatur,

350 1102 403 1145 et
438 1091 677 1160 quietem
712 1090 954 1143 invenire
1001 1104 1107 1142 non
1160 1098 1355 1155 potest.
1398 1087 1503 1141 nisi
1565 1089 1729 1140 Deum
1771 1085 1925 1138 inve-

350 1184 487 1245 niat.
544 1192 739 1251 praeter
793 1183 926 1237 istos
975 1193 1157 1236 autem
1209 1192 1390 1236 rectus
1442 1195 1623 1235 rerum
1664 1178 1925 1241 arbitros.

353 1292 494 1346 quos
538 1291 659 1330 esse
703 1277 1000 1344 putandum
1049 1284 1132 1329 est
1177 1275 1231 1329 in
1258 1273 1479 1328 Christo
1518 1272 1785 1336 viventes.
1818 1286 1925 1325 nun

352 1378 530 1423 autem
566 1366 734 1421 Deum
774 1370 930 1421 rebus
964 1368 1029 1421 ad
1067 1369 1240 1437 ipsum
1273 1364 1671 1434 pertinentibus
1700 1375 1925 1418 exuere.

351 1460 467 1514 Hoc
503 1471 681 1513 autem
738 1461 816 1522 tit.
863 1459 908 1514 si
959 1474 1083 1513 cum
1133 1458 1333 1512 bonum
1378 1458 1448 1512 sit
1489 1456 1790 1527 perfectum
1824 1453 1927 1507 im-

352 1551 590 1622 perfecta
658 1553 925 1607 cltaritate
1001 1551 1335 1622 diligimus;

350 1643 715 1711 diligimus.si
752 1642 879 1712 quid
917 1642 1062 1697 aliud
1096 1626 1396 1711 diligimus.
1419 1655 1659 1694 amorem
1687 1638 1768 1692 sic
1788 1635 1928 1691 divi-

350 1732 559 1787 dentes.
612 1731 744 1785 Nam
777 1732 856 1785 lex
891 1733 964 1786 ait
1005 1749 1018 1784 τ
1055 1750 1073 1783 ι
1107 1732 1181 1785 Ex
1236 1740 1347 1786 tota
1396 1731 1578 1785 anima
1624 1738 1677 1785 et
1718 1744 1784 1784 ex
1818 1738 1928 1783 tota

1418 1548 1729 1619 imperfecte
1796 1558 1928 1600 vero
1964 1584 1971 1589 .

2029 532 2234 587 οἰκεῖόν
2253 550 2308 586 τι
2331 532 2433 603 τὴν
2457 530 2642 602 ψυχὴν
2671 530 2957 601 φιλοῦμεν,
2989 529 3317 598 οίκειότερος
3341 528 3374 597 ἡ
3384 529 3473 595 μίν
3507 530 3605 581 καὶ

2028 624 2128 693 τῆς
2173 623 2357 695 ψυχῆς
2395 626 2567 695 αὐτῆς
2608 624 2636 675 ὁ
2683 624 2896 693 Σωτὴρ,
2926 622 3023 675 καὶ
3065 621 3114 674 οἳ
3156 619 3315 673 τοῦτο
3354 620 3444 672 διὰ
3481 618 3602 687 βίου

2031 715 2294 768 σκοποῦσι
2357 717 2543 785 μόνον,
2595 715 2748 768 ἴσασι
2800 714 2891 766 τὸν
2950 712 3184 781 Σωτῆρα
3235 711 3373 781 προς
3434 712 3606 765 πᾶσιν

2029 808 2214 871 αὐτοῖς
2237 808 2562 876 συγγένειαν
2586 807 2962 878 ἡρμοσμένον,
2986 806 3080 858 καὶ
3104 803 3174 857 δι’
3195 804 3399 855 ἐκεῖνον
3420 802 3608 866 αὐτοῖς

2029 899 2126 951 xai.
2152 899 2252 969 τὴν
2282 900 2461 972 ψυχὴν
2494 901 2589 953 καὶ
2616 902 2747 952 αὐτὸ
2778 902 2838 953 τὸ
2863 896 3002 951 εἶναι
3035 898 3190 967 φίλον
3215 898 3308 950 καὶ
3345 895 3607 965 συγγενὲς
3656 936 3659 937 ν

2031 988 2091 1041 ὅν
2128 1002 2144 1019 ⁰
2174 990 2268 1042 καὶ
2314 991 2423 1060 γὰρ
2478 990 2771 1043 σπεύδεται
2823 1006 2907 1052 τις
2944 990 3080 1058 πρὸς
3121 989 3337 1052 ἑαυτὸν,
3380 990 3463 1042 ὅτι
3508 990 3608 1041 καὶ

2031 1081 2338 1145 στασιάζει,
2375 1084 2468 1136 καὶ
2522 1084 2622 1135 ούκ
2686 1082 2753 1135 ἂν
2807 1081 2959 1151 τύχοι
2993 1082 3256 1151 γαλήνης,
3306 1084 3353 1133 εί
3406 1081 3481 1151 μὴ
3507 1080 3607 1133 τοῦ

2029 1168 2168 1223 Θεοῦ
2192 1171 2366 1241 τύχοι,
2404 1174 2573 1244 χωρὶς
2606 1172 2663 1225 δὲ
2702 1172 2907 1225 τούτων
2931 1174 3055 1234 τοὺς
3089 1172 3287 1241 ὀρθοὺς
3315 1173 3427 1226 τῶν
3458 1190 3605 1242 πρα-

2030 1263 2262 1331 γμάτων
2311 1264 2621 1335 διαιτητάς,
2673 1264 2768 1326 οὓς
2801 1263 2941 1318 εἶναι
2992 1265 3098 1335 χρὴ
3130 1264 3351 1335 νομίσαι
3387 1266 3511 1328 τοὺς
3545 1266 3608 1317 ὲν

2030 1357 2253 1427 Χριστῷ
2284 1357 2516 1420 ζῶντας,
2549 1358 2623 1428 μὴ
2653 1357 2744 1411 τὸν
2765 1357 2899 1410 Θεὸν
2913 1359 3020 1411 τῶν
3042 1359 3190 1426 αύτῴ
3213 1358 3608 1429 προσηκόντων

2028 1450 2380 1518 ἀποστερεῖν.
2413 1449 2586 1502 Τοῦτο
2629 1450 2684 1503 δέ
2734 1451 2905 1517 ἐστιν,
2959 1450 3009 1502 εί
3059 1451 3267 1503 τέλειον
3300 1450 3505 1516 ἀγαθὸν
3546 1450 3609 1502 ὃν

2028 1542 2213 1595 ἀτελεῖ
2239 1545 2304 1613 τῇ
2342 1543 2476 1612 παρ⁹
2504 1545 2643 1613 ἡμῖν
2676 1541 2946 1612 φιλοῦμεν
2976 1542 3187 1612 ἀγάπῃ,
3233 1543 3440 1607 ἀτελῶς
3465 1541 3509 1595 δ’
3541 1542 3609 1596 ἂν

2031 1634 2304 1704 φιλοῖμεν,
2334 1637 2387 1689 εί
2414 1652 2464 1688 τι
2496 1636 2589 1688 καὶ
2612 1634 2742 1687 ἀλλο
2774 1634 3064 1704 φιλοῦμεν,
3099 1636 3161 1687 τὸ
3193 1635 3417 1704 φίλτρον
3449 1635 3609 1706 μερί-

2030 1726 2216 1788 ζοντες
2235 1741 2249 1755 ⁸
2279 1726 2402 1780 ἐπεὶ
2428 1730 2521 1780 καὶ
2539 1727 2567 1778 ὀ
2592 1727 2775 1796 νόμος,
2804 1747 2823 1780 ι
2847 1724 2937 1792 Ἐξ
2956 1728 3107 1798 ὅλης,
3130 1729 3284 1798 φησὶ,
3309 1727 3408 1797 τῆς
3426 1728 3609 1798 ψυχῆς

353 1834 528 1877 mente
550 1823 716 1877 Deum
738 1824 949 1894 diliges.
977 1842 996 1874 ι
1016 1823 1149 1879 Cum
1170 1824 1334 1892 igitur
1347 1838 1563 1878 omnem
1583 1822 1924 1877 dilectionem

2034 1818 2129 1871 καὶ
2187 1818 2250 1884 ἐξ
2307 1819 2437 1889 ὅλης
2488 1822 2590 1889 τῆς
2622 1819 2863 1883 διανοίας
2891 1819 2983 1873 τὸν
3017 1820 3149 1875 Θεὸν
3194 1821 3530 1891 ἀγαπήσεις.
3578 1840 3599 1874 ι

351 1913 405 1967 in
435 1914 614 1981 ipsum
651 1913 886 1968 ferentes
918 1924 1210 1983 reponunt.
1240 1930 1338 1970 nec
1365 1916 1528 1968 ullam
1561 1913 1770 1968 amoris
1805 1928 1926 1982 par-

352 2014 459 2059 tem
506 2007 629 2061 aliis
681 2015 777 2061 aut
827 2007 1185 2077 sibimetipsis
1233 2008 1572 2077 relinquunt,
1622 2022 1653 2060 a
1702 2005 1926 2075 proprio

351 2100 744 2168 communique
797 2115 961 2155 sensu
1017 2100 1241 2154 abeunt.
1279 2099 1433 2166 Quod
1488 2099 1634 2154 enim
1684 2098 1927 2168 undique

350 2188 713 2258 conjunctum
744 2199 851 2254 est,
884 2191 986 2244 hoc
1015 2200 1100 2246 est
1129 2206 1306 2245 amor.
1324 2190 1416 2244 Sic
1444 2198 1627 2246 autem
1661 2188 1729 2244 ad
1748 2190 1924 2244 solum

354 2283 523 2338 Deum
555 2299 675 2339 sese
709 2284 1072 2354 undequaque
1106 2282 1534 2347 transferentes,
1572 2282 1672 2338 soli
1706 2283 1925 2352 quidem

357 2376 465 2431 Deo
491 2377 706 2440 vivunt,
740 2378 917 2432 solum
946 2376 1117 2431 Deum
1146 2374 1405 2445 diligunt.
1431 2390 1609 2445 eoque
1636 2375 1756 2430 solo
1789 2390 1925 2444 gau-

352 2469 487 2521 dent
506 2484 520 2520 :
542 2466 812 2536 siquidem
849 2468 934 2520 his
961 2482 1082 2536 qua:
1102 2467 1261 2520 nobis
1280 2476 1410 2520 sunt
1426 2466 1664 2520 maxime
1684 2465 1924 2535 propria,

354 2561 596 2625 studere,
629 2550 896 2613 inhaerere
930 2566 985 2611 et
1024 2558 1284 2626 gaudere.
1315 2573 1420 2611 non
1451 2560 1555 2611 hoc
1592 2558 1774 2626 ipsum
1798 2553 1926 2610 facit

353 2653 496 2722 quod
546 2660 729 2705 nostra
775 2658 925 2715 sunt,
989 2650 1083 2703 sed
1142 2652 1400 2719 quoniam
1464 2649 1568 2704 ista
1624 2646 1924 2718 diligimus,

354 2750 612 2810 tanquam
657 2740 761 2794 hoc
803 2752 912 2792 non
968 2737 1059 2801 sit,
1095 2739 1194 2790 hac
1232 2737 1562 2806 proprietate
1610 2750 1706 2802 per
1755 2736 1927 2803 ipsam

355 2848 455 2885 nos
479 2833 614 2901 ipsis
642 2830 965 2884 consociare
995 2827 1078 2881 vel
1096 2825 1276 2880 facere
1291 2827 1529 2893 gaudere
1558 2838 1663 2878 non
1690 2825 1925 2877 valente.

359 2923 527 2977 Multa
582 2930 713 2975 sunt
761 2919 905 2974 enim
961 2933 1028 2972 ex
1070 2918 1275 2970 uestris
1312 2932 1443 2985 quae
1492 2931 1595 2970 uos
1640 2914 1929 2970 fastidiunt

363 3026 416 3069 ct
468 3030 588 3083 quae
639 3014 797 3066 nobis
842 3011 973 3080 ipsis
1013 3010 1406 3078 exprobramus
1436 3026 1449 3061 :
1484 3008 1704 3079 quidam
1745 3014 1927 3061 autem

354 3103 682 3169 semetipsos
712 3098 1004 3154 manifeste
1031 3099 1290 3161 oderunt.
1315 3108 1369 3152 et
1391 3097 1576 3168 fugere
1591 3104 1646 3151 et
1673 3097 1810 3151 mori
1833 3112 1928 3151 cu-

266 3230 273 3240 .
358 3195 531 3263 piunt.
557 3166 713 3245 Sunt
748 3200 933 3246 autem
979 3191 1071 3259 qui
1124 3191 1297 3244 fatum
1345 3166 1747 3259 praevenerunt.
1780 3204 1927 3244 mor-
1955 3166 1998 3223 ο

357 3297 465 3338 tem
497 3299 628 3338 ense
656 3283 739 3338 vel
768 3283 1069 3353 suspendio
1086 3284 1189 3337 sibi
1209 3283 1565 3338 asciscentes.
1587 3282 1927 3338 Undemaui-

357 3376 556 3429 festum
586 3384 670 3429 est
712 3375 858 3444 quod
891 3374 1173 3440 oumibus.
1204 3390 1330 3429 cum
1361 3375 1562 3445 quibus
1610 3376 1843 3430 vivimus
1873 3382 1928 3429 et

355 3468 677 3540 gaudemus,
719 3471 936 3534 animm,
972 3468 1222 3523 aﬂinibus
1256 3476 1310 3523 et
1340 3469 1501 3523 nobis
1534 3469 1689 3538 ipsis,
1735 3468 1927 3523 convi-

358 3578 483 3616 vere
517 3564 856 3629 gaudereque
888 3563 1017 3616 facit
1042 3578 1219 3617 amor.
1245 3561 1431 3632 Itaque
1463 3563 1509 3617 si
1542 3563 1665 3631 quis
1690 3561 1922 3617 aliorum

359 3655 498 3707 bona
538 3654 664 3707 velit
694 3663 748 3708 et
778 3665 926 3707 amet
967 3670 1072 3708 nun
1124 3654 1304 3708 minus
1336 3670 1498 3724 quant
1532 3657 1781 3724 prOpria.
1826 3668 1925 3709 ne-

356 3759 513 3798 cesse
564 3754 650 3797 est
702 3754 761 3797 ut
797 3745 886 3797 ille
920 3761 1029 3798 non
1065 3746 1252 3799 minus
1299 3749 1580 3799 voluntate
1620 3744 1926 3800 consentiat

354 3843 412 3887 et
454 3834 524 3886 de
566 3832 727 3887 bonis
760 3834 994 3901 gaudeat
1041 3849 1166 3888 cum
1201 3835 1325 3890 aliis
1363 3852 1526 3905 quam
1568 3835 1671 3891 sibi
1714 3836 1819 3904 ipsi
1855 3835 1924 3891 de

356 3925 592 3995 propriis
637 3926 799 3979 bonis
827 3930 1153 3996 congaudet.
1187 3925 1309 3982 ideo
1351 3926 1517 3981 Deum
1558 3930 1790 3993 amanti,
1822 3942 1923 3982 ηε·-

359 4035 478 4075 tura
503 4023 720 4090 quidem
744 4023 808 4074 ad
840 4022 1022 4077 divina
1046 4038 1154 4078 non
1181 4033 1385 4077 mutata
1400 4033 1492 4077 aut
1510 4026 1922 4089 transformata,

359 4120 431 4170 ita
465 4126 522 4169 ut
554 4115 656 4168 ista
704 4116 1025 4172 naturaliter
1058 4117 1162 4185 ipsi
1195 4117 1473 4182 eveniant,
1509 4115 1603 4170 sed
1644 4118 1924 4172 voluntate

358 4222 423 4259 ar.
459 4206 757 4261 dilectione
788 4206 853 4258 ad
897 4206 1062 4260 Deum
1100 4224 1163 4261 ex
1199 4209 1434 4277 propriis
1470 4209 1754 4271 translata,
1789 4208 1921 4261 nihil

356 4299 613 4369 prohibet
642 4299 777 4369 quin
815 4298 987 4351 sit'de
1015 4299 1132 4366 ipso
1178 4300 1434 4367 gaudium
1476 4300 1722 4368 plenum,
1762 4314 1831 4353 ac
1874 4298 1919 4352 si

357 4398 753 4443 trausmutatus
823 4396 985 4440 esset.
1050 4388 1105 4441 Si
1169 4389 1312 4442 enim
1385 4393 1677 4443 humanam
1742 4389 1922 4443 adhuc

2041 1909 2194 1963 Ἐπεὶ
2222 1910 2407 1964 τοίνυν
2434 1914 2615 1965 πᾶσαν
2642 1913 2723 1974 είς
2743 1912 2955 1965 ἐκεῖνον
2981 1913 3241 1983 φέροντες
3267 1914 3478 1966 τιθέασι
3505 1914 3608 1984 τὴν

2026 2002 2279 2071 ἀγάπην,
2333 2003 2428 2055 καὶ
2458 2002 2843 2073 φιλίαςιμέρος
2880 2003 3034 2056 οὐδὲν
3067 2002 3190 2056 οὔτε
3223 2002 3405 2064 ἀλλοις
3432 2021 3609 2057 κατα-

2026 2096 2306 2149 λείπουσιν
2328 2095 2451 2148 οὔτε
2478 2095 2665 2164 σφίσιν
2691 2097 2901 2159 αὐτοῖς,
2926 2099 2991 2166 τῇ
3021 2094 3216 2167 γνώμῃ
3247 2097 3399 2163 σφῶν
3423 2098 3606 2151 αὐτῶν

2027 2188 2125 2241 καὶ
2147 2188 2367 2241 πάντων
2384 2188 2557 2258 ἀποδη
2568 2187 2754 2257 μοῦσι.
2782 2188 2854 2241 Τὸ
2874 2188 2983 2258 γὰρ
3005 2191 3279 2243 συνάπτον
3295 2185 3607 2259 ἑκασταχοῦ

2026 2280 2090 2334 τὸ
2140 2280 2363 2352 φίλτρον
2417 2280 2597 2334 ἐστίν·
2651 2280 2795 2333 οὕτω
2828 2280 2885 2333 δὲ
2921 2280 3061 2351 πρὸς
3115 2281 3205 2335 τὸν
3256 2282 3389 2335 Θεὸν
3444 2284 3610 2353 μόθον

2032 2373 2263 2435 ἑαυτοὺς
2300 2373 2641 2443 πανταχόθεν
2672 2374 3099 2443 μετενεγκόντες
3135 2374 3285 2444 μόνῳ
3319 2374 3418 2444 μὲν
3447 2374 3606 2441 ζῶσι,

2031 2468 2193 2536 μόνον
2221 2468 2279 2521 δὲ
2314 2465 2557 2536 φιλοῦσι,
2596 2467 2742 2537 μόνῳ
2771 2467 2826 2521 δὲ
2861 2468 3180 2538 χαίρουσιν·
3216 2470 3338 2521 ἐπεὶ
3370 2470 3608 2531 καὶτοῖς

2028 2562 2185 2630 ήμῶν
2204 2561 2384 2614 αὐτῶν
2408 2564 2519 2622 τοῖς
2544 2560 2904 2624 οἰκειοτάτοις
2930 2559 3217 2629 βούλεσθαι
3240 2561 3335 2613 καὶ
3361 2562 3607 2614 συνεῖναι

2028 2654 2123 2706 καὶ
2153 2653 2389 2724 χαίρειν,
2423 2653 2483 2706 οὐ
2513 2652 2664 2707 τοῦτ’
2695 2652 2829 2706 αὐτὸ
2878 2655 3029 2705 ποιεῖ
3055 2651 3116 2705 τδ
3155 2652 3406 2723 ἡμέτερα
3439 2648 3600 2715 εἶναι.

2028 2745 2146 2799 ἀλλ’
2180 2747 2266 2798 ὅτι
2297 2745 2391 2798 καὶ
2420 2745 2563 2800 αύτά
2590 2742 2876 2814 φιλοῦμεν,
2908 2743 2982 2809 ὣς
3021 2746 3086 2798 ἂν
3125 2746 3198 2815 μὴ
3230 2743 3388 2797 τοῦτο
3415 2741 3471 2821 ᾗ,
3502 2745 3605 2815 τῆς

2027 2839 2366 2908 οἰκειότητος
2393 2836 2603 2909 ταύτης
2625 2836 2692 2890 δι’
2724 2835 2926 2905 ἑαυτὴν
2960 2836 3217 2903 συνάγειν
3242 2837 3391 2905 ἡμᾶς
3419 2835 3606 2899 αὐτοῖς

2028 2930 2061 3000 ἢ
2105 2928 2336 2998 ποιῆσαι
2370 2930 2589 3001 χαίρειν
2627 2930 2702 3000 μὴ
2745 2928 3080 2997 δυναμένης.
3127 2926 3306 2980 Πολλὰ
3340 2927 3449 2998 γὰρ
3493 2928 3604 2982 τῶν

2029 3020 2316 3092 ἡμετέρων
2338 3023 2487 3091 ἡμᾶς
2521 3022 2669 3091 ἀνιᾷ,
2718 3022 2813 3073 καὶ
2842 3020 2906 3089 δὴ
2953 3018 3049 3072 καὶ
3078 3019 3212 3089 ἡμῖν
3240 3019 3424 3081 αὐτοῖς
3457 3019 3603 3073 ἐστιν

2032 3107 2107 3168 ῶν
2128 3113 2476 3185 ἐπιτιμῶμεν
2498 3130 2511 3145 ο
2530 3114 2665 3167 ἔνιοι
2688 3114 2743 3168 δὲ
2767 3114 2906 3182 σφᾶς
2927 3112 3124 3175 αὐτοὺς
3144 3112 3244 3182 ἤδη
3264 3112 3360 3165 καὶ
3384 3114 3601 3183 μισοῦσι

2030 3205 2303 3276 λαμπρῶς
2356 3205 2450 3259 καὶ
2482 3205 2707 3275 φεύγειν
2749 3205 3085 3273 ἐπιθυμοῦσι
3123 3208 3216 3261 καὶ
3266 3206 3600 3264 θανατῶσιν.

2032 3296 2154 3349 Elei.
2188 3297 2245 3349 δὲ
2275 3296 2324 3350 οἳ
2354 3299 2449 3351 καὶ
2486 3297 2794 3366 ἐτόλμησαν
2834 3296 2927 3349 καὶ
2958 3297 3065 3367 πρὸ
3100 3296 3297 3367 μοίρας
3335 3297 3600 3365 ἀπῆλθον⁹

2030 3385 2354 3457 βιασάμενοι
2379 3386 2640 3458 ξίφεσινῆ
2663 3388 2843 3459 βρόχῳ
2864 3388 2961 3457 τὴν
2978 3388 3239 3459 τελευτήν
3256 3406 3272 3421 ·
3297 3388 3421 3442 ὅθεν
3444 3390 3603 3460 δῆλον

2028 3478 2109 3530 ὅτι
2137 3477 2329 3539 πᾶσιν,
2356 3470 2438 3539 οἷς
2477 3476 2748 3549 σύνεσμεν
2783 3482 2877 3533 καὶ
2912 3480 3203 3549 χαίρομεν,
3233 3481 3328 3532 καὶ
3362 3484 3428 3551 τῇ
3452 3482 3600 3550 ψυχῇ

2029 3568 2121 3619 καὶ
2149 3570 2264 3631 τοῖς
2290 3570 2651 3632 οίκειοτάτοις
2678 3571 2776 3623 καὶ
2800 3570 2932 3640 ἡμῖν
2963 3572 3146 3635 αὐτοῖς
3172 3572 3233 3625 τὸ
3256 3574 3431 3641 φιλεῖν
3460 3575 3606 3626 ποιεῖ

2028 3658 2124 3711 καὶ
2159 3662 2398 3714 συνεῖναι
2429 3661 2520 3713 καὶ
2551 3660 2786 3732 χαίρειν.
2823 3661 3035 3715 Οὐκοῦν
3065 3664 3121 3717 ετ
3146 3680 3231 3724 τις
3256 3665 3472 3732 τάγαθὰ
3493 3665 3605 3718 τῶν

2024 3751 2204 3805 ἄλλων
2254 3750 2428 3805 ἐθέλοι
2460 3753 2554 3805 καὶ
2604 3752 2788 3823 φιλοίη
2837 3755 3007 3823 μηδὲν
3036 3750 3200 3825 ἦττον
3242 3756 3276 3827 ἢ
3310 3758 3378 3810 τὰ
3408 3756 3602 3825 αὑτοῦ,

2025 3843 2214 3896 τοῦτον
2245 3844 2459 3916 ἀνάγκη
2485 3847 2577 3898 καὶ
2599 3847 2838 3898 συνεῖναι
2855 3848 2920 3917 τῇ
2942 3847 3134 3919 γνώμῃ
3160 3851 3254 3901 καὶ
3281 3851 3599 3919 συγχαίρειν

2026 3939 2135 3989 τῶν
2175 3937 2396 4006 ἀγαθῶν
2447 3940 2566 4001 τοῖς
2603 3938 2783 4001 ἄλλοις
2828 3939 2860 4009 ἢ
2911 3940 3092 4010 ἑαυτῷ
3131 3940 3239 3993 τῶν
3274 3942 3461 3995 αὑτοῦ.
3501 3944 3601 3995 Διά

2024 4029 2196 4082 ταῦτα
2223 4029 2301 4100 τῷ
2328 4029 2584 4099 φιλοθὲῳ,
2614 4032 2715 4101 τῆς
2744 4030 2843 4099 μὲν
2871 4030 3088 4101 φύσεως
3116 4034 3251 4103 πρὸς
3280 4034 3347 4086 τὰ
3371 4035 3489 4087 θεῖα
3524 4034 3600 4105 μὴ

2027 4122 2567 4193 μετασκευασθείσης
2595 4162 2610 4186 ,
2652 4123 2776 4193 μηδ’
2830 4124 3213 4196 ἀμειφθείσης,
3266 4124 3406 4180 ὥστε
3451 4128 3601 4195 αύτῴ

2026 4212 2384 4281 φύσειταῦτα
2414 4215 2831 4285 προσγενέσθαι,
2859 4218 2959 4287 τῆς
2979 4218 3036 4271 δὲ
3068 4216 3343 4289 θελήσεως
3374 4223 3469 4275 καὶ
3500 4222 3600 4290 τῆς

2023 4309 2247 4379 ἀγάπης
2268 4310 2352 4372 είς
2380 4310 2470 4362 τὸν
2494 4310 2627 4363 Θεὸν
2648 4312 2759 4363 ἀπὸ
2776 4310 2886 4364 τῶν
2907 4312 3124 4365 οἰκείων
3149 4313 3595 4382 μετενεχθείσης.

2022 4400 2176 4452 οὐδὲν
2210 4399 2411 4453 κωλύει
2440 4400 2542 4471 τὴν
2582 4401 2671 4454 ἐπ’
2707 4402 2857 4471 αὐτῷ
2891 4403 3066 4472 χαρὰν
3100 4403 3397 4472 ὀλόκληρον
3431 4401 3596 4465 εἶναι,

358 4482 464 4533 fert
512 4488 763 4532 naturam
807 4485 859 4528 et
891 4477 1292 4533 uaturaliterin
1321 4480 1523 4535 divinis
1570 4489 1627 4533 ut
1685 4480 1920 4549 propriis

2028 4494 2121 4546 καὶ
2149 4490 2337 4562 ὥσπερ
2358 4495 2413 4571 ἐί
2448 4493 2886 4559 μετεσκεύαστο⁶
2947 4496 2997 4546 εί
3036 4495 3146 4564 γὰρ
3180 4495 3273 4548 καὶ
3303 4498 3403 4565 τὴν
3437 4498 3600 4566 φύσιν

356 4586 462 4624 non
494 4579 552 4624 ut
583 4569 713 4623 libet
748 4569 899 4628 vivit.
935 4569 1047 4622 illic
1097 4578 1276 4624 tamen
1318 4579 1487 4625 totam
1521 4570 1693 4625 tendit
1727 4573 1921 4626 volun-

359 4670 550 4722 tatem.
608 4676 729 4730 qua:
788 4668 966 4728 potest
1029 4663 1263 4731 gaudere
1319 4665 1584 4733 nobisque
1641 4663 1782 4718 hanc
1830 4672 1923 4717 aut

358 4755 507 4809 illaut
561 4756 690 4807 dare
735 4754 1157 4821 jucundilatem.
1194 4757 1320 4810 ldeo
1354 4756 1497 4810 sicut
1541 4755 1632 4824 qui
1681 4758 1920 4824 seipsum

354 4859 504 4904 amat
551 4850 749 4918 gaudet
796 4852 1078 4919 praesentia
1112 4867 1297 4907 secum
1339 4864 1598 4923 reputans
1648 4854 1811 4915 bona.
1843 4854 1924 4906 sic

358 4943 453 5012 qui
488 4941 655 4996 Deum
690 4942 864 4997 solum
885 4953 1147 4998 amantex
1170 4946 1315 5000 illius
1348 4947 1505 5001 bouis
1535 4947 1639 5001 sibi
1664 4946 1925 5017 jucundi-

360 5048 528 5091 tatem
562 5036 849 5104 colligunt,
869 5043 923 5088 et
954 5037 1115 5090 rebus
1135 5039 1281 5094 illius
1314 5040 1662 5093 ditescuntet
1686 5041 1925 5109 glorian-

364 5142 475 5195 tur,
501 5132 568 5185 de
598 5130 767 5198 gloria
797 5128 920 5196 ejus
948 5130 1290 5198 'snperbiuut,
1324 5136 1390 5187 de
1430 5134 1548 5202 ipso
1586 5134 1925 5203 triumphant

360 5228 588 5278 adorato
635 5221 1105 5290 u.agniticatoque.
1139 5223 1239 5287 Qui
1295 5239 1422 5278 vero
1470 5225 1825 5295 sibimetipsis
1848 5227 1926 5277 vi-

357 5325 516 5377 vunt.
531 5316 631 5369 etsi
650 5315 717 5366 de
734 5313 878 5366 veris
894 5313 1158 5381 gaudeant
1177 5316 1351 5371 bonis.
1371 5317 1631 5386 integram
1653 5327 1924 5389 nequeunt

358 5423 584 5478 carpere
618 5408 886 5469 Itetitiam,
926 5406 1016 5459 sed
1050 5407 1286 5462 sicutde
1326 5410 1481 5464 bonis
1512 5413 1751 5480 gaudent
1782 5426 1922 5478 pra:-

359 5503 629 5557 sentibus.
681 5500 763 5553 sic
813 5500 960 5563 ipsos
998 5499 1063 5552 de
1094 5500 1411 5555 absentibus
1439 5512 1530 5555 aut
1567 5501 1924 5570 praesentibus

360 5595 520 5649 malis
568 5593 757 5647 dolere
785 5606 882 5661 par
915 5600 1032 5656 est;
1069 5591 1137 5645 iis
1169 5599 1349 5645 autem
1393 5593 1485 5661 qui
1527 5594 1693 5648 vitam
1726 5594 1780 5647 iu
1815 5593 1925 5648 Deo

363 5692 778 5750 reposuerunt,
836 5679 926 5734 ubi
979 5680 1192 5749 quidem
1261 5689 1345 5734 est
1411 5681 1754 5749 iucunditas.
1811 5680 1925 5735 tti-

364 5772 511 5831 gtitia
540 5786 670 5827 vero
694 5772 999 5836 uulla,cum
1023 5774 1188 5828 multa
1218 5773 1435 5843 quidem
1467 5775 1573 5831 sint
1602 5789 1723 5844 quae
1741 5776 1924 5843 hujus-

2024 4582 2107 4636 ἔτι
2142 4583 2299 4654 φέρει
2327 4583 2424 4654 τὴν
2444 4584 2817 4655 ἀνθρωπίνην,
2855 4586 2951 4638 καὶ
2983 4586 3149 4653 φύσει
3185 4588 3296 4649 τοῖς
3328 4589 3494 4649 θείοις
3522 4588 3601 4651 ὡς

2024 4676 2245 4740 οίκείοις
2262 4676 2322 4729 οὐ
2350 4677 2621 4739 σύνεστιν,
2649 4676 2787 4731 ἀλλὰ
2806 4678 2907 4745 τήν
2930 4693 2993 4745 γε
3022 4677 3246 4751 θέλησιν
3272 4681 3389 4733 ἐκεῖ
3415 4683 3601 4733 πᾶσαν

2026 4769 2160 4838 ἔχει,
2207 4770 2239 4839 ἢ
2273 4772 2440 4839 κυρία
2488 4771 2636 4822 ἐστὶν
2664 4769 2837 4832 οὕτως
2880 4770 2912 4839 ἢ
2956 4771 3188 4835 ἐκείνως
3224 4772 3461 4840 χαίρειν,
3500 4776 3600 4827 καὶ

2023 4861 2225 4932 ταύτην
2256 4863 2312 4914 ὲν
2340 4863 2475 4930 ἡμῖν
2505 4863 2732 4929 κρατεῖν
2770 4861 2802 4932 ἢ
2845 4860 3065 4932 ἐκείνην
3098 4864 3197 4932 τὴν
3225 4863 3446 4933 ἡδονήν.
3482 4867 3592 4920 Καὶ

2022 4953 2200 5006 τοίνυν
2227 4952 2483 5023 καθάπερ
2522 4954 2550 5005 ὁ
2598 4952 2770 5019 φιλῶν
2810 4952 3003 5004 ἑαυτὸν
3033 4954 3215 5022 χαίρει
3243 4952 3313 5007 τά
3353 4955 3598 5021 παρόντα

2024 5042 2173 5110 αύτῷ
2211 5042 2558 5111 λογιζόμενος
2598 5043 2801 5109 ἀγαθὰ,
2844 5040 3017 5101 οὕτως
3048 5044 3097 5094 οἱ
3135 5043 3227 5094 τὸν
3261 5042 3396 5095 Θεὸν
3431 5043 3598 5111 μόνον

2025 5134 2307 5204 φιλοῦντες
2346 5137 2456 5187 ἀπὸ
2492 5134 2601 5187 τῶν
2633 5134 2857 5202 ἀγαθῶν
2885 5135 2992 5187 τῶν
3028 5136 3240 5188 ἐκείνου
3273 5134 3371 5205 τὴν
3401 5136 3597 5207 ἡδονὴν

2024 5230 2243 5291 ἑαυτοῖς
2284 5230 2599 5296 συνάγουσι,
2636 5229 2732 5282 καὶ
2771 5230 2882 5292 τοῖς
2911 5229 3121 5283 ἐκείνου
3158 5229 3451 5283 πλουτοῦσι
3500 5230 3619 5283 xzi.’

2027 5318 2461 5389 φιλοτιμοῦνται,
2494 5319 2591 5371 καὶ
2627 5322 2762 5391 πρὸς
2800 5320 2901 5389 τὴν
2935 5319 3144 5372 ἐκείνου
3185 5320 3599 5391 μεγαλαυχοῦσι

2024 5409 2202 5473 δόᾷιν,
2239 5411 2336 5463 καὶ
2370 5410 2762 5478 στεφανοῦνται
2798 5412 3280 5481 προσκυνουμὲνου
3334 5416 3423 5465 καὶ
3456 5415 3595 5467 θαυ-

2029 5499 2341 5569 μαζομένου
2380 5500 2757 5569 σεμνύνονται.
2792 5502 2901 5553 Καὶ
2931 5502 2977 5553 οῖ
3012 5503 3110 5571 μὲν
3133 5503 3345 5565 ἑαυτοῖς
3368 5503 3595 5570 ζῶντες,

2027 5592 2129 5643 κᾶν
2164 5592 2256 5643 ἐπὶ
2285 5594 2397 5654 τοῖς
2423 5591 2648 5661 ἀληθέσι
2674 5593 2939 5663 χαίρωσιν
2966 5594 3215 5661 ἀγαθοῖς,
3242 5596 3474 5664 ἀμικτον
3497 5600 3599 5653 οὐκ

2028 5684 2094 5736 ἂν
2147 5686 2445 5753 καρποῖντο
2464 5684 2561 5753 τὴν
2597 5684 2811 5753 ἡδονὴν,
2842 5684 2956 5736 ἀλλ’
2988 5683 3177 5755 ῶσπερ
3207 5688 3458 5756 χαίρουσι
3488 5690 3599 5741 τῶν

2028 5774 2250 5841 ἀγαθῶν
2296 5780 2408 5838 τοῖς
2444 5776 2736 5846 παροῦσιν,
2786 5774 2959 5841 οὕτως
2992 5777 3179 5843 ἀλγεῖν
3216 5779 3413 5840 αὐτοὺς
3448 5780 3599 5845 εἰκὸς
