3920 6206
261 261 339 324 713
413 343 420 350 γ
554 277 559 284 ’
1252 257 1348 316 DE
1389 256 1568 317 VITA
1629 253 1712 314 IN
1753 251 2085 313 CHRISTO
2120 251 2270 312 LIB.
2315 249 2449 311 VII.

3361 239 3469 304 7H

257 379 363 446 ὑπὲρ
395 374 500 427 τῶν
532 372 781 428 ἀπεντων
818 374 850 443 ἦ
881 371 988 424 τῶν
1021 371 1304 440 παρὸντων
1346 370 1552 434 κακῶν,
1590 372 1706 431 τοῖς
1743 369 1785 420 δ’

1925 367 2043 420 nodi
2083 373 2268 436 agunt,
2323 362 2534 417 nullum
2585 367 2768 415 autem
2805 356 3118 413 contristat.
3169 355 3281 410 Nec
3327 357 3473 410 enim

252 471 297 520 ἐν
317 467 387 536 τῷ
416 467 538 536 Θεῷ
575 465 676 534 τὴν
731 465 874 533 ζωὴν
910 464 1228 530 μεταθεῖσιν
1281 462 1445 532 ἡδονὴ
1501 463 1600 530 μέν
1653 463 1800 514 ἑστιν

249 557 539 627 εἰλικρινὴς,
569 557 718 626 λύπη
754 556 808 608 δὲ
831 554 1081 623 οὐδεμία,
1120 552 1335 605 πολλῶν
1368 553 1466 623 μὲν
1497 553 1666 605 ὄντων
1693 553 1803 605 τῶν

250 651 433 705 ἐκείνου
459 648 784 710 ποιούντων,
814 647 1075 707 ἀνιῶντος
1095 645 1151 696 δὲ
1170 644 1406 708 οὐδενός.
1435 642 1572 697 Οὔτε
1597 644 1703 714 γάρ
1727 643 1804 713 τῷ

253 741 351 812 Θεῷ
376 741 625 793 σύνεστιν
652 739 811 792 οὐδὲν
844 736 1026 806 ἀηδὲς,
1117 735 1308 799 ζῶσιν,
1335 735 1458 787 οὐτε
1491 735 1598 788 τῶν
1621 735 1802 799 αὐτοῖς

253 833 515 901 πιρόντων
543 831 796 898 αἴσθησίς
826 832 995 893 ἑστιν,
1027 826 1082 879 εί
1108 844 1160 879 τι
1186 829 1281 880 καὶ
1324 827 1550 880 δύναται
1577 829 1766 880 λυπεῖν
1785 843 1800 857 ·

255 929 331 978 καὶ
358 925 460 994 γὰρ
486 925 697 978 ἑαυτῶν
722 922 906 992 ζητεῖν
926 919 1148 983 αὐτοὺς,
1167 922 1193 972 ὁ
1223 919 1325 987 τῆς
1349 919 1560 981 τελείας
1583 921 1806 987 ἀγάπης

257 1017 390 1084 λόγος
423 1015 481 1066 οὐ
542 1015 838 1082 συγχωρεῖ,
897 1031 915 1063 ι
978 1011 1053 1064 Οὐ
1110 1009 1219 1078 γὰρ
1273 1009 1447 1076 ζητεῖ,
1521 1012 1679 1080 φησι.
1737 1012 1804 1062 τά

260 1109 427 1174 αὐτῆς,
469 1125 486 1157 ι
524 1106 639 1158 ἀλλ’
671 1102 964 1172 ἀγαπῶσιν
994 1104 1078 1155 ὅτι
1102 1101 1374 1172 μακάριος
1400 1101 1428 1152 ὁ
1460 1101 1802 1170 φιλούμενος,

265 1203 336 1254 καὶ
372 1199 428 1251 τὸ
473 1199 645 1259 πάθος
676 1197 874 1250 ἀτοπον
907 1196 998 1247 καὶ
1036 1193 1334 1263 ὑπερφυὲς,
1381 1194 1448 1260 γῆ
1486 1194 1578 1246 καὶ
1614 1195 1805 1256 σποδὸς

265 1293 318 1344 τὰ
341 1289 426 1342 τοῦ
457 1287 593 1342 Θεοῦ
637 1287 744 1340 τῶν
776 1287 994 1340 οίκείων
1034 1285 1394 1338 ἀλλάττονται
1440 1285 1532 1336 καὶ
1567 1285 1804 1350 γίνονται

264 1382 638 1452 παραπλήσιον,
665 1381 854 1449 ὥσπερ
876 1380 923 1431 εἰ
940 1377 1171 1446 πένητες
1187 1375 1381 1444 ἄνδρες
1409 1377 1499 1426 καὶ
1521 1375 1807 1441 δυστυχεῖς

263 1479 328 1537 εἰς
361 1475 638 1544 βασιλικὴν
671 1471 1097 1532 είσπεπαικότες
1144 1469 1323 1521 οἰκίαν
1348 1465 1543 1536 ἀθρόον
1582 1467 1684 1534 μὲν
1708 1465 1806 1534 τὴν

261 1571 482 1622 σύνοικον
525 1566 912 1636 ἀποτρίψοιντο
964 1562 1178 1624 πενίαν,
1244 1560 1551 1630 περιθεῖντο
1599 1558 1656 1611 δὲ
1708 1559 1807 1627 τὴν

259 1663 364 1713 ἐκεῖ
388 1659 741 1730 λαμπρότητα
774 1657 980 1709 πᾶσαν.
1030 1653 1204 1722 Ὑπὲρ
1237 1644 1298 1704 οὗ
1345 1652 1438 1703 καὶ
1476 1649 1682 1718 νομίζω
1711 1651 1805 1702 καὶ

257 1754 464 1820 βιαστάς
481 1751 674 1810 αὐτοὺς
694 1746 952 1815 λέγεσθαι
975 1748 1070 1799 καὶ
1092 1744 1191 1813 τὴν
1217 1742 1494 1814 βασιλείαν
1513 1741 1808 1812 ἁρπάζειν,

254 1845 331 1896 ὅτι
363 1845 432 1912 μὴ
461 1843 583 1903 τοὺς
614 1840 888 1900 δώσοντας
917 1837 1252 1905 ἀναμένουσι
1284 1834 1404 1887 οὐδὲ
1436 1835 1563 1896 τοὺς
1587 1835 1814 1904 αἱρησο·

258 1937 438 2004 μένους
478 1931 910 1995 ἀποσκοποῦσιν,
983 1928 1098 1982 ἀλλ’
1128 1925 1422 1996 αὐτόματοι
1478 1925 1572 1978 τοῦ
1627 1926 1818 1996 θρόνου

255 2027 558 2097 δράττονται
583 2024 674 2076 καὶ¹
695 2025 814 2085 ταῖς
833 2021 966 2092 παρ’
989 2021 1202 2073 ἑαυτῶν
1225 2019 1424 2086 ψήφοις
1447 2017 1818 2086 περιτίθενται

256 2120 312 2170 τὸ
342 2117 588 2186 διάδημα.
626 2115 688 2167 Εἰ
741 2115 850 2182 γὰρ
886 2111 987 2166 καὶ
1033 2111 1430 2181 λαμϐάνουσιν,
1463 2109 1578 2161 ἀλλ’
1628 2109 1728 2161 οὐκ
1760 2109 1819 2161 ὲν

255 2210 418 2278 τούτῳ
469 2207 780 2276 νομίζουσιν
821 2203 1192 2272 εὐδαιμονεῖν,
1255 2202 1363 2254 οὐδ’
1428 2200 1662 2253 ἐνταῦθα
1716 2198 1812 2269 τὴν

249 2301 434 2368 ἡδονὴν
459 2301 692 2368 ἔχουσιν,
723 2296 839 2350 ἀλλ’
875 2298 932 2349 ὲν
965 2294 1040 2364 τῷ
1072 2292 1383 2362 φιλουμένῳ
1407 2291 1805 2358 συνεγνωκέναι

246 2394 343 2459 τὴν
370 2391 669 2458 βασιλείαν,
698 2390 790 2440 καὶ
812 2390 1117 2458 χαίρουσιν,
1144 2385 1242 2453 οὐχ
1258 2385 1338 2437 ὃτι
1361 2384 1542 2444 αὐτοῖς
1568 2383 1819 2434 κοινωνεῖ

245 2486 356 2537 τῶν
374 2483 607 2551 ἀγαθῶν,
635 2481 748 2533 ἀλλ’
771 2482 854 2533 ὅτι
885 2481 1092 2541 ἐκεῖνος
1119 2481 1175 2530 ἑν
1201 2475 1451 2543 ἀγαθοῖς,
1480 2473 1574 2526 τοῦ
1602 2473 1657 2526 δὲ
1685 2476 1816 2542 παρ’

243 2579 451 2631 ἑαυτῶν
482 2577 667 2646 ἔχουσι
703 2574 796 2626 καὶ
824 2573 923 2642 τῆς
944 2572 1155 2633 οἰκείας
1185 2565 1642 2638 εὐγνωμοσύνης’
1675 2565 1816 2618 ὥστε

244 2674 295 2722 εἰ
345 2670 504 2739 μηδὲν
561 2668 746 2729 αὐτοῖς
796 2661 865 2735 ἦν
920 2664 1101 2718 κοινὸν
1161 2662 1297 2732 πρδς
1353 2657 1630 2730 βασιλείαν
1682 2657 1815 2727 μηδὲ

255 2761 477 2831 μερίτας
531 2761 730 2817 αὐτοὺς
783 2757 881 2824 τῆς
947 2753 1354 2825 μακαριότητος
1404 2753 1431 2802 ὁ
1495 2748 1816 2818 φιλούμενος

247 2853 502 2911 ἐποιεῖτο,
563 2849 732 2917 μηδὲν
787 2842 950 2916 ἦττον
998 2843 1339 2912 εὐδαιμονεῖν
1384 2841 1476 2894 καὶ
1508 2836 1814 2910 βασιλεύειν

1906 459 2049 513 inest
2095 457 2232 524 Deo,
2277 455 2363 510 cui
2412 455 2627 516 vivunt,
2685 449 2898 520 aliquid
2957 448 3339 518 injucundum,
3377 461 3479 500 nec

1906 550 2040 618 ipsis
2089 546 2440 617 praesentium
2489 552 2572 597 est
2617 556 2836 605 sensus,
2893 539 2938 595 si
2989 538 3119 607 quid
3150 537 3483 592 contristare

1906 648 2116 709 potest-
2165 637 2279 691 Non
2334 637 2478 690 enim
2540 636 2685 702 ipsos
2743 647 2860 685 sese
2903 645 3169 699 quaerere,
3233 627 3485 697 perl'eetze

1906 731 2196 787 charitatis
2220 730 2360 783 ratio
2389 727 2691 797 permittit;
2737 743 2755 774 ι
2791 722 2946 785 Nam,
2970 723 3167 790 inquit,
3201 737 3304 773 non
3337 736 3485 788 qna:-

1906 828 1976 879 rit
2005 839 2125 894 quae
2149 839 2246 877 sua
2277 831 2404 876 sunt
2437 837 2450 888 ;
2485 840 2502 870 ι
2570 821 2663 871 sed
2693 825 2876 870 autaut
2905 815 3162 868 dilectum
3189 830 3310 868 esse
3359 814 3485 866 hee-—

1911 928 2048 980 tum,
2076 925 2130 970 et
2164 916 2348 984 passio
2391 910 2630 967 absurda
2661 919 2714 963 et
2761 907 3076 970 immodica,
3108 914 3248 960 terra
3278 917 3329 959 et
3369 906 3488 972 pul—

1910 1011 2019 1069 vis,
2055 1023 2155 1076 pro
2186 1007 2302 1060 suis
2320 1005 2534 1058 divinos
2556 1008 2898 1056 commutant
2917 1001 3266 1052 characteres
3287 999 3482 1066 hisque

1913 1099 2123 1152 similes
2154 1099 2320 1162 liunt;
2357 1092 2821 1164 quemadmodum
2854 1090 2898 1143 si
2924 1089 3174 1144 homines
3216 1105 3487 1159 pauperes

1907 1199 1961 1244 et
1990 1189 2172 1242 miseri
2208 1188 2261 1241 in
2289 1189 2488 1256 regiam
2519 1184 2786 1238 irruentes
2809 1182 3055 1245 domum,
3076 1191 3239 1234 tutam
3263 1181 3484 1249 quidem

1908 1290 2062 1329 suam
2079 1283 2340 1328 exuerent
2356 1273 2658 1342 penuriam,
2678 1280 2954 1339 totamque
2974 1270 3264 1339 fulgentem
3286 1271 3355 1324 ibi
3378 1289 3490 1324 tua-

1909 1365 2273 1438 gniﬁcentiam
2313 1364 2624 1418 induerent.
2669 1364 2897 1431 Propter
2933 1364 3076 1431 quod
3115 1363 3366 1416 existimo
3398 1381 3492 1418 eos

1911 1458 2094 1512 vocari
2112 1459 2376 1513 violentos
2395 1469 2698 1524 rapereque
2712 1469 2963 1523 regnum;
2982 1456 3124 1523 quod
3143 1456 3366 1508 daturos
3385 1472 3490 1508 non

1911 1559 2231 1619 exspectant
2279 1563 2380 1602 nec
2428 1547 2693 1615 eligentes
2751 1547 3079 1614 respiciunt,
3133 1548 3225 1599 sed
3277 1547 3495 1614 ipsimet

1915 1644 2173 1698 thronum
2195 1649 2472 1709 occupant
2493 1651 2543 1692 et
2569 1637 2808 1708 propriis
2827 1637 3102 1707 suﬂ‘ragiis
3125 1639 3224 1692 sibi
3243 1640 3493 1694 diadema

1841 1709 1887 1768 Β
1919 1735 2360 1802 circumponunt.
2393 1729 2556 1798 Atqui
2592 1729 2636 1782 si
2677 1728 2920 1797 capiunt,
2959 1745 3063 1782 non
3095 1738 3274 1783 tamen
3305 1731 3358 1783 in
3392 1733 3494 1786 hoc

1919 1839 1977 1878 se
2001 1825 2192 1877 beatos
2220 1838 2342 1877 esse
2367 1823 2619 1881 credunt,
2648 1837 2751 1875 nec
2793 1821 2993 1876 exinde
3024 1823 3356 1891 voluptatem
3394 1822 3495 1877 ha-

1919 1915 2069 1979 bent,
2109 1913 2205 1967 sed
2254 1913 2398 1980 quod
2448 1913 2501 1964 in
2548 1913 2750 1965 dilecto
2797 1928 3021 1980 regnum
3061 1928 3182 1968 esse
3227 1914 3493 1976 sentiunt,

1919 2007 2287 2078 gaudentque,
2311 2020 2417 2058 non
2452 2006 2596 2074 quod
2632 2005 2765 2074 ipsis
2806 2004 2948 2058 bona
2978 2005 3370 2071 connnuuicat,
3401 2007 3496 2062 sed

1917 2099 2060 2166 quod
2088 2098 2178 2152 ille
2229 2100 2283 2152 in
2325 2097 2491 2151 bonis
2538 2106 2653 2162 est;
2687 2097 2758 2150 ita
2812 2104 2872 2152 ut
2909 2097 2955 2150 si
3003 2097 3139 2151 nihil
3185 2098 3315 2167 ipsis
3353 2111 3500 2154 esset

1921 2204 2214 2243 commune
2253 2204 2376 2242 cum
2421 2202 2606 2255 regno,
2639 2202 2736 2240 nec
2785 2188 2932 2254 ipsos
2985 2187 3338 2242 beatitudinis
3372 2205 3497 2257 par-

1920 2281 2112 2350 ticipes
2152 2279 2392 2335 efﬁceret
2431 2279 2683 2343 dilectus,
2722 2279 3078 2333 nihilominus
3119 2292 3302 2335 essent
3333 2281 3494 2344 beati,

1921 2382 2228 2441 regnarent,
2271 2379 2691 2431 coronarentur.
2725 2387 3025 2440 omnesque
3057 2373 3366 2428 fruerentur
3396 2379 3499 2430 hoc

1918 2479 2106 2534 regno.
2136 2463 2294 2518 Unde
2333 2463 2532 2517 merito
2573 2471 2856 2532 propterea
2885 2474 3130 2532 raptores
3169 2481 3500 2522 vocarentur

1921 2565 1975 2607 et
2037 2555 2259 2610 violenti
2324 2555 2633 2608 divinorum
2692 2553 2957 2608 bonorum
3016 2571 3393 2624 possessores,
3445 2562 3498 2614 in

1921 2646 2236 2702 fruitionem
2262 2661 2448 2700 eorum
2469 2661 2587 2699 sese
2610 2646 2964 2715 impellentes.
2984 2645 3074 2701 Isti
3101 2659 3227 2702 sunt
3257 2651 3348 2720 qui
3374 2652 3500 2706 odio

1923 2740 2124 2795 habent
2143 2738 2376 2802 animas,
2392 2752 2484 2792 eas
2513 2737 2767 2806 perdunt,
2783 2746 2835 2791 et
2861 2753 3048 2792 earum
3069 2739 3188 2795 loco
3208 2741 3501 2800 Dominum

1921 2831 2223 2886 animarum
2256 2829 2546 2897 recipiunt.

248 2946 347 2996 καὶ
395 2940 792 3010 στεφανοῦσθαι
837 2941 930 2992 καὶ
977 2937 1184 2996 πάντας
1229 2936 1327 3004 τῆς
1365 2932 1643 3003 βασιλείας
1718 2925 2008 2982 ἀπολαύειν
2065 2923 2301 2994 ἐκείνης.
2339 2922 2502 2974 Ὀθεν
2550 2921 2800 2992 ἅρπαγες
2827 2922 3054 2988 εἰκότως
3083 2924 3149 2978 ἂν
3189 2925 3277 2978 διά
3342 2926 3502 2981 τοῦτο

248 3035 494 3088 καλοῖντο
553 3036 646 3087 καὶ
709 3033 930 3103 βιασταὶ
963 3031 1074 3082 τῶν
1116 3029 1275 3080 θείων
1329 3027 1572 3094 ἀγαθῶν,
1610 3027 1688 3086 είς
1720 3023 1818 3092 τὴν
1859 3017 2158 3072 ἀπόλαυσιν
2195 3015 2372 3067 αὐτῶν
2404 3014 2626 3076 ἑαυτοὺς
2670 3013 3038 3078 είσωθοῦντες.
3090 3011 3252 3071 Οὗτοί
3281 3019 3418 3073 εἰσιν
3455 3023 3503 3073 οι

249 3128 350 3189 τὰς
377 3128 553 3196 ψυχὰς
585 3124 866 3196 μισοῦντες
900 3123 994 3176 καὶ
1023 3121 1351 3182 ἀπολλύντες
1419 3119 1514 3171 καὶ
1578 3116 1783 3170 τούτων
1817 3112 1906 3165 τὸν
1939 3111 2046 3162 τῶν
2077 3108 2263 3177 ψυχῶν
2295 3107 2571 3176 Δεσπότην
2603 3107 3117 3176 ἀντιλαμϐάνοντες.

325 3225 389 3277 Τί
415 3224 507 3276 οὖν
533 3225 630 3293 τῆς
662 3223 836 3292 χαρᾶς
869 3220 1074 3289 ταύτης
1101 3219 1133 3287 ἢ
1172 3216 1360 3286 μεῖζον
1391 3215 1423 3284 ἢ
1453 3213 1817 3284 βεϐαιότερονς

1999 3204 2137 3269 Quid
2172 3203 2336 3268 igitur
2371 3201 2474 3254 hoc
2500 3200 2694 3270 gaudio
2733 3201 2908 3271 majus
2942 3204 3021 3256 vel
3053 3204 3316 3259 solidius?
3347 3203 3500 3271 Quod

253 3313 383 3378 τοῖς
410 3317 508 3384 μὲν
546 3316 656 3386 γᾴρ
683 3315 896 3376 ἑαυτοῖς
919 3312 1168 3380 χαίρουσι
1216 3307 1276 3361 τὸ
1303 3306 1494 3378 χαρίεν
1523 3303 1822 3358 ἀποϐαλεῖν

259 3408 320 3458 οὐ
347 3407 450 3458 τῶν
477 3407 787 3475 ἀδοκήτων·
825 3406 883 3456 ἑν
926 3402 1102 3455 οὐδενὶ
1146 3400 1256 3469 γὰρ
1307 3399 1401 3451 ἐπὶ
1433 3395 1527 3449 τοῦ
1559 3395 1824 3464 παρόντος

259 3499 487 3565 τάγαθὸν
527 3500 807 3568 ἀκίνητον,
851 3497 976 3551 ὅθεν
1009 3496 1068 3549 οὐ
1105 3493 1174 3548 δι’
1205 3485 1280 3546 ὧν
1314 3489 1674 3553 ἀπολαύουσι,
1704 3485 1824 3554 χαί-

264 3609 412 3661 ρουσι
450 3593 674 3660 μᾶλλον,
703 3591 734 3659 ἢ
769 3589 834 3642 δι’
867 3583 943 3641 ὧν
978 3588 1104 3655 περὶ
1135 3585 1228 3639 τοῦ
1262 3584 1490 3637 πλούτου
1529 3581 1822 3651 τρέμουσι,

263 3686 512 3738 ἀνιῶνται
535 3701 549 3715 ο
589 3684 703 3744 τοῖς
737 3680 793 3734 δὲ
821 3682 916 3734 καὶ
945 3683 971 3732 ὁ
1001 3679 1275 3748 θησαυρὸς
1305 3676 1412 3726 τῶν
1443 3673 1662 3738 ἀγαθῶν
1689 3671 1825 3724 ἀσυ-

265 3773 352 3835 λοί
403 3776 491 3826 καὶ
544 3773 709 3842 ἦδονῆ
753 3771 933 3839 λύπης
972 3768 1226 3837 ἄμικτος.
1285 3767 1378 3819 καὶ
1432 3763 1594 3830 φόϐος
1651 3762 1827 3822 οὐδεὶς

267 3864 398 3934 ὑπὲρ
443 3865 678 3928 ἑστῶτος
734 3862 827 3917 καὶ
878 3861 1097 3931 βεϐαίου
1133 3859 1481 3930 πράγματος.
1512 3856 1620 3907 Καὶ
1649 3856 1696 3906 οἱ
1728 3853 1828 3922 μὲν

267 3957 357 4009 καὶ
393 3956 541 4008 αὐτοὶ
571 3955 791 4014 εἰκότως
815 3950 1183 4004 ὑποπτεύουσι
1212 3949 1312 4016 τὴν
1345 3946 1545 4015 χαρὰν,
1574 3943 1650 4011 μὴ
1691 3943 1828 4011 πρὸς

269 4044 640 4114 ὑπερηφανίαν
674 4042 876 4104 αὐτοὺς
909 4040 1100 4110 ἐξάγῃ,
1159 4038 1365 4107 σφόδρα
1421 4035 1556 4107 πρὸς
1601 4035 1832 4096 ἑαυτοὺς

273 4140 584 4209 βλέποντας,
617 4138 643 4189 ὃ
680 4139 742 4189 τὸ
780 4135 1030 4187 πλεῖστον
1064 4132 1130 4186 ἂν
1159 4131 1258 4200 τῆς
1300 4129 1496 4197 ἡδονῆς
1542 4127 1829 4195 ὑποτέμοι,

270 4236 375 4292 τοῖς
403 4233 457 4285 δὲ
499 4230 739 4283 τοιοῦτον
784 4227 903 4280 οὐδὲ
955 4225 1179 4293 ἐνοχλεῖ,
1216 4221 1423 4274 ἑαυτῶν
1459 4219 1556 4288 μὲν
1584 4218 1684 4270 οὐκ
1717 4219 1833 4268 ἐπι-

272 4324 673 4394 στρεφομένοις,
700 4326 754 4374 ὲν
777 4319 855 4390 τῷ
877 4317 995 4387 Θεῷ
1017 4317 1072 4369 δὲ
1097 4317 1190 4382 τὴν
1215 4313 1445 4382 δύναμιν
1465 4309 1829 4379 ποιουμένοις,

270 4421 324 4469 ἑν
352 4417 544 4486 ἐκείνῳ
578 4415 633 4466 δε
670 4411 1070 4482 καυχωμένοις,
1101 4407 1196 4460 καὶ
1226 4406 1361 4466 ὅλως
1389 4405 1487 4471 οὐχ
1518 4403 1641 4454 ὅσον
1679 4401 1832 4453 αὐτοὶ

269 4531 555 4587 χιιιρουσιν,
580 4518 687 4562 οὐδ’
717 4510 905 4573 ῶσπερ
932 4502 1256 4572 ἀνθρώπους
1288 4499 1500 4565 χαίρειν
1522 4493 1687 4556 είκὸς,
1715 4492 1830 4544 ἀλλ’

266 4582 517 4679 ὐπερξυᾶ
565 4617 688 4652 τινα
733 4597 827 4652 καὶ
876 4593 1027 4646 θείαν
1073 4588 1416 4658 καρποῦνται
1464 4584 1563 4653 τὴν
1612 4582 1827 4651 ἡδονήν.

268 4673 452 4754 Οἰκίαν
481 4697 580 4768 μὲν
619 4696 728 4760 γὰρ
757 4687 935 4748 οἰκίας
987 4683 1039 4736 εί
1077 4698 1158 4744 τις
1207 4678 1527 4743 eameam,
1577 4673 1832 4727 καλλίονα

270 4761 599 4860 φαυλοτέρας
622 4785 716 4836 καὶ
741 4780 934 4848 ἡδονῆς
964 4768 1291 4841 ἀντείληφεν
1320 4767 1539 4837 ἡδονὴν,
1572 4761 1638 4838 ἦς
1672 4767 1831 4836 ἥδετο

268 4885 358 4952 τὴν
376 4885 646 4950 προτέραν
668 4874 859 4930 οἰκῶν,
885 4873 950 4939 ἣν
969 4867 1114 4927 εἰκὸς
1136 4863 1358 4934 ἥδεσθαι
1380 4862 1468 4914 τὸν
1489 4860 1831 4913 ἀπολαύοντα

268 4979 358 5041 τῆς
385 4975 646 5038 δευτέρας
670 4986 684 4999 ·
729 4967 804 5030 ὡς
842 4965 899 5018 δὲ
929 4963 1022 5016 καὶ
1061 4960 1316 5028 σώματος
1351 4958 1399 5010 εἰ
1456 4955 1670 5025 μηχανῇ
1723 4968 1830 5004 τινι

269 5068 412 5134 τύχοι
442 5043 744 5123 καλλίονος,
790 5059 850 5108 το
888 5054 1061 5124 παρὸν
1109 5049 1400 5104 ἀποϐαλὼν
1451 5047 1546 5098 καὶ
1600 5045 1697 5114 τὴν
1742 5041 1828 5096 ἐπ’

271 5157 410 5224 αὐτῷ
437 5155 612 5222 χαρὰν
654 5149 914 5218 ίιμειψεν,
967 5143 1062 5197 καὶ
1110 5139 1334 5193 τοσοῦτο
1372 5137 1554 5206 χαίρει
1606 5133 1828 5202 μᾶλλον⁹

271 5247 382 5302 ὅσον
406 5244 654 5312 ἀμείνονι
683 5239 881 5308 χρῆται
915 5235 1151 5303 σώματι.
1187 5229 1396 5284 Οὐκοῦν
1421 5229 1548 5279 ὅταν
1573 5226 1634 5277 οὐ
1666 5225 1827 5294 μόνον

275 5339 423 5403 σῶμα
460 5337 556 5386 καὶ
596 5333 794 5392 οἰκίαν,
828 5327 940 5380 ἀλλ’
968 5324 1162 5378 ἑαυτὸν
1203 5318 1512 5389 ἀπορρίψας
1550 5317 1642 5369 τὸν
1695 5316 1830 5367 Θεὸν

274 5431 587 5499 κομίσηται,
617 5425 712 5476 καὶ
751 5415 904 5481 οὗτος
936 5416 1085 5487 αὐτῴ
1120 5418 1212 5466 καὶ
1257 5411 1507 5481 σώματος
1539 5410 1629 5462 καὶ
1659 5407 1834 5476 ψυχῆς

275 5527 358 5574 καὶ
383 5521 599 5573 οἰκείων
629 5515 723 5569 καὶ
754 5513 923 5582 φίλων
947 5512 1040 5563 καὶ
1077 5507 1293 5560 πάντων
1319 5503 1711 5570 ἀντικαταστῇ,
1741 5503 1836 5550 καὶ

275 5615 464 5682 ἡδονὴν
500 5609 719 5675 ἀνάγκη
761 5605 858 5674 τὴν
903 5603 1002 5671 μὲν
1038 5598 1345 5667 ὑπερϐῆναι
1390 5595 1568 5645 πᾶσαν
1599 5591 1694 5661 τὴν
1732 5590 1841 5642 τῶν

272 5707 594 5776 ἀνθρώπων,
614 5700 714 5769 τὴν
735 5697 790 5750 δὲ
816 5695 1024 5758 λαϐεῖν,
1047 5694 1079 5763 ἢ
1108 5691 1247 5762 πρὸς
1271 5687 1371 5758 τὴν
1397 5686 1546 5740 Οείαν
1569 5686 1843 5762 ἥρμοσται

483 5823 757 5878 Ρλτιιοι.
807 5815 926 5874 Gtt.
974 5811 1016 5871 C
1033 5811 1076 5870 L
1093 5850 1106 5868 .

1929 3295 2072 3351 enim
2123 3294 2230 3347 illis
2285 3294 2378 3363 qui
2433 3291 2686 3363 gaudium
2737 3293 2792 3346 in
2824 3309 2881 3348 se
2944 3304 3173 3364 ponunt,
3225 3297 3501 3365 objectum

1927 3387 2109 3458 gaudii
2177 3388 2442 3454 rapiatur,
2502 3401 2609 3439 non
2655 3392 2833 3440 estex
2888 3385 3232 3456 improvisis;
3265 3390 3318 3443 in
3351 3393 3498 3445 nulla

1927 3480 2070 3535 enim
2122 3494 2302 3532 rerum
2339 3478 2693 3546 praesentium
2724 3478 2921 3532 stabile
2957 3480 3232 3549 reperitur
3261 3482 3501 3548 bonum;

1928 3570 2068 3623 unde
2099 3584 2205 3622 non
2243 3568 2412 3636 magis
2443 3567 2510 3621 de
2541 3567 2740 3636 quibus
2770 3567 3033 3622 fruuntur
3064 3571 3497 3642 gaudent,qnam

1929 3663 1994 3714 de
2029 3660 2132 3713 illis
2180 3676 2279 3728 pro
2312 3659 2514 3727 quibus
2547 3660 2875 3713 tremiscunt
2911 3659 3120 3713 dolent.
3173 3659 3267 3715 His
3319 3675 3501 3715 autem

1930 3754 2224 3805 thesaurus
2254 3762 2332 3804 est
2365 3753 2632 3804 bouorum
2655 3765 2902 3813 securus,
2929 3752 3356 3821 jueundi'asqne
3385 3754 3505 3806 sine

1935 3843 2174 3906 tristitia,
2206 3843 2491 3910 nullusque
2527 3839 2687 3894 timor
2719 3857 2814 3910 pro
2855 3842 3008 3894 lirma
3053 3843 3344 3909 stabilique
3377 3860 3504 3913 pos—

1933 3937 2192 3988 sessione.
2225 3933 2550 4002 Illiquidem
2598 3934 2760 3986 etiam
2809 3932 2912 4000 ipsi
2946 3934 3141 3986 merito
3194 3935 3502 4002 suspiciunt

1934 4025 2212 4092 gaudium,
2251 4037 2317 4075 ne
2349 4024 2499 4091 ipsos
2531 4021 2596 4074 ad
2630 4022 2939 4088 superbiam
2982 4024 3225 4086 extollat,
3265 4027 3498 4077 multum

1936 4119 1986 4168 in
2016 4130 2072 4168 se
2092 4115 2353 4179 videntes,
2372 4117 2513 4182 quod
2540 4115 2830 4167 maximam
2868 4124 3072 4182 partem
3098 4117 3278 4184 gaudii
3305 4122 3510 4169 rescin—

1937 4207 2064 4260 dere
2088 4216 2289 4274 potest;
2322 4207 2405 4260 his
2429 4217 2607 4258 autem
2655 4205 2788 4257 nihil
2825 4208 2930 4258 tale
2970 4209 3297 4258 anxietatem
3331 4207 3505 4268 aﬂ‘ert,

1935 4314 2059 4352 cum
2113 4299 2213 4368 ipsi
2233 4314 2339 4351 non
2367 4298 2418 4350 in
2443 4313 2500 4349 se
2523 4297 2818 4362 confidant,
2841 4297 2932 4350 sed
2953 4298 3017 4350 ad
3039 4297 3206 4351 Deum
3231 4314 3384 4350 suum
3407 4315 3500 4366 po-

1937 4392 2157 4445 tentiam
2178 4392 2432 4451 referant,
2454 4390 2506 4442 in
2523 4390 2722 4458 illoque
2740 4389 3063 4457 glorientur.
3085 4393 3382 4443 acomnino
3403 4407 3508 4442 non

1939 4493 2200 4553 quantum
2233 4485 2332 4551 ipsi
2370 4486 2550 4535 valent
2587 4492 2680 4535 aut
2706 4498 2802 4550 par
2835 4493 2918 4536 cst
2951 4483 3198 4536 homines
3232 4499 3340 4536 SlISt
3364 4483 3514 4553 ipere

1936 4579 2216 4645 gaudium,
2261 4576 2354 4628 sed
2381 4575 2847 4643 superuaturalem
2873 4589 2935 4626 ac
2970 4574 3206 4627 divinam
3243 4577 3511 4645 colligunt

1929 4671 2342 4738 iucunditatem.
2367 4667 2421 4720 Si
2456 4668 2578 4735 quis
2612 4681 2770 4734 porro
2793 4666 3014 4718 domum
3048 4681 3144 4736 pro
3176 4667 3358 4732 domo,
3391 4669 3507 4737 pul-

1935 4763 2202 4816 cminrem
2250 4775 2349 4829 pro
2414 4759 2623 4821 viliore,
2687 4767 3070 4821 rommutaret,
3114 4760 3509 4825 iucunditatem

1935 4852 2097 4905 etiam
2136 4850 2459 4918 anticiparet
2495 4863 2591 4916 pro
2619 4847 2982 4916 jucunditate,
3004 4848 3148 4900 illius
3183 4850 3320 4903 loco.
3348 4867 3509 4916 quam

1935 4943 2214 5013 carpebat,
2233 4943 2463 5010 priorem
2491 4941 2711 4993 domum
2733 4955 3030 5007 occupans,
3053 4941 3192 4993 hanc
3213 4958 3373 5010 quam
3394 4961 3518 4995 sen-

1941 5039 2043 5092 tire
2068 5035 2360 5090 verisimile
2380 5044 2463 5088 est
2484 5034 2781 5103 posteriore
2808 5033 3092 5089 fruentem.
3117 5037 3330 5089 Pariter
3351 5038 3512 5088 etiam

1941 5131 1986 5184 si
2006 5130 2236 5198 quadam
2265 5127 2663 5182 machinatione
2698 5127 2979 5196 pulchrius
3000 5129 3266 5181 obtineret
3294 5144 3517 5196 t‘orptls,

1941 5236 2181 5291 pra'sens
2211 5221 2485 5283 cauendo,
2514 5233 2714 5271 novum
2741 5233 2956 5288 quoque
2979 5233 3144 5287 super
3168 5219 3268 5271 hoc
3293 5218 3516 5285 partici-

1943 5322 2094 5381 paret
2111 5311 2388 5380 gaudium,
2407 5319 2664 5378 tantoque
2688 5311 2858 5379 magis
2879 5312 3156 5378 gauderet.
3178 5315 3380 5374 quanto
3406 5322 3521 5358 me-

1945 5407 2079 5459 liore
2100 5421 2325 5473 corpore
2349 5405 2634 5456 frueretur.
2656 5404 2788 5455 Cum
2813 5403 2974 5472 igitur
2993 5418 3097 5453 non
3127 5403 3298 5454 solum
3318 5413 3518 5462 corpus

1947 5507 1997 5552 et
2042 5498 2290 5558 domum,
2333 5499 2426 5548 sed
2459 5496 2696 5562 seipsum
2731 5492 3059 5560 abjicieodo,
3093 5487 3259 5543 Deum
3290 5487 3516 5558 recepit,

1945 5601 2001 5644 ct
2027 5591 2112 5642 hic
2138 5587 2241 5657 ipsi
2273 5586 2326 5639 in
2357 5589 2628 5656 corporis,
2658 5584 2874 5646 animae,
2908 5580 3283 5646 familiarium,
3311 5581 3522 5634 amico-

1951 5699 2070 5738 rum
2112 5683 2467 5750 omniumque
2500 5682 2677 5734 locum
2711 5677 2968 5733 suffectus
2995 5685 3099 5737 est,
3139 5676 3379 5731 Imtitiam
3429 5689 3529 5731 ne-

3124 5791 3202 5851 23
