3982 6208
462 241 572 304 715

1689 243 2000 303 NICOLM
2042 243 2306 305 CABASI
2322 244 2435 303 LE

3551 256 3642 317 illi

461 373 617 414 cesse
643 367 728 413 est
761 356 1003 428 qtta!ibct
1038 355 1319 410 hominum
1345 355 1526 409 latitia
1554 364 1831 426 praestare,
1858 358 2002 411 illam

2142 357 2523 425 μακαριότητα
2564 355 2655 407 καὶ
2698 356 2875 425 τοιᾷδε
2919 357 3187 429 προσήχει
3227 365 3524 433 μετασκευῇ.
3562 366 3648 418 Διὰ

461 470 567 526 que
590 466 804 507 sumere
828 467 947 520 quae
970 449 1162 503 divinae
1181 456 1465 515 coaptatur
1482 447 1800 503 beatitudini
1822 449 2023 518 talique

460 544 926 602 transformationi
980 539 1254 593 «cnvenit.
1313 534 1523 593 Idcirco
1574 537 1778 594 Christi
1841 540 2024 593 la-titia

460 641 562 709 ipsi
601 638 837 707 gaudere
884 634 1141 687 dicuntur
1175 649 1188 685 :
1230 634 1294 685 tle
1336 648 1444 702 quo
1490 632 1634 686 enim
1683 632 1773 687 ille
1807 633 2024 702 gaudet,

462 734 564 785 hnc
613 730 728 797 ipse
762 725 891 779 facit
935 723 1196 776 laetitiam.
1236 721 1431 790 Seipso
1459 722 1602 775 enim
1633 722 1863 790 gaudet;
1900 736 2024 774 cum

459 832 637 876 autem
676 834 738 872 ea
763 831 883 886 qua:
907 814 1180 868 laetilicme
1210 822 1457 882 possunt,
1489 812 1676 866 eadem
1714 819 1863 874 sunt,
1900 811 2030 865 hinc

457 912 707 980 sequitur
734 917 791 962 ut
811 905 1127 977 jucunditas
1157 905 1346 959 eadem
1375 904 1465 958 sit.
1490 903 1553 957 Et
1576 904 1678 958 hoc
1709 920 1817 958 non
1849 903 2024 956 solum

456 1005 775 1073 conjectura
806 999 1204 1066 ratiocinioque
1234 1007 1360 1061 stat,
1400 997 1490 1049 sed
1520 1012 1583 1051 ex
1605 999 1720 1065 ipso
1749 994 2030 1049 Salvatore

459 1094 747 1148 nanileste
772 1093 1029 1159 loquente
1056 1095 1506 1158 potestaccurate
1538 1085 1695 1139 disci.
1728 1086 2025 1149 Postquam

454 1186 597 1239 enim
633 1181 918 1235 charitatis
949 1180 1091 1247 leges
1123 1178 1433 1238 induxerat,
1472 1175 1767 1243 discipulos
1801 1175 2029 1228 hortans

456 1286 514 1330 ut
557 1279 610 1329 in
655 1274 816 1327 linem
849 1271 951 1341 ipsi
995 1270 1345 1325 dilectionem
1408 1269 1789 1322 inconcussam
1829 1273 2027 1321 custo-

453 1371 653 1430 dirent,
696 1385 714 1416 ι
756 1365 878 1419 llzcc
909 1365 1127 1419 locutus
1156 1378 1291 1429 ,sum
1340 1360 1511 1423 vobis,
1552 1360 1747 1428 inquit,
1798 1366 1857 1413 ut
1896 1373 2027 1427 gau-

453 1463 599 1514 dium
634 1474 814 1512 meum
849 1456 903 1510 in
938 1455 1092 1509 vobis
1129 1462 1368 1515 maneat,
1402 1461 1455 1505 et
1490 1452 1748 1520 gaudium
1783 1455 2025 1502 vestrum

453 1555 522 1608 sit
568 1539 805 1621 plenum.
846 1568 863 1598 ι
897 1547 1126 1616 Propter
1171 1546 1296 1613 hoc,
1328 1545 1524 1614 inquit,
1578 1543 1802 1610 diligere
1834 1540 2029 1611 praeri-

450 1646 562 1717 pio,
600 1654 676 1704 ut.
715 1646 839 1696 dum
873 1639 1109 1693 amicitia
1159 1652 1344 1691 omnia
1381 1651 1496 1689 mea
1528 1634 1685 1688 vobis
1715 1631 2025 1687 communia

2127 448 2285 501 τοῦτο
2315 451 2409 502 καὶ
2442 448 2543 516 τὴν
2589 447 2683 500 τοῦ
2729 448 2972 519 Χριστοῦ
3018 451 3195 520 χαρὰν
3246 452 3391 505 αὐτοὶ
3432 454 3651 524 λέγονται

2128 541 2373 611 χαίρειν⁶
2399 534 2444 607 ᾧ
2467 540 2577 610 γὰρ
2607 541 2819 603 ἐκεῖνος
2845 542 3047 613 χαίρει,
3072 543 3229 596 τοῦτο
3252 547 3341 596 καὶ
3363 547 3506 607 αὐτὸς
3533 554 3655 601 ποιεῖ

2127 633 2230 702 τὴν
2261 634 2458 701 χαράν.
2488 634 2595 685 Χαῖ
2605 649 2685 702 ρει
2715 634 2827 703 γὰρ
2851 634 3053 705 ἑαυτῷ,
3086 635 3195 688 τῶν
3220 636 3273 689 δὲ
3297 637 3502 706 τέρπειν
3523 640 3643 692 δυνα-

2136 725 2318 794 μένων
2355 724 2465 779 τῶν
2498 726 2679 779 αὐτῶν
2713 726 2886 780 ὄντων
2915 726 3212 781 ἀκόλουθον
3244 731 3333 783 καὶ
3374 731 3545 802 ἡδονὴν
3574 735 3648 802 rip

2132 818 2309 889 αὐτὴν
2342 814 2484 873 εἶναι
2508 833 2521 846 '
2555 822 2651 873 καὶ
2679 820 2840 872 τοῦτο
2868 822 2969 874 οὐκ
3001 821 3222 874 εἰκάσαι
3253 823 3343 873 καὶ
3372 822 3660 889 λογίσασθαι

2132 911 2295 980 μόνον
2319 910 2489 975 ἔστιν,
2523 910 2635 964 ἀλλ’
2658 910 2826 963 αὑτοῦ
2855 912 3044 979 σαφῶς
3061 912 3307 980 λέγοντος
3324 914 3414 965 τοῦ
3440 914 3660 986 Σωτῆρος

2134 1003 2325 1073 μαθεῖν
2364 1004 2633 1073 ἀκριϐῶς.
2684 1004 2837 1055 Ἐπεὶ
2881 1004 2989 1074 γάρ
3020 1005 3146 1068 τοὺς
3187 1006 3312 1074 περὶ
3354 1007 3447 1075 τῆς
3471 1008 3662 1078 ἀγάπης

2129 1096 2392 1164 εἰσήγαγε
2409 1096 2610 1163 νόμους
2626 1097 2720 1149 καὶ
2740 1097 2973 1167 παρῄνει
2992 1100 3107 1160 τοῖς
3127 1099 3394 1167 μαθηταῖς
3409 1099 3664 1167 φυλάττειν

2130 1187 2281 1257 αὐτῷ
2300 1187 2389 1240 διὰ
2413 1190 2606 1251 τέλους
2633 1189 2694 1241 τὸ
2719 1188 2944 1260 φίλτρον
2968 1191 3245 1259 ἀκίνητον,
3285 1211 3303 1242 ι
3337 1191 3506 1245 Ταῦτα
3530 1193 3665 1246 λελά-

2136 1280 2276 1348 ληκα
2309 1281 2457 1348 ὑμῖν,
2477 1282 2662 1351 φησὶν,
2691 1280 2776 1332 ῖνα
2800 1283 2833 1349 ἡ
2861 1280 3003 1350 χαρά
3030 1281 3062 1351 ἡ
3094 1282 3200 1352 ἐμὴ
3246 1283 3369 1351 ὑμῖν
3400 1283 3562 1356 μείνῃ,
3589 1286 3667 1337 καὶ

2132 1373 2166 1440 ἡ
2198 1371 2343 1442 χαρά
2379 1373 2509 1441 ὑμῖν
2553 1370 2839 1442 πληρωθῇ.
2888 1390 2907 1424 ›
2949 1373 3048 1426 Διὰ
3076 1372 3255 1439 τοῦτο,
3290 1376 3437 1444 φησὶ,
3484 1376 3665 1428 κελεύω

2135 1463 2333 1532 φιλεῖν,
2360 1464 2449 1516 ἵνα
2485 1464 2582 1531 τῆς
2613 1464 2798 1531 φιλίας
2849 1465 3027 1519 πάντα
3055 1466 3207 1535 τάμά
3236 1468 3388 1520 κοινὰ
3427 1471 3514 1520 καὶ
3537 1468 3670 1537 ὑμῶν

2135 1554 2423 1624 ποιούσης,
2451 1555 2550 1619 τὴν
2578 1556 2667 1608 ἐπ’
2706 1558 2827 1625 ἐμοὶ
2854 1558 2947 1610 καὶ
2974 1559 3089 1619 τοῖς
3113 1558 3267 1626 ἐμοῖς
3290 1561 3384 1627 τὴν
3413 1560 3568 1627 αὐτὴν
3585 1556 3667 1630 ἦτε
3726 1613 3733 1620 _

2133 1649 2414 1717 χαίροντες
2463 1647 2661 1719 ἡδονὴν
2701 1648 2861 1718 ἐμοί’
2908 1668 2927 1700 ι
2991 1649 3320 1704 ’Λπεθάνετε
3352 1652 3480 1720 γάρ,
3534 1655 3669 1721 καὶὴ

453 1738 605 1801 facit,
639 1736 703 1788 de
747 1750 832 1787 me
863 1741 913 1784 rt
942 1732 1008 1786 de
1049 1729 1185 1783 meis
1231 1728 1420 1781 eadem
1454 1743 1515 1780 ac
1547 1741 1644 1797 ego
1677 1725 1864 1780 laetitia
1894 1739 2012 1792 gau-

2133 1739 2246 1807 ζωὴ
2271 1740 2446 1808 ὑμῶν,
2471 1740 2630 1808 φησὶ,
2654 1742 2968 1807 κέκρυπται
2996 1743 3052 1793 ὲν
3082 1741 3159 1811 τῷ
3193 1730 3410 1811 Χριστῷ
3436 1747 3487 1796 ὲν
3503 1743 3624 1812 Θεῷ,
3648 1761 3665 1796 ι

449 1829 641 1882 dentis.
703 1824 898 1878 Mortui
952 1823 1096 1875 enim
1154 1821 1384 1881 estis,et
1429 1818 1539 1871 vita
1588 1828 1786 1879 vestra,
1827 1814 2023 1883 inquit,

448 1920 767 1974 abscondita
805 1927 888 1972 est
934 1916 987 1969 iu
1036 1915 1276 1975 Christo,
1307 1911 1358 1964 in
1395 1911 1526 1973 Deo,
1559 1906 1747 1964 eodem
1783 1906 1943 1960 modo
1974 1913 2027 1959 et

447 2013 708 2082 gaudium
766 2022 813 2065 et
864 2019 1061 2063 catera
1114 2005 1337 2071 omnia;
1389 2002 1633 2071 nihilque
1678 1997 1902 2054 humani
1943 2005 2027 2052 est

448 2108 590 2175 apud
624 2106 794 2175 ipsos.
852 2102 909 2155 Et
946 2102 1130 2155 omnia
1163 2098 1313 2152 brevi
1368 2111 1624 2152 sermone
1665 2091 2026 2147 manifestans

446 2203 642 2257 beatus
688 2196 915 2259 Paulus,
955 2213 972 2245 ι
1014 2191 1129 2246 Non
1166 2192 1318 2255 estis,
1363 2189 1564 2258 inquit,
1598 2188 1806 2250 vestri;
1849 2185 2026 2255 pretio

442 2294 589 2347 enim
622 2291 786 2361 empti
825 2290 991 2351 estis;
1020 2305 1036 2337 ι
1070 2295 1285 2355 emptus
1308 2295 1489 2337 autem
1521 2295 1627 2336 non
1664 2280 1729 2333 ad
1770 2279 2022 2342 semetip-

445 2403 588 2451 sum,
633 2385 726 2441 sed
756 2384 821 2437 ad
851 2392 1147 2451 emptorem
1184 2379 1371 2431 oculos
1401 2375 1607 2442 dirigit,
1633 2382 1683 2426 ct
1717 2371 2017 2427 secundum

446 2479 592 2533 illius
622 2478 950 2529 voluntatem
982 2472 1130 2524 vivit.
1150 2469 1250 2535 Qui
1278 2477 1457 2523 autem
1489 2466 1800 2521 hominibus
1833 2461 2017 2525 servit,

442 2586 672 2637 contore
728 2580 939 2622 tantum
991 2564 1147 2633 juxta
1197 2562 1454 2632 placitum
1494 2557 1697 2612 domini
1746 2556 2016 2617 vincitur;

441 2664 720 2717 voluntate
798 2674 927 2715 vero
996 2657 1319 2724 rationeque
1393 2653 1534 2706 sicut
1598 2651 1726 2704 libet
1804 2649 2013 2702 utitur:

440 2774 598 2826 quem
636 2770 763 2809 vero
784 2752 1039 2807 Christus
1071 2749 1224 2810 emit,
1262 2762 1368 2800 non
1398 2745 1511 2813 jam
1535 2750 1618 2797 est
1649 2757 1781 2795 suus
1803 2782 1817 2805 ,
1852 2737 2021 2808 siqui—

440 2851 562 2903 dcm
613 2863 721 2899 nun
749 2854 833 2898 est
886 2845 1046 2896 homo
1075 2840 1169 2909 qui
1217 2848 1386 2892 totum
1412 2837 1545 2889 emit
1576 2835 1880 2893 hominem.
1918 2845 2016 2887 nec

440 2951 524 2996 est
556 2940 788 3011 pretium
830 2952 939 3006 quo
966 2934 1139 3004 possit
1174 2934 1468 2986 humanam
1505 2944 1687 2983 emere
1721 2927 1961 2981 animam
1998 2941 2014 2979 :

440 3033 584 3087 unde
617 3045 775 3086 nemo
806 3029 968 3084 solvit
1004 3026 1085 3081 vel
1118 3040 1334 3079 servum
1390 3022 1516 3077 fecit
1547 3020 1826 3075 hominem
1869 3019 2009 3073 ultra

2130 1831 2222 1882 τὸν
2256 1825 2373 1885 ἴσον
2414 1833 2617 1901 τρόπον
2665 1833 2758 1885 καὶ
2800 1834 2833 1902 ὴ
2865 1832 3009 1902 χαρά
3043 1834 3135 1887 καὶ
3174 1835 3344 1888 τᾶλλα
3373 1836 3447 1888 πά
3479 1852 3555 1896 τα,
3591 1836 3670 1887 καὶ

2128 1925 2280 1978 οὐδὲν
2333 1925 2671 1996 ἀνθρώπινον
2734 1925 2867 1996 παρ’
2915 1928 3117 1983 αὐτοῖς.
3175 1929 3286 1982 Καὶ
3337 1931 3504 1980 πάντα
3546 1928 3667 1994 λόγῳ

2130 2016 2326 2086 βραχεῖ
2348 2016 2523 2083 δηλῶν
2545 2020 2571 2070 6
2605 2019 2877 2088 μακάριος
2894 2019 3130 2087 Παῦλος,
3160 2038 3179 2071 ι
3211 2020 3323 2074 Οὔκ
3346 2022 3481 2085 ἐστε,
3506 2018 3668 2087 φησὶν,

2128 2109 2359 2170 ἑαυτῶν,
2403 2110 2753 2181 ἠγοράσθητε
2780 2110 2890 2180 γὰρ
2923 2116 3110 2183 τιμῆς,
3152 2131 3170 2163 ι
3210 2116 3239 2167 ὁ
3267 2112 3323 2166 δὲ
3351 2111 3669 2183 πεπραμένος

2123 2202 2184 2253 οὐ
2210 2202 2347 2271 πρὸς
2404 2204 2622 2266 ἑαυτὸν,
2658 2202 2791 2254 ἀλλὰ
2825 2206 2914 2254 τὸν
2946 2203 3258 2274 ἐωνημένον
3292 2206 3392 2275 ὁρᾷ
3439 2205 3525 2256 καὶ
3554 2202 3668 2272 πρὸς

2125 2292 2223 2360 τὴν
2258 2293 2470 2345 ἐκείνου
2511 2294 2575 2361 ζῇ
2610 2293 2857 2364 γνώμην.
2892 2296 3089 2349 Καίτοι
3120 2299 3237 2359 τοῖς
3273 2298 3370 2366 μὲν
3392 2294 3666 2365 ἀνθρώποις

2123 2386 2149 2436 ὁ
2171 2382 2441 2437 δουλεύων
2463 2384 2519 2436 τδ
2545 2384 2706 2454 σῶμα
2724 2386 2928 2440 δέδεται
2952 2388 3110 2458 μόνον
3130 2390 3268 2458 πρὸς
3294 2390 3352 2443 τ’]
3371 2389 3445 2457 τῷ
3462 2389 3667 2459 δεσπότῃ

2122 2477 2336 2541 δοκοῦν,
2374 2476 2472 2547 τὴν
2507 2478 2560 2529 δὲ
2603 2478 2827 2547 γνώμην
2862 2480 2957 2534 καὶ
2988 2480 3079 2533 τὸν
3106 2480 3374 2551 λογισμὸν
3415 2481 3667 2549 ἐλεύθερός

2122 2572 2289 2629 ἐστιν,
2319 2570 2346 2622 ὅ
2380 2586 2430 2621 τι
2468 2569 2533 2622 ἂν
2568 2569 2816 2637 βούλοιτο
2863 2572 3133 2642 χρῆσθαι·
3176 2573 3240 2625 δν
3297 2573 3353 2626 δὲ
3392 2574 3417 2626 ὁ
3460 2572 3667 2642 Χριστὸς

2120 2659 2415 2729 ἠγόρασεν,
2449 2659 2548 2711 οὐκ
2579 2659 2729 2714 ἔστιν
2758 2662 2908 2724 ὅπως
2962 2663 3114 2715 ἐστὶν
3166 2663 3387 2726 ἑαυτοῦ,
3433 2663 3549 2715 ἐπεὶ
3587 2662 3667 2713 καὶ

2118 2751 2219 2804 τὸν
2238 2749 2525 2819 ἄνθρωπον
2563 2751 2859 2823 ὁλόκληρον
2885 2753 3195 2824 ἀνθρώπων
3231 2754 3330 2824 μὲν
3354 2755 3521 2815 οὐδεὶς
3542 2752 3668 2819 ὠνή-

2121 2856 2272 2905 σατο,
2302 2842 2408 2893 οὐδ’
2445 2842 2592 2894 ἔστιν
2622 2836 2683 2896 οὗ
2711 2843 3019 2914 τιμήματος
3050 2844 3235 2917 ψυχὴν
3259 2846 3444 2899 λαϐεῖν
3470 2843 3668 2897 δυνατὸν

2116 2933 2468 3004 ἀνθρωπίνην
2484 2951 2498 2964 ο
2522 2933 2645 2987 ὅθεν
2676 2934 2852 2998 οὐδεὶς
2880 2936 3073 2989 ἔλυσεν
3094 2937 3195 2990 άνθ
3206 2937 3438 3008 ρωπονῆ
3472 2930 3668 2989 ἐδουλώ-

2119 3044 2249 3080 σατο
2285 3026 2378 3079 τοῦ
2411 3025 2662 3097 σώματος
2700 3030 3032 3099 περαιτέρω,
3076 3032 3103 3082 6
3148 3031 3213 3083 δὲ
3258 3029 3443 3098 Σωτὴρ
3474 3028 3664 3082 ᾶπαντα

438 3141 674 3194 corpus;
714 3122 965 3176 Salvator
991 3128 1169 3173 autem
1201 3127 1372 3171 tctum
1400 3116 1673 3169 hominem
1698 3113 1847 3167 emit.
1872 3110 2009 3165 Cum

2116 3119 2207 3172 τὸν
2233 3090 2519 3189 ἄνθρωπον
2540 3090 2802 3189 τυγχάνει
2826 3090 3124 3190 πριάμενος
3147 3138 3163 3152 ⁵
3185 3123 3275 3175 ὅτε
3299 3090 3665 3185 καίάνθρωποι

438 3219 598 3271 etiam
650 3214 899 3269 homines
948 3220 1169 3282 propter
1199 3224 1414 3264 servum
1465 3207 1750 3276 pecuniam
1802 3205 2010 3259 solum-

441 3310 602 3366 modo
629 3310 867 3374 solvunt,
895 3307 985 3360 ille
1015 3303 1368 3372 semetipsum
1405 3302 1553 3355 dedit
1584 3301 1857 3371 pretium;
1889 3312 2012 3351 eor-

438 3419 540 3475 pns
566 3411 618 3454 et
648 3401 882 3455 animam
901 3410 1000 3467 pro
1018 3402 1200 3450 nostra
1219 3389 1718 3452 libertatetradidit;
1738 3387 1866 3442 illud
1887 3386 2006 3457 qni-

437 3497 558 3549 dem
586 3491 720 3546 mori
741 3488 891 3553 fecit,
914 3490 1051 3541 hanc
1075 3494 1254 3540 autem
1284 3500 1311 3537 a
1344 3497 1573 3554 corpore
1600 3479 1886 3544 liberavit;
1906 3478 2011 3530 hoc

438 3586 655 3655 quidem
683 3582 852 3653 plagis
870 3579 970 3634 luit
987 3578 1309 3640 cruciatum,
1330 3575 1423 3630 illa
1442 3588 1709 3637 vero,non
1734 3570 1911 3626 solum
1926 3583 2010 3623 oc-

435 3680 551 3733 ciso
567 3672 818 3745 corpore,
838 3674 929 3730 sed
951 3673 1112 3727 etiam
1147 3680 1271 3725 ante
1292 3669 1514 3723 vulnera
1544 3666 1747 3720 doluit:
1773 3682 1792 3716 ι
1812 3662 2009 3718 Tristis

433 3780 538 3834 est,
569 3768 768 3839 inquit,
789 3767 971 3822 anima
990 3779 1107 3819 mea
1128 3777 1298 3831 usque
1326 3761 1392 3815 ad
1429 3770 1678 3814 mortem.
1711 3776 1729 3809 ι
1761 3756 1829 3810 Et
1848 3758 1919 3809 ita
1949 3768 2008 3809 se

434 3872 607 3916 totum
628 3861 868 3925 tradens,
884 3866 1055 3912 totum
1076 3855 1207 3910 emit
1225 3852 1520 3915 hominem;
1536 3865 1665 3920 ergo
1679 3849 2003 3902 voluntatem

434 3956 642 4010 ethanc
665 3953 935 4023 praecipue
959 3946 1314 4018 comparavit.
1335 3942 1547 3999 Etenim
1588 3940 1803 3995 aliunde
1830 3937 2006 3992 donti-

434 4064 538 4102 uus
555 4055 671 4102 erat
689 4045 1060 4111 universteque
1079 4050 1285 4092 naturae
1303 4044 1499 4088 nostra:
1516 4031 1816 4085 dominium
1839 4029 2006 4082 hahe-

432 4141 523 4195 bat
559 4155 573 4193 :
607 4151 715 4207 quo
749 4149 875 4190 vero
908 4132 1222 4187 servitutem
1254 4126 1593 4197 fugiebamus
1625 4122 1729 4177 hac
1761 4123 2007 4175 voluntas

431 4241 569 4296 erat,
593 4240 648 4285 et
680 4238 739 4283 ut
768 4227 856 4279 illa
887 4223 1168 4293 potiretur,
1187 4219 1442 4273 nihilnon
1461 4228 1539 4271 est
1564 4225 1839 4285 operatus.
1860 4214 2005 4279 Quo-

434 4326 580 4378 niam
605 4325 748 4377 enim
770 4320 1018 4371 voluntas
1039 4320 1155 4367 erat
1171 4325 1332 4380 quam
1353 4309 1650 4379 quaerebat,
1671 4324 1771 4361 non
1801 4306 2006 4361 violen-

2118 3208 2217 3277 μὲν
2243 3211 2384 3279 ὑπὲρ
2412 3211 2751 3281 άνδραπίδου
2780 3213 3041 3281 χρήματα
3071 3210 3474 3265 καταὸἀλλονσι
3503 3208 3662 3278 μόνον,

2112 3303 2317 3364 ἐκεῖνος
2351 3302 2407 3355 δὲ
2439 3302 2633 3354 ἑαυτὸν
2667 3303 2953 3372 εἰσήνεγκε
2985 3304 3081 3356 καὶ
3109 3304 3173 3356 τὸ
3217 3305 3378 3373 σῶμα
3411 3300 3663 3372 προῦδωκε

2112 3396 2206 3446 καὶ
2237 3396 2336 3465 τὴν
2364 3392 2546 3464 ψυχὴν
2578 3394 2719 3464 ὑπὲρ
2751 3396 2850 3464 τῆς
2903 3394 3184 3464 ἡμετέρας
3228 3394 3553 3463 ἐλευθερίας,
3586 3389 3665 3442 καὶ

2111 3486 2171 3537 τὺ
2202 3486 2300 3555 μὲν
2329 3486 2625 3539 ἀποθανεῖν
2652 3486 2897 3555 ἐποίησε,
2919 3487 3019 3556 τὴν
3043 3487 3100 3540 δὲ
3125 3488 3188 3539 τὸ
3214 3488 3418 3540 οἰκεῖον
3437 3482 3663 3553 ἀφείλετο

2112 3575 2292 3646 σῶμα,
2324 3578 2419 3629 καὶ
2459 3578 2520 3630 τὸ
2551 3577 2651 3645 μὲν
2690 3577 2941 3647 ώδυνήθη
2978 3576 3381 3648 πληττόμενον,
3411 3574 3582 3640 ἐκείνη
3615 3569 3666 3622 δὶ

2109 3667 2341 3738 ἠνιάσθη
2384 3669 2446 3721 οὐ
2495 3668 2868 3738 σφαττομένου
2897 3668 2992 3721 τοῦ
3026 3667 3287 3738 σώματος
3325 3670 3500 3739 μόνον,
3545 3663 3665 3719 ἀλλά

2088 3765 2204 3810 ’καὶ
2260 3759 2363 3827 πρὸ
2400 3758 2502 3829 τῆς
2534 3760 2768 3829 πληγῆς.
2820 3778 2839 3811 ι
2898 3760 3209 3830 Περίλυπός
3259 3765 3399 3822 ἐστι.
3440 3758 3665 3831 (patrimi)

2107 3846 2254 3918 ψυχή
2282 3864 2385 3918 μου
2406 3847 2509 3907 ἕως
2537 3847 2789 3901 θανάτου.
2821 3865 2840 3898 ι
2869 3849 2977 3900 Καὶ
2997 3847 3171 3910 οὕτως
3199 3850 3325 3903 ὅλον
3350 3850 3472 3910 δοὺς
3495 3842 3665 3899 ἑαυτὸν

2109 3939 2230 3992 ὅλον
2260 3939 2479 3993 ὠνεῖται
2513 3940 2606 3992 τὸν
2632 3939 2940 4010 ἄνθρωπον,
2976 3939 3178 4007 οὐκοῦν
3216 3943 3312 3994 καὶ
3341 3940 3439 4010 τὴν
3469 3939 3665 4005 θέλησιν

2109 4033 2338 4103 ἐπρίατο
2380 4034 2475 4086 καὶ⁸
2523 4033 2760 4102 μάλιστα
2798 4034 3027 4103 ταύτην.
3082 4034 3164 4086 Tit
3229 4035 3335 4103 μὲν
3394 4033 3499 4102 γὰρ
3544 4027 3665 4085 ἄλλα

2107 4126 2373 4196 δεσπότης
2397 4122 2466 4199 ἦν
2496 4128 2592 4180 καὶ
2619 4126 2716 4195 τῆς
2742 4126 2956 4194 φύσεως
2985 4126 3144 4198 ἡμῶν
3177 4128 3401 4198 ἁπάσης
3429 4126 3665 4195 ἐκράτειο

2107 4211 2151 4285 ᾧ
2187 4219 2243 4271 δὲ
2276 4217 2372 4287 τὴν
2406 4218 2652 4271 δουλείαν
2683 4217 3012 4287 ἐφεύγομεν,
3042 4219 3075 4287 ἡ
3103 4217 3335 4287 θέλησις
3356 4214 3445 4287 ἦν,
3480 4215 3570 4269 καὶ
3591 4213 3666 4264 ἵνα

2107 4310 2310 4379 ταύτην
2348 4310 2481 4374 ἕλοι,
2516 4310 2698 4364 πάντα
2745 4311 3066 4380 εἰργάσατο.
3112 4310 3216 4364 Διὰ
3258 4309 3420 4364 τοῦτο
3466 4308 3568 4377 γὰρ
3592 4305 3667 4358 ὃτι

432 4427 515 4471 ter
532 4416 642 4484 egit
680 4426 781 4465 nec
816 4407 1017 4477 rapuit,
1040 4404 1131 4459 sed
1154 4406 1316 4455 emit:
1337 4401 1479 4454 unde
1499 4401 1676 4453 nullus
1694 4409 2000 4467 empturum

2116 4403 2334 4474 γνώμην
2364 4404 2568 4472 ἐζήτει,
2600 4402 2772 4471 βίαιον
2803 4402 2955 4455 οὐδὲν
2982 4400 3246 4474 ἐποίησεν
3274 4403 3385 4456 οὐδ’
3411 4403 3663 4472 ἣρπασεν,

434 4519 595 4563 utens
618 4505 996 4570 voluntatepro
1027 4497 1343 4565 semetipso,
1372 4495 1517 4564 juste
1560 4492 1739 4549 faciet.
1779 4489 1871 4544 sed
1891 4504 2004 4543 etn—

434 4608 667 4666 pturem,
697 4594 949 4648 orbatum
1002 4587 1365 4660 possessione,
1387 4586 1509 4655 jure
1542 4583 1716 4637 lwdet.
1750 4580 2004 4637 Uteretur

432 4700 610 4744 autem
644 4688 842 4756 aliquis
874 4685 938 4738 ad
963 4680 1313 4750 semetipsum
1340 4678 1635 4737 voluntate,
1655 4673 2001 4742 semetipsum

433 4782 616 4836 volens
642 4780 859 4848 suisque
895 4775 1157 4850 gaudens.

502 4966 689 5018 Restat
722 4972 781 5017 ut
814 4976 972 5014 nemo
1004 4960 1270 5013 bonorum
1304 4970 1368 5009 ac
1399 4953 1667 5024 jnstorutn
1698 4965 1758 5006 se
1787 4948 1997 5019 diligat,

428 5058 522 5113 sed
554 5056 729 5111 solum
764 5064 1084 5123 emptorem,
1108 5048 1378 5118 siquidem
1406 5046 1632 5127 omnino
1667 5057 1891 5096 necesse
1915 5051 1996 5093 est

427 5151 562 5203 tales
595 5161 716 5202 esse
757 5141 1022 5215 quosdam
1045 5149 1376 5208 emptorum,
1409 5136 1563 5191 sinon
1617 5149 1844 5197 omnes;
1886 5131 1998 5185 fru-

423 5254 535 5297 stra
578 5252 811 5305 namque
846 5232 1044 5287 lactant
1077 5245 1201 5284 esse
1227 5227 1561 5282 tremendam
1604 5225 1741 5278 hanc
1764 5224 1997 5292 emptio-

420 5348 570 5393 nem,
614 5325 889 5398 quomodo
928 5321 1124 5376 rationi
1178 5316 1655 5373 consentaneum?
1706 5315 1992 5384 Diligentes

420 5437 603 5480 autem
647 5422 795 5475 illum
827 5417 1001 5473 solum
1038 5418 1361 5480 sequeretur
1393 5425 1582 5478 puram
1617 5408 1685 5462 ab
1716 5407 1861 5459 omni
1896 5406 1992 5458 tti-

418 5514 567 5570 stitia
597 5510 992 5583 jucunditatem
1037 5503 1257 5567 habere,
1286 5502 1412 5570 quia
1451 5499 1582 5553 nihil
1621 5510 1815 5569 praeter
1845 5500 1990 5566 ipso-

417 5620 535 5658 rum
581 5605 892 5659 voluntates
935 5598 1167 5653 dilectus
1205 5593 1354 5657 facit,
1388 5588 1677 5646 maximam
1717 5598 1896 5645 autem
1934 5599 1989 5643 et

419 5697 889 5769 supernaturalem
931 5708 993 5747 ac
1036 5664 1333 5755 divinam,’
1355 5697 1538 5757 utpote
1586 5686 1848 5756 integram
1900 5685 1988 5740 hic

2106 4496 2224 4551 ἀλλ’
2261 4496 2572 4568 ἠγόρασεν*
2635 4495 2755 4548 ὅθεν
2811 4495 2920 4548 τῶν
2968 4497 3347 4563 πεπραμένων
3394 4494 3564 4553 οὐδεὶς
3596 4487 3668 4548 εἰς
3736 4514 3749 4525 ·

2104 4588 2296 4640 ἑαυτὸν
2324 4588 2605 4656 χρώμενος
2629 4588 2694 4655 τῇ
2717 4584 2939 4655 θελήσει
2956 4586 3024 4637 τά
3049 4585 3238 4639 δίκαια
3276 4587 3511 4653 ποιήσει,
3541 4580 3663 4634 ἀλλὰ

2101 4680 2192 4733 τὸν
2225 4678 2533 4748 ἐωνημένον
2583 4677 2831 4748 ἀδικήσει
2860 4676 2954 4730 τοῦ
2986 4678 3274 4746 κτήματος
3324 4673 3661 4744 ἀποστερῶν·

2102 4773 2281 4845 χρῷτο
2307 4774 2350 4827 δ’
2372 4774 2438 4828 ἄν
2465 4791 2544 4835 τις
2574 4773 2706 4843 πρὸς
2731 4772 2925 4827 ἑαυτὸν
2956 4775 3025 4845 τῇ
3042 4772 3261 4843 θελήσει
3293 4772 3485 4827 ἑαυτὸν
3513 4768 3667 4822 θέλων

2102 4869 2195 4920 καὶ
2230 4868 2337 4927 τοῖς
2366 4866 2559 4918 ἑαυτοῦ
2594 4863 2819 4935 χαίρων.

2170 4958 2432 5009 Λείπεται
2480 4957 2544 5026 δὴ
2602 4957 2804 5033 μηδένα
2855 4955 2965 5009 τῶν
3012 4958 3271 5028 χρηστῶν
3314 4958 3407 5009 καὶ
3449 4952 3661 5007 δικαίων

2101 5047 2292 5100 ἑαυτὸν
2320 5048 2515 5114 φιλεῖν,
2543 5046 2679 5100 ἀλλὰ
2709 5047 2799 5099 τὸν
2835 5048 3183 5115 ἀγοράσαντα
3215 5048 3404 5118 μόνον,
3433 5044 3549 5098 ἐπεὶ
3576 5040 3661 5096 καὶ

2099 5140 2248 5191 πᾶσα
2308 5139 2547 5210 ἀνάγκη,
2602 5138 2877 5202 τοιούτους
2923 5135 3207 5194 εἶναιτῶν
3250 5137 3657 5208 ἁγορασθέντων

2099 5229 2271 5290 ένίους
2308 5230 2356 5281 εἰ
2392 5228 2486 5281 καὶ
2521 5229 2596 5299 μὴ
2628 5228 2835 5289 πάντας
2857 5246 2870 5258 ·
2920 5231 3097 5300 μάτην
3137 5229 3246 5297 γὰρ
3281 5227 3538 5297 γενέσθαι
3570 5224 3658 5292 τὴν

2095 5322 2238 5390 ὠνὴν
2266 5322 2481 5390 ἐκείνην
2508 5323 2607 5393 τὴν
2631 5322 2905 5393 φρικώδη,
2942 5322 3060 5386 πῶς
3084 5322 3348 5389 εὖλογον;
3380 5320 3659 5390 φιλοῦντας

2093 5414 2149 5466 δὲ
2176 5415 2382 5465 ἐκεῖνον
2406 5415 2564 5481 μόνον
2592 5415 2858 5484 ἑπόμενον
2888 5415 2953 5468 ἂν
2978 5416 3087 5484 εἴη,
3113 5413 3365 5483 καθαρὰν
3392 5413 3493 5484 μὲν
3508 5408 3653 5467 ἀνίας

2092 5505 2287 5567 αὐτοὺς
2325 5505 2541 5575 ἁπάσης
2582 5506 2807 5577 ἥδεσθαι
2840 5507 3056 5578 ἡδονὴν,
3088 5507 3166 5559 ὅτι
3201 5506 3360 5559 οὐδὲν
3395 5502 3540 5572 παρὰ
3565 5499 3655 5558 τὰς

2092 5595 2270 5649 αὖτῶν
2299 5598 2325 5650 ὁ
2347 5596 2668 5666 φιλούμενος
2705 5599 2957 5668 πράττει,
2991 5599 3258 5667 μεγίστην
3288 5595 3347 5649 δὲ
3376 5595 3467 5647 καὶ
3494 5596 3655 5659 ὑπερο

2091 5688 2201 5756 Qui
2241 5690 2334 5741 καὶ
2386 5689 2555 5756 θείαν,
2606 5689 2687 5742 ὅτι
2737 5706 2795 5742 τε
2830 5690 3124 5759 ὁλόκληρον
3176 5686 3412 5741 ἐνταῦθα
3446 5681 3652 5739 κινοῦσι
