3920 6206
0 5117 102 5926 ξ

353 314 447 377 7ὶῖ
1366 314 1464 372 DE
1501 314 1675 372 VlTA
1709 313 1784 372 IN
1831 313 1896 369 Cl

2001 311 2162 370 lS'l‘O
2204 311 2344 371 LIB.
2389 312 2518 372 Vll.
3465 306 3571 372 718

343 429 435 498 τὴν
464 426 696 496 δύναμιν
737 424 832 492 τῆς
873 426 1066 494 χαρᾶς,
1102 426 1194 476 καὶ
1242 424 1324 476 ὅτι
1369 425 1430 474 τὸ
1460 424 1658 493 τέρπον
1703 423 1896 482 αὐτοὺς

2008 422 2206 475 Ιιιιιῑιῐειι
2242 425 2534 491 potentiam
2587 423 2931 488 exhauriunt,
2966 433 3128 494 atque
3179 425 3382 479 lmtitie
3418 429 3570 492 ipso-

341 521 519 572 πᾶσαν
567 517 886 585 ὑπερδαίνει
935 517 1173 585 χαρίτων
1210 515 1540 585 ὑπερϐολήν.
1577 513 1685 566 Καὶ
1730 512 1904 572 ἄλλως

337 611 393 663 δὲ
459 609 709 679 καθάπερ
775 607 990 676 ἀνάγκη
1053 609 1146 658 τὸν
1213 607 1526 673 ἀνθρώποις
1585 605 1905 656 δουλεύοντα

334 699 645 764 λυπεῖσθαι,
675 699 849 760 οὓτως
878 699 1091 767 ἀνάγκη
1123 699 1215 750 τὸν
1239 699 1317 766 τῷ
1342 696 1562 766 Χριστῷ
1582 697 1904 749 δουλεύοντα

335 793 567 863 χαίρειν.
607 794 681 845 Οὐ
711 793 818 862 γὰρ
847 792 929 844 ἔτι
959 791 1054 860 τὴν
1087 790 1277 855 αὐτοῦ,
1312 789 1444 842 ἀλλὰ
1477 791 1574 856 τὴν
1614 786 1705 840 τοῦ
1739 803 1901 854 πρια-

336 886 502 954 μένου
527 883 720 954 χωρῶν
749 885 775 935 ὁ
801 884 898 952 μὲν
927 884 1014 936 διὰ
1040 883 1216 934 πόνων
1246 881 1464 951 ἔρχεται
1487 881 1578 933 καὶ
1602 879 1802 931 ὀδυνῶν
1826 877 1902 946 τῷ

331 976 430 1028 καὶ
457 975 632 1042 λύπης
665 975 760 1026 καὶ⁸
798 975 976 1026 πόνων
1012 975 1302 1044 ὑπευθύνῳ
1337 971 1663 1033 ἀκολουθῶν,
1697 972 1902 1028 ἐκεῖνος

323 1067 388 1120 δὲ
409 1067 524 1128 πῶς
547 1064 902 1134 ἀνιαθήσεται
924 1067 1023 1134 τῆς
1063 1065 1325 1135 ἀληθινῆς
1352 1066 1525 1133 χαρᾶς
1563 1060 1897 1132 ἡγουμένηςς

339 1157 498 1208 Ἐκεῖ
530 1157 630 1224 μὲν
659 1159 768 1224 γὰρ
796 1159 822 1207 ὁ
859 1154 1185 1207 καταϐαλὼν
1221 1154 1361 1222 ὑπὲρ
1395 1152 1730 1221 ἀνδραπόδου
1767 1151 1902 1218 χρή-

329 1267 481 1318 ματα
522 1251 582 1301 ού
635 1249 793 1300 τοῦτο
835 1247 1011 1312 ζητῶν
1074 1243 1395 1303 κατέϐαλεν,
1456 1241 1523 1293 ἵν’
1584 1236 1642 1292 εὖ
1697 1241 1900 1310 ποιήσῃ

325 1342 418 1392 τὸν
477 1343 850 1411 πεπραμένον,
914 1338 1032 1390 ἀλλ’
1084 1337 1153 1389 ἶν’
1207 1337 1368 1397 αὐτὸς
1397 1335 1608 1387 ἐκεῖθεν
1666 1335 1724 1386 εὖ
1755 1336 1900 1402 πάθῃ

323 1440 510 1485 καίτοι
553 1434 662 1485 τῶν
719 1430 928 1483 ἐκείνου
974 1429 1212 1499 λερδὰνῃ
1275 1427 1479 1488 πόνων,
1538 1426 1659 1477 ὅθεν
1706 1427 1732 1476 ό
1780 1426 1900 1477 δου-

325 1525 506 1576 λεύων
544 1524 618 1585 ὼς
655 1523 720 1575 ἂν
760 1523 840 1583 είς
868 1523 967 1589 τὴν
1001 1522 1108 1572 τῶν
1140 1519 1494 1587 κεκτημένων
1531 1516 1899 1583 ἀναλυόμενος

333 1618 531 1686 χρείαν
567 1617 665 1669 καὶ
719 1615 783 1666 δι’
816 1610 889 1667 ὧν
943 1613 1105 1673 αὐτὸς
1139 1611 1591 1678 ταλαιπωρείται,
1650 1610 1897 1673 συνάγων

326 1708 559 1770 ἐκείνοις
585 1708 800 1778 ἡδο-τὰς,
835 1707 1111 1774 διηνεκέσι
1136 1705 1350 1758 σύνεστι
1371 1704 1594 1765 λύπαις.
1629 1696 1895 1755 Ἐνταίἣα

325 1800 384 1850 δὲ
437 1799 791 1851 τούναντίονο
828 1797 1014 1851 πάντα
1061 1797 1168 1864 γὰρ
1213 1795 1348 1866 πρὶς
1405 1796 1503 1865 τὴν
1533 1795 1640 1845 τῶν
1694 1792 1896 1845 δούλων

328 1890 689 1958 εὐδοκίμησιν
723 1889 1040 1957 εἴργασται,
1091 1890 1183 1940 καὶ
1217 1889 1277 1939 τὸ
1307 1886 1502 1955 λύτρον
1535 1886 1757 1947 ἔδωκεν,
1800 1885 1899 1953 οὐχ

334 1981 422 2032 ἴνα
450 1981 611 2042 αὐτὸς
643 1980 895 2050 ἀπολαύῃ
923 1999 973 2032 τι
998 1979 1108 2031 τῶν
1131 1978 1424 2041 λυθέντων,
1465 1978 1582 2029 ἀλλ’
1607 1977 1691 2028 ἵνα
1716 1975 1897 2028 αὐτῶν

341 2073 587 2122 τάκείνου
618 2073 866 2144 γένηται,
919 2073 1014 2124 καὶ
1046 2071 1235 2141 κέρδος
1279 2070 1306 2120 ὁ
1337 2069 1604 2138 δεσπότης
1716 2067 1809 2120 καὶ
1848 2067 1896 2117 οἱ

345 2163 433 2215 τοῦ
462 2164 720 2216 δεσπότου
753 2167 906 2216 πόνοι
933 2167 1044 2225 τοῖς
1075 2162 1432 2225 δούλοις,’κπιὶ
1462 2161 1554 2212 τὸν
1590 2160 1898 2228 ἐωνημένον

349 2255 457 2306 ίλον
479 2257 636 2317 αὐτὸς
667 2256 694 2306 ό
716 2257 1072 2326 πεπραμένος
1101 2256 1199 2326 ἔχῃ
1229 2254 1429 2306 λαϐὼν.
1465 2254 1561 2305 Διὰ
1581 2253 1750 2305 ταῦτα
1771 2254 1898 2313 τοὺς

451 2347 582 2416 πρὸς
613 2347 817 2415 ταύτην
853 2348 1318 2416 ἁποπηδήσαντας
1348 2346 1445 2415 τὴν
1471 2346 1736 2408 δουλείαν,
1765 2344 1899 2396 ἀλλὰ

351 2441 448 2508 πρὸ
467 2441 638 2507 πάσης
660 2438 969 2508 ἐλευθερίας
995 2440 1241 2491 τάκείνου
1272 2437 1670 2503 ποιησαμένους
1700 2435 1896 2502 δεσμὰ,

347 2531 544 2599 χαίρειν
573 2533 811 2598 ἀνάγκη,
851 2530 1078 2580 πλοῦτον
1113 2531 1298 2589 πενίας
1338 2528 1429 2580 καὶ
1466 2527 1742 2596 βασιλείαν
1777 2528 1898 2579 δεσ-

349 2625 609 2694 μωτηρίου
642 2624 738 2675 καὶ
771 2624 927 2688 δόξαν
955 2625 1052 2691 τὴν
1081 2623 1340 2676 ἀνωτάτω
1369 2623 1467 2690 τῆς
1500 2619 1736 2689 ἐσχάτης
1775 2620 1898 2672 ἀτι-

349 2719 466 2785 μίας
501 2715 906 2783 ἀλλαξαμένους
929 2731 942 2744 ο
968 2716 1104 2783 ὅπερ
1134 2715 1243 2781 γὰρ
1296 2712 1403 2766 τῶν
1454 2712 1756 2782 ἀνθρώπων
1789 2714 1900 2774 τοῖς

345 2808 622 2871 δεσπόταις
655 2810 829 2873 ἔξεστι
861 2810 1035 2860 ποιεῖν
1083 2811 1161 2868 εἰς
1191 2806 1316 2866 τοὺς
1347 2805 1567 2867 δούλους
1612 2805 1762 2874 παρὰ
1791 2806 1898 2856 τῶν

345 2903 536 2972 νόμων,
552 2904 708 2955 τοῦτο
724 2904 832 2960 τοῖς
850 2901 1055 2960 δούλοις
1071 2898 1281 2964 ἐφεῖται
1302 2897 1438 2966 προς
1457 2897 1548 2948 τόν
1578 2895 1752 2949 κοινὸν
1780 2896 1905 2948 δεσ-

345 2996 504 3065 πότην
533 2995 616 3046 διὰ
639 2993 737 3062 τὴν
761 2991 852 3045 τοῦ
887 2989 1146 3044 δεσπότου
1170 2987 1595 3057 φιλανθρωπίαν.
1626 2986 1900 3048 Ἕκείνους

2008 533 2127 570 rum
2164 517 2436 583 objectum
2491 514 2755 570 maximas
2787 518 2989 584 gratias
3044 526 3368 585 exsuperat.
3399 516 3572 572 Caete-

2011 624 2128 660 rum
2170 615 2226 660 ut
2259 606 2572 660 hominibus
2603 608 2930 660 servientem
2973 608 3157 662 dolere
3193 624 3418 663 necesse
3465 619 3572 672 est,

2008 700 2087 752 sie
2121 715 2342 753 necesse
2375 708 2460 752 est
2488 698 2710 754 Christo
2767 700 3114 754 tantillantem
3149 701 3406 768 gaudere.
3443 702 3574 756 Ete-

2008 791 2120 842 nim
2179 806 2284 844 non
2340 790 2450 858 jam
2482 806 2658 854 suam,
2693 791 2785 844 sed
2845 791 3103 858 emptoris
3136 792 3366 862 gratiam
3401 795 3575 847 adim-

2006 885 2184 952 plens.
2223 902 2364 938 unus
2397 886 2617 954 quidem
2673 889 2851 940 luctus
2880 897 2934 940 et
2977 888 3225 941 laborum
3284 887 3574 941 tributario

2005 977 2286 1041 serviens,
2321 993 2416 1044 per
2467 979 2678 1032 labores
2732 990 2786 1032 et
2839 980 3073 1047 gemitus
3132 980 3384 1044 incedit;
3438 982 3574 1033 alter

2004 1078 2206 1134 autem,
2242 1085 2364 1123 vera
2396 1071 2580 1124 betitia
2612 1073 2767 1132 duce,
2801 1075 3074 1139 quomodo
3110 1074 3573 1128 contristaretur?

2008 1159 2080 1212 lix
2149 1178 2253 1216 una
2331 1163 2548 1231 quidem
2619 1174 2800 1231 parte,
2858 1166 2947 1230 qui
3000 1181 3098 1234 pro
3149 1183 3307 1221 servo
3357 1170 3572 1222 divitias

2005 1253 2197 1311 Solvit.
2232 1270 2336 1307 non
2371 1255 2487 1307 illas
2525 1257 2684 1308 Solvit
2731 1272 2978 1322 qmerens
3001 1297 3014 1316 ,
3047 1267 3106 1311 ut
3155 1261 3318 1327 empti
3373 1277 3568 1330 procu-

2004 1351 2146 1391 raret
2184 1342 2404 1403 bonum,
2433 1343 2523 1395 sed
2565 1355 2620 1396 ut
2655 1345 2767 1410 ipse
2802 1347 2948 1399 illinc
2978 1348 3114 1401 bene
3149 1349 3217 1402 sit
3250 1360 3301 1402 et
3329 1352 3392 1404 de
3424 1353 3572 1407 labo-

2005 1431 2152 1481 ribus
2185 1432 2300 1498 ejus
2339 1434 2610 1487 lucretur:
2645 1438 2783 1487 unde
2812 1437 3244 1507 serviens,quasi
3277 1457 3569 1512 con-iunpo-

2001 1529 2086 1574 lus
2123 1522 2188 1573 ad
2238 1534 2676 1589 computaturum
2735 1527 3020 1581 utilitatem
3043 1567 3057 1590 ,
3081 1542 3134 1582 et
3164 1530 3268 1582 illis
3305 1545 3398 1599 per
3431 1548 3568 1600 quos

2002 1612 2116 1679 ipse
2153 1616 2316 1666 miser
2368 1625 2444 1667 ist
2470 1655 2482 1672 .
2523 1617 2745 1668 delicias
2795 1632 3046 1672 aStruens
3070 1659 3082 1680 ,
3119 1621 3393 1675 continuis
3426 1624 3570 1673 sub-

1995 1703 2182 1769 jieitur
2234 1707 2526 1757 :erumnis.
2565 1707 2634 1759 Et
2671 1709 2773 1761 alia
2830 1725 2955 1763 vero
3004 1719 3154 1778 parte
3185 1752 3198 1772 ,
3231 1715 3566 1769 contrarium

2001 1800 2129 1843 est;
2189 1809 2309 1846 nam
2371 1796 2435 1846 ad
2498 1813 2776 1849 servorum
2837 1800 3323 1856 considerationem
3388 1806 3567 1859 omnia

2003 1882 2140 1936 facta
2177 1894 2304 1936 sunt
2337 1903 2349 1946 ;
2386 1891 2617 1952 pretium
2680 1889 2822 1941 dedit
2856 1930 2869 1952 ,
2904 1906 3009 1943 non
3059 1903 3115 1946 ut
3149 1893 3262 1961 ipse
3317 1897 3383 1948 de
3417 1897 3567 1950 solu-

2002 1975 2071 2027 tis
2103 1975 2306 2044 aliquid
2340 1980 2609 2033 obtineret
2637 1980 2808 2044 lucri,
2844 1985 2936 2037 sed
2967 1993 3024 2038 ut
3055 1999 3150 2038 sua
3189 1987 3404 2040 illorum
3444 2004 3569 2057 pro.

2001 2068 2114 2136 pria
2157 2069 2375 2129 faceret.
2411 2082 2662 2141 essetque
2693 2074 2964 2132 dominus.
3003 2087 3060 2130 ut
3084 2077 3288 2132 domini
3327 2080 3565 2143 labores.

2002 2159 2210 2213 lucrum
2246 2163 2448 2222 servis.
2483 2178 2544 2215 ac
2608 2175 2777 2217 totum
2829 2177 3125 2229 emptorem
3184 2180 3400 2239 emptus
3451 2172 3568 2240 ipse

2000 2251 2324 2314 possideret.
2362 2253 2486 2303 ideo
2541 2255 2631 2320 qui
2694 2269 2798 2307 non
2855 2256 3117 2312 adversus
3165 2259 3304 2313 lianc
3340 2263 3567 2316 recalci-

2003 2349 2217 2395 travere
2278 2344 2637 2407 servitutem,
2673 2347 2766 2399 sed
2801 2357 2927 2400 ante
2981 2364 3197 2403 omnem
3259 2351 3564 2408 libertatem

2003 2431 2248 2485 fecerunt
2281 2434 2452 2502 ipsius
2489 2436 2724 2500 vincula,
2755 2439 2991 2501 gaudere
3044 2454 3138 2494 eos
3190 2457 3412 2497 necesse
3459 2455 3564 2507 est,

2001 2539 2123 2577 cum
2165 2524 2381 2579 divitias
2414 2529 2509 2594 pro
2539 2537 2884 2595 pmpertate,
2920 2544 3142 2597 regnum
3177 2547 3274 2600 pro
3308 2548 3529 2589 carcere
3550 2579 3566 2602 ,

2003 2629 2272 2667 summam
2314 2617 2540 2684 gloriam
2583 2633 2680 2684 pro
2731 2618 2918 2672 ultima
2952 2621 3158 2676 vilitate
3203 2638 3298 2692 per
3323 2640 3570 2679 commu-

2003 2713 2169 2756 tatum
2230 2709 2587 2775 acceperint.
2619 2707 2773 2773 Quod
2814 2712 2960 2763 enim
2997 2700 3279 2768 hominum
3329 2716 3569 2771 dominis

2004 2811 2099 2864 per
2127 2797 2270 2866 leges
2306 2799 2358 2850 in
2393 2815 2577 2852 servos
2603 2801 2778 2854 facere
2808 2802 2928 2856 licet
2952 2843 2966 2867 ,
2999 2804 3100 2859 hoc
3132 2810 3304 2862 servis
3336 2812 3388 2862 in
3417 2816 3570 2863 coni-

2005 2905 2220 2944 munem
2273 2892 2551 2945 dominum
2607 2909 2700 2961 per
2744 2894 3132 2951 humanitatem
3184 2898 3395 2954 Domini
3426 2918 3566 2957 .con-

2004 2995 2215 3036 cessum
2257 2991 2373 3035 est.
2408 2982 2534 3037 Illos
2568 2986 2709 3036 enim
2767 3000 3049 3040 servorum
3081 2997 3134 3041 et
3187 2989 3400 3043 illormn
3450 3010 3570 3060 quae

347 3085 441 3155 μὲν
455 3088 558 3157 γὰρ
576 3088 682 3139 τῶν
701 3084 899 3136 δούλων
925 3088 1014 3134 καὶ
1033 3083 1140 3134 τῶν
1159 3081 1328 3132 ὄντων
1344 3082 1452 3140 τοῖς
1472 3078 1670 3139 δούλοις
1693 3078 1718 3128 ό
1736 3077 1896 3144 νόμος

2001 3075 2173 3127 servis
2204 3083 2362 3137 sunt,
2399 3076 2480 3127 lex
2519 3077 2802 3130 constituit
2835 3079 3107 3142 dominos.
3159 3083 3264 3136 nisi
3316 3084 3567 3140 domina-

342 3179 558 3247 κυρίους
584 3177 931 3243 καθίστησιν,
970 3175 1036 3227 ἂν
1065 3173 1138 3242 μὴ
1163 3171 1436 3238 πρόωνται
1459 3167 1894 3248 τὴνκδεσποτείαν

342 3270 464 3339 μηδ’
516 3269 728 3337 ἀφῶσιν
779 3266 975 3327 αὐτοὺς
1024 3263 1126 3332 τῆς
1185 3261 1456 3323 δουλείας,
1512 3253 1658 3312 οῦτοι
1703 3260 1760 3312 δὲ
1802 3260 1895 3312 τὸν

341 3359 547 3412 ἑαυτῶν
598 3359 866 3428 δεσπότην
919 3357 1104 3426 ἔχουσι
1152 3355 1249 3408 καὶ
1282 3353 1392 3406 τῶν
1431 3352 1643 3404 ἐκείνου
1696 3351 1896 3420 κληρο-

339 3451 618 3520 νομοῦσιν,
665 3449 732 3503 ἂν
781 3449 874 3501 τὸν
908 3448 1074 3515 ζυγὸν
1107 3447 1322 3499 ἐκείνου
1377 3443 1641 3513 στέρξωσι
1673 3445 1769 3496 καὶ
1797 3446 1898 3512 τὴν

337 3542 479 3613 ὠνὴν
519 3541 834 3595 ὲνδεσθώσι.
874 3539 984 3592 Καὶ
1017 3537 1172 3590 τοῦτό
1204 3538 1351 3589 ἐστιν
1375 3535 1404 3588 ὃ
1432 3535 1642 3598 Παῦλος
1677 3535 1896 3587 ἐκέλευ-

349 3649 459 3698 σεν,
504 3631 769 3701 «Χαίρετε
795 3633 854 3683 ἐν
886 3629 1108 3699 Κυρίῳ,
1141 3647 1160 3679 ι
1186 3628 1383 3696 λέγων,
1413 3627 1503 3679 τὸν
1546 3627 1897 3696 ἀγοράσαντα

335 3727 424 3779 διὰ
452 3723 546 3778 τοῦ
579 3727 783 3795 Κυρὶου
811 3721 1010 3791 δηλῶν,
1065 3721 1156 3773 καὶ
1201 3722 1226 3772 ὁ
1266 3717 1455 3789 Σωτὴρ
1503 3719 1897 3788 ἐναργέστερον

336 3821 401 3870 τὺ
431 3817 528 3887 τῆς
558 3817 735 3886 χαρᾶς
766 3813 940 3866 αἴτιον
980 3811 1261 3881 σημαίνων
1293 3811 1446 3880 ἡμῖν,
1475 3811 1564 3861 τὸν
1593 3811 1688 3878 τῆς
1719 3811 1896 3878 χαρᾶς

340 3908 484 3976 αύτῷ
532 3906 936 3972 κοινωνήσοντα
983 3903 1168 3956 δοῦλον
1219 3903 1425 3970 ἀγαθὸν
1493 3900 1749 3970 ὀνομάζει
1802 3901 1896 3953 καὶ

352 3999 544 4067 Κύριον
568 3999 777 4058 ἑαυτὸν,
805 4015 821 4047 ι
838 3995 1078 4059 Εῖσελθε,
1097 3995 1290 4061 λέγων,
1311 3992 1480 4060 ἀγαθὲ
1501 3992 1674 4052 δοῦλε,
1693 3991 1772 4053 είς
1799 3992 1899 4060 τὴν

343 4091 508 4158 χαρὰν
525 4088 620 4141 τοῦ
642 4088 846 4159 Κυρίου
871 4103 1019 4150 ceu,»
1040 4087 1120 4138 ὅτι
1139 4084 1323 4146 δοῦλος
1349 4084 1566 4152 ἔμεινας
1596 4084 1688 4133 καὶ
1717 4082 1777 4134 τὸ
1797 4081 1898 4150 τῆς

345 4182 484 4253 ὠνῆς
512 4186 574 4236 οὐ
604 4183 896 4254 διέρῤηξας
919 4196 1064 4249 γραμ
1081 4179 1326 4247 ματεῖον,
1349 4176 1520 4244 αὐτὴν
1540 4174 1770 4244 κομίζου
1800 4177 1897 4242 τὴν

345 4274 426 4324 τοῦ
463 4273 804 4342 κτησαμένου
839 4271 1034 4340 χαράν.
1076 4270 1234 4322 Ἐστι
1266 4267 1374 4337 γὰρ
1405 4269 1438 4337 ή
1475 4267 1614 4335 αὑτὴ
1645 4267 1790 4337 χαρὰ
1835 4267 1896 4318 οὐ

351 4366 502 4430 μόνον
551 4365 641 4417 διὰ
679 4363 741 4417 τὸ
798 4363 988 4434 χαρίεν
1035 4361 1233 4414 ταύτὸν
1267 4359 1347 4424 ὃν,
1387 4358 1609 4411 ἀλλ’ὅτι
1658 4361 1750 4409 καὶ
1799 4361 1898 4424 τῆς

346 4456 757 4526 εὐγνωμοσύνης
780 4457 808 4507 ὁ
833 4452 995 4516 αὐτὸς
1013 4457 1212 4522 τρόπος
1233 4467 1250 4484 ο
1288 4451 1536 4519 καθάπερ
1558 4449 1666 4518 γὰρ
1688 4451 1894 4511 ἐκεῖνος

339 4549 433 4617 οὐχ
484 4547 664 4616 ἑαυτῷ
725 4547 946 4616 ἤρεσεν,
1000 4542 1136 4596 ἀλλὰ
1183 4545 1294 4603 τοῖς
1342 4541 1549 4600 δούλοις
1597 4540 1756 4608 ἔζησε
1801 4539 1894 4592 καὶ

344 4641 568 4693 ἀπέθανε
602 4641 699 4694 καὶ
732 4641 1057 4706 γεγέννηται
1093 4635 1192 4704 τὴν
1229 4635 1420 4703 ἀρχὴν,
1462 4634 1556 4686 καὶ
1601 4634 1677 4694 εἰς
1703 4633 1894 4684 ἑαυτὸν

342 4733 644 4787 ἐπανελθὼν
676 4734 768 4784 καὶ
801 4732 891 4783 τόν
923 4731 1113 4799 θρόνον
1143 4729 1282 4797 ἔχων
1304 4727 1397 4778 τὸν
1431 4725 1722 4792 πατρικὸν.
1763 4725 1894 4790 ἡμῖν

345 4828 452 4879 ἐκεῖ
475 4826 712 4894 κάθηται
740 4824 833 4876 καὶ
870 4822 1219 4894 παράκλητός
1255 4822 1368 4872 ἐστι
1391 4819 1526 4886 πρδς
1559 4816 1722 4868 αὑτὸν
1753 4816 1894 4884 ὑπὲρ

333 4917 487 4985 ημῶν
520 4917 586 4969 δι’
614 4915 832 4975 αἰῶνος,
857 4913 1008 4963 οὕτω
1033 4913 1125 4962 καὶ
1152 4909 1257 4960 τῶν
1282 4907 1503 4967 δούλων,
1535 4900 1615 4967 οἷς
1638 4908 1665 4954 ό
1691 4903 1895 4954 Δεσπό·

332 5025 428 5077 της
452 5009 556 5078 πρὸ
579 5006 690 5059 τῶν
717 5005 906 5074 ψυχῶν
939 5003 1178 5069 ἐγένετο,
1204 4998 1414 5051 ἑαυτῶν
1433 4999 1533 5049 οὐκ
1566 4993 1893 5061 ἐπιστρεφό-

334 5117 482 5168 μενοι
525 5099 689 5168 μόνον
719 5093 965 5164 φιλοῦσιν
989 5094 1214 5145 ἐκεῖνον.
1247 5087 1498 5149 Τοιοῦτος
1511 5081 1580 5155 ἦν
1616 5085 1892 5152 Ἰωάννης,

334 5192 428 5244 καὶ
453 5191 542 5241 διὰ
571 5187 730 5240 τοῦτο
758 5181 1256 5254 παρενδοκιμηθεὶς
1283 5177 1489 5231 ἐκείνου
1526 5175 1796 5244 φανέντος
1812 5190 1896 5224 το-

331 5283 524 5335 σοῦτον
561 5280 754 5347 ἀπεῖχε
792 5273 1197 5344 δυσχεραίνειν,
1237 5270 1380 5322 ὥστε
1406 5267 1566 5330 αὐτὸς
1595 5262 1662 5336 ἦν
1712 5268 1739 5318 ὁ
1782 5267 1892 5327 τοῖς

329 5370 583 5442 ἀγνοοῦσι
619 5367 802 5421 αὐτῶν
835 5367 1122 5436 κηρύττων
1149 5364 1243 5416 καὶ
1264 5362 1364 5429 τῆς
1384 5359 1630 5427 γλώττης
1655 5357 1890 5425 ἐκείνης,

289 5523 311 5541 δ
331 5467 424 5534 ἀφ’
443 5462 514 5538 ἦς
544 5463 858 5517 συνέϐαινεν
878 5458 1051 5527 αὐτῷ,
1074 5457 1172 5526 τὴν
1203 5455 1410 5507 ἐλάττω
1431 5452 1693 5524 φέρεσθαι
1711 5448 1891 5541 δόξαν,

334 5559 482 5610 οὐδὲν
521 5555 672 5625 ἥδιον
701 5549 767 5623 ἦν
798 5551 947 5619 αὐτῷ
968 5566 982 5580 ·
1017 5549 1112 5601 καὶ
1151 5545 1304 5616 ἠξίου
1333 5545 1425 5596 τὸν
1466 5544 1563 5612 μὲν
1589 5543 1670 5603 εἰς
1703 5539 1891 5592 ἑαυτόν

330 5646 740 5718 ἁναρτήσασθαι
773 5644 834 5695 τὸ
864 5643 1093 5710 θέατρον
1133 5641 1224 5693 καὶ
1255 5634 1800 5705 καταδημαγωγῆσαι
1828 5634 1890 5684 τὸ

328 5742 479 5811 γένος
513 5739 682 5806 ἆπαν,
731 5739 824 5792 καὶ
865 5736 1072 5796 πάντας
1102 5731 1251 5802 αύτῷ
1289 5733 1575 5800 προσέχειν
1609 5729 1700 5780 τὴν
1742 5725 1887 5793 νοῦν,

2000 3164 2200 3219 tionem
2228 3167 2525 3235 objecerint
2559 3167 2789 3237 illosque
2821 3170 3170 3226 Iiberavcrint
3202 3190 3231 3227 a
3265 3178 3565 3244 servitute;

1998 3254 2085 3307 isti
2136 3270 2264 3309 vero
2319 3271 2477 3309 suum
2533 3260 2810 3325 possident
2856 3263 3141 3315 dominmn
3196 3274 3250 3319 et
3295 3266 3565 3322 bonorum

1996 3343 2117 3413 ejus
2149 3345 2384 3398 liaeredes
2419 3356 2566 3410 sunt,
2603 3348 2647 3401 si
2675 3349 2865 3417 jugutn
2902 3350 3019 3418 ejus
3054 3365 3240 3407 amant
3267 3364 3321 3409 et
3359 3358 3569 3411 redem-

1996 3436 2181 3506 ptione
2211 3453 2330 3492 sese
2357 3440 2651 3494 obstrictos
2685 3442 2905 3498 habent.
2931 3443 2993 3496 Et
3012 3445 3114 3500 lioc
3143 3457 3226 3501 est
3253 3451 3395 3516 quod
3422 3450 3567 3506 Pau-

2007 3529 2092 3581 lus
2114 3527 2364 3584 bortatns
2393 3531 2697 3594 est,d~icens
2725 3551 2736 3584 :
2772 3553 2788 3583 ι
2819 3533 3126 3588 Gaudetein
3157 3539 3419 3594 Domino:
3445 3561 3471 3592 ι
3507 3555 3567 3596 ut

1999 3617 2312 3683 Dominum,
2333 3621 2480 3674 illum
2502 3623 2594 3689 qui
2615 3627 2974 3690 comparavit,
2999 3629 3332 3696 ostendens;
3362 3642 3414 3685 et
3444 3631 3480 3685 S
3500 3635 3566 3685 εις

1996 3718 2153 3762 vator
2190 3711 2492 3764 evidentius
2529 3712 2708 3780 gaudii
2737 3727 2956 3766 causam
2996 3715 3154 3767 nobis
3182 3716 3563 3783 manifestans,

2001 3799 2154 3851 illum
2194 3798 2286 3866 qui
2340 3814 2494 3852 suam
2545 3801 2974 3867 participaturus
3017 3815 3100 3857 est
3151 3803 3428 3870 laetitiam,
3467 3811 3568 3862 bo-

1997 3906 2127 3944 num
2161 3904 2321 3946 voeat
2357 3907 2598 3958 servum,
2629 3907 2748 3948 sese
2804 3906 2984 3950 autem
3035 3895 3323 3952 Dominum
3384 3903 3568 3970 appel-

1999 3983 2121 4036 lans
2149 4000 2161 4035 :
2189 4001 2210 4034 ‹
2246 3983 2412 4048 lutra,
2434 3985 2573 4038 bone
2594 4000 2770 4050 serve,
2789 3987 2840 4040 in
2875 3990 3365 4059 gaudiumDomini
3388 3995 3462 4045 tui
3489 4008 3506 4048 :
3538 4013 3558 4045 ο

1999 4076 2124 4143 quia
2191 4090 2381 4129 servus
2440 4077 2793 4144 permansisti
2844 4095 2944 4134 nec
3007 4082 3300 4150 emptionis
3360 4083 3564 4154 fregisti

1999 4167 2336 4232 scliedulam,
2370 4167 2543 4236 ipsum
2582 4170 2846 4238 emptoris
2888 4173 3074 4240 accipe
3125 4175 3384 4244 gaudium
3413 4216 3426 4229 .
3456 4174 3563 4230 lfa-

1998 4259 2121 4313 dem
2145 4261 2288 4314 enim
2321 4271 2401 4315 est
2433 4262 2632 4325 laetitia,
2665 4279 2772 4316 non
2809 4265 2986 4318 solum
3012 4268 3136 4333 quia
3152 4268 3349 4322 eadem
3374 4277 3456 4322 est
3478 4286 3566 4324 res

1994 4351 2280 4408 laetiﬁeans
2306 4394 2321 4416 ,
2355 4355 2446 4407 sed
2477 4355 2641 4408 etiam
2677 4356 2808 4424 quia
2845 4358 3232 4412 benevolentia:
3270 4360 3411 4415 idem
3449 4379 3566 4412 m0-

1928 4448 1971 4502 D
1999 4445 2102 4499 dus
2128 4455 2248 4499 est.
2279 4444 2750 4510 Quemadmodum
2785 4448 2928 4502 enim
2957 4449 3052 4503 ille
3104 4466 3209 4504 non
3242 4453 3563 4522 sibimetipsi

1997 4537 2194 4606 placuit
2215 4577 2230 4599 .
2259 4537 2352 4590 sed
2390 4552 2487 4604 pro
2522 4538 2696 4593 servis
2734 4539 2862 4592 vixit
2891 4549 2946 4595 et
3000 4551 3249 4597 mortuus
3281 4555 3385 4603 est,
3415 4547 3567 4614 geni-

1998 4637 2193 4699 tusque
2225 4640 2308 4684 est
2337 4631 2406 4684 ab
2451 4631 2626 4694 initio,
2660 4643 2712 4685 et
2747 4634 2810 4686 ad
2842 4649 2901 4687 se
2941 4650 3213 4700 reversus,
3241 4645 3294 4690 et
3343 4646 3567 4705 paterno

1998 4723 2200 4788 potitus
2227 4723 2446 4787 throno,
2470 4725 2627 4778 nobis
2661 4725 2732 4778 ibi
2762 4725 2940 4788 sedet,
2963 4735 3018 4778 et
3043 4743 3142 4796 pro
3174 4730 3328 4782 nobis
3348 4732 3412 4783 ad
3441 4746 3562 4784 eum

1997 4829 2211 4880 semper
2243 4814 2574 4868 intercessor
2606 4817 2822 4870 exsistit
2851 4834 2866 4879 ;
2897 4817 2976 4870 sic
3006 4827 3089 4871 est
3111 4819 3177 4872 de
3209 4821 3381 4874 servis
3403 4863 3417 4885 ,
3450 4825 3565 4892 qui-

1996 4903 2100 4957 bus
2133 4905 2392 4958 ltominus
2424 4919 2506 4960 est
2539 4922 2650 4975 prae
2697 4908 2877 4961 anima
2906 4949 2920 4973 ,
2954 4910 3157 4978 quique
3209 4913 3274 4965 ad
3307 4929 3426 4968 sese
3459 4931 3564 4969 non

1995 4999 2194 5050 reversi
2237 4998 2384 5050 illum
2430 5001 2609 5053 Solum
2653 5000 2923 5068 diligunt.
2953 5001 3105 5057 Talis
3149 5015 3265 5059 erat
3302 5004 3564 5065 Joannes.

1997 5100 2050 5141 et
2096 5090 2216 5141 ideo
2249 5101 2523 5156 tentatus,
2554 5093 2646 5146 illo
2677 5105 3002 5164 apparente,
3054 5106 3261 5152 tantum
3298 5100 3470 5154 abluit
3509 5111 3568 5154 ut

1998 5197 2138 5251 aegre
2168 5182 2354 5244 ferret,
2377 5195 2432 5236 ut
2457 5184 2574 5252 ipse
2608 5185 2989 5252 ignorantibus
3020 5189 3166 5257 ipsos
3211 5199 3356 5244 esset
3388 5207 3564 5258 prmeo

1999 5286 2160 5344 atque
2191 5275 2597 5330 demonstrator
2622 5315 2638 5330 .
2663 5276 2834 5348 l-lujus
2872 5280 3105 5344 linguae,
3139 5296 3247 5350 qua
3277 5282 3566 5336 convenie-

2003 5363 2092 5415 bat
2119 5363 2187 5423 ei,
2222 5364 2390 5415 minui
2433 5364 2660 5431 gloriam
2691 5405 2705 5427 ,
2743 5367 2878 5420 nihil
2915 5369 3015 5437 ipsi
3044 5369 3344 5437 jucumlum
3398 5381 3516 5424 erat
3547 5390 3562 5437 ;

2000 5452 2330 5521 dignumque
2357 5454 2641 5523 judicabat
2672 5463 2731 5509 ut
2765 5458 2854 5511 ille
2885 5459 3130 5511 omnium
3167 5459 3216 5511 in
3251 5475 3308 5511 se
3338 5475 3562 5514 convcr-

2003 5553 2136 5596 terct
2167 5545 2376 5606 oculos,
2411 5554 2462 5597 et
2491 5558 2655 5599 omne
2703 5547 2808 5600 sibi
2853 5548 3162 5603 conciliaret
3199 5565 3400 5614 genus,
3437 5567 3566 5604 nec-

2004 5651 2108 5689 non
2149 5644 2205 5687 ut
2234 5649 2424 5689 omnes
2452 5637 2527 5690 illi
2559 5639 2860 5704 pneberent
2891 5648 3147 5701 mentem,
3187 5640 3324 5695 sicut
3360 5657 3562 5711 sponsa

1995 5743 2192 5797 sponso
2226 5745 2240 5794 ;
2278 5728 2391 5795 ipse
2430 5745 2552 5782 veri.
2576 5771 2591 5795 ,
2621 5734 2664 5785 si
2702 5743 2850 5789 stans
2901 5745 3083 5803 posset
3135 5733 3287 5788 illum
3336 5735 3564 5804 audire,
