3982 6208
336 362 437 428 721

1342 371 1441 432 DE
1476 371 1652 432 VITA
1691 370 1772 431 IN
1812 368 2143 432 CHRISTO
2184 371 2322 432 LIB.
2371 369 2504 431 VII.

3464 362 3574 428 722

327 494 417 537 τες
437 493 451 506 ⁸
483 476 557 539 ὡς
584 477 630 531 δ’
660 478 869 533 ἔνεστιν
892 480 1190 552 ὁλοσχερῶς
1223 484 1419 549 εἰπεῖν,
1452 485 1561 538 τῶν
1582 484 1743 538 θείων
1763 486 1891 552 ἀγα-

2018 482 2257 536 ieraliter
2309 480 2415 534 diei
2463 489 2660 549 potest,
2690 477 2998 533 divinorum
3057 478 3577 545 bonorumpercep-

329 568 439 623 θῶν
468 571 718 639 αἴσθησιν
747 573 975 635 ἐνιεῖσα,
1011 577 1102 628 καὶ
1141 576 1217 643 τῷ
1257 577 1448 645 γεῦσαι
1481 578 1732 647 μεγάλων
1766 579 1896 645 περὶ

331 659 595 730 μειζόνων
639 662 953 727 ἐλπίζουσα,
1004 669 1099 719 καὶ
1142 667 1368 736 βεϐαίαν
1407 672 1680 722 ἐντιθεῖσα
1719 669 1897 721 πίστιν

330 752 440 860 ἀπὸ
465 752 573 806 τῶν
599 754 699 823 ἤδη
730 756 1015 825 παρόντων
1044 759 1173 860 ns‘pi
1202 760 1310 813 τῶν
1338 763 1509 832 μήπω
1537 763 1895 831 φαινομένων.

329 841 408 894 Τά
440 843 493 894 ὅ).
533 843 663 914 παρ’
687 845 843 913 ἡμῶν
877 847 936 899 τὸ
967 841 1232 902 διασῶσαι
1280 852 1378 918 τὴν
1418 852 1643 922 ἀγάπην
1666 865 1680 883 ”
1707 852 1767 904 οὐ
1791 854 1899 922 γάρ

329 934 491 1002 ἀρκεῖ
517 937 576 986 τὸ
604 936 831 1005 φιλῆσαι
868 940 1027 1007 μόνον
1052 943 1145 993 καὶ
1172 942 1426 1007 δέξασθαι
1450 944 1509 996 τὸ
1541 945 1731 1008 πάθος,
1764 944 1900 997 ἀλλὰ

330 1020 409 1072 δεῖ
435 1023 527 1074 καὶ
560 1026 893 1094 συντηρῆσαι
918 1031 1009 1080 καὶ
1031 1029 1108 1098 τῷ
1138 1032 1267 1101 πυρὶ
1298 1034 1612 1102 προσθεῖναι
1642 1040 1739 1104 τὴν
1770 1034 1899 1103 ὕλην

331 1112 467 1198 ὥστε
483 1119 972 1185 κατασχεῑνιτοῦτο
990 1122 1096 1192 γάρ
1114 1124 1229 1176 ἐστι
1250 1125 1309 1177 τὸ
1325 1127 1505 1193 μένειν
1524 1130 1580 1179 ὲν
1601 1129 1664 1196 τῇ
1686 1128 1896 1198 ἀγάπῃ,

331 1206 389 1256 ὲν
411 1197 454 1271 ᾧ
472 1206 618 1259 πᾶσα
650 1210 1006 1276 μακαριότης,
1036 1213 1096 1265 τὸ
1122 1215 1300 1284 μένειν
1326 1216 1505 1285 μὲνξὲν
1533 1218 1607 1287 τῷ
1631 1218 1769 1289 Θεῷ,
1798 1197 1899 1287 μέ-

332 1313 489 1349 νοντα
521 1297 576 1349 δὲ
612 1297 756 1367 ἔχειν
789 1300 950 1354 αὐτόν
977 1318 991 1332 ⁶
1029 1320 1047 1354 ι
1071 1304 1129 1357 Ὀ
1156 1306 1265 1375 γὰρ
1297 1307 1496 1375 μένων,
1525 1311 1710 1378 φησὶν.
1744 1313 1801 1363 ὲν
1834 1316 1897 1383 τῇ

332 1386 523 1458 ἀγάπῃ
584 1387 641 1438 ἐν
678 1386 757 1458 τῷ
809 1389 927 1460 Θεῷ
982 1392 1129 1460 μένει
1164 1396 1256 1448 καὶ
1317 1399 1345 1450 ὁ
1388 1398 1520 1459 Θεὸς
1556 1400 1613 1452 ὲν
1670 1403 1894 1471 αὐτῷῗοι

331 1478 491 1531 τοῦτο
524 1480 580 1532 δὲ
611 1480 849 1549 γίνεται,
894 1484 989 1537 καὶ
1023 1491 1336 1555 πεπηγυῖαν
1376 1493 1431 1544 ὲν
1468 1495 1535 1562 τῇ
1573 1494 1767 1568 γνώμῃ
1804 1495 1901 1567 τὴν

333 1573 557 1643 ἀγάπην
585 1574 805 1643 ἔχομεν,
834 1578 1052 1633 ἐπειδάν
1082 1581 1171 1634 διὰ
1195 1582 1298 1635 τῶν
1324 1586 1553 1637 ἐντολῶν
1576 1588 1902 1656 ἀφικώμεθα

335 1664 428 1718 καὶ
454 1667 580 1729 τοὺς
605 1667 699 1720 τοῦ
725 1669 1052 1739 φιλουμένου
1084 1672 1350 1742 σώσωμεν
1380 1678 1601 1746 νόμους.
1644 1681 1777 1732 Ἀπὸ
1804 1681 1901 1748 μὲν

334 1756 445 1824 γὰρ
478 1759 588 1811 τῶν
622 1760 916 1828 ἐνεργειῶν
946 1766 978 1833 η
1011 1763 1155 1835 ψυχὴ
1196 1767 1496 1823 διατίθεται
1528 1773 1665 1841 πρὸς
1698 1771 1901 1842 ταύτην

329 1845 365 1916 ἢ
401 1847 618 1915 ἐκείνην
646 1850 745 1920 τὴν
769 1851 904 1915 ἕξιν,
940 1854 1086 1918 ὅπως
1117 1856 1183 1910 ἂν
1216 1857 1415 1927 ἔχωσιν
1440 1864 1646 1916 ἐκεῖναι
1672 1865 1906 1933 χρηστό-

331 1951 495 2002 τητος
534 1936 568 2007 ἢ
611 1940 903 2011 πονηρίας,
960 1944 1082 1996 ἐπεὶ
1134 1948 1229 2000 καὶ
1276 1948 1385 1999 τῶν
1438 1949 1641 2019 τεχνῶν
1690 1950 1905 2012 ὲκείνας

334 2026 592 2095 κτώμεθα
638 2035 734 2084 καὶ
787 2034 1151 2106 μανθάνομεν,
1210 2032 1286 2092 ὧν
1338 2040 1402 2092 ἂν
1452 2043 1572 2103 ταῖς
1606 2040 1907 2112 ἐνεργείαις

336 2121 769 2192 συνεθισθῶμεν.
834 2127 898 2179 Οἱ
946 2128 1002 2182 δὲ
1052 2129 1146 2182 τοῦ
1200 2130 1335 2183 Θεοῦ
1399 2133 1553 2202 νόμοι
1611 2138 1740 2204 περὶ
1799 2136 1910 2189 τῶν

337 2213 640 2282 ἐνεργειῶν
691 2216 936 2286 κείμενοι
988 2219 1096 2271 τῶν
1146 2219 1501 2290 ἀνθρωπίνων
1554 2224 1650 2276 καὶ
1705 2226 1909 2290 ταύτας

337 2304 615 2373 ὁρίζοντες
661 2312 757 2362 καὶ
816 2310 955 2381 πρὸς
1013 2314 1221 2366 ἐκεῖνον
1275 2316 1564 2378 τάττοντες
1599 2317 1761 2387 μόνον
1811 2319 1910 2388 τὴν

334 2397 631 2451 ἀκόλουθον
662 2401 775 2463 τοῖς
802 2396 1168 2473 κατορθοῦσιν
1191 2405 1247 2455 ὲν
1261 2406 1505 2460 τιθέασιν
1535 2408 1669 2473 ἕξιν,
1711 2411 1823 2464 ἔστι
1851 2415 1911 2466 τδ

340 2487 628 2557 βούλεσθαι
654 2490 724 2543 τὰ
747 2490 1007 2545 δοκοῦντα
1034 2492 1110 2564 τῷ
1134 2497 1397 2568 νομοθέτῃ
1423 2499 1516 2551 καὶ
1555 2502 1703 2571 μόνῳ
1734 2504 1912 2557 πᾶσαν

338 2580 665 2636 ὑποτάττειν
682 2583 781 2653 τὴν
797 2585 1022 2654 γνώμην
1039 2587 1133 2640 καὶ
1151 2587 1290 2655 πλὴν
1309 2589 1517 2643 ἐκείνου
1539 2592 1716 2644 θέλειν
1736 2594 1911 2658 οὐδὲν,

341 2673 480 2743 ὅπερ
499 2673 616 2725 ἐστὶ
642 2676 804 2742 μόνον
822 2677 1063 2747 ἀκριϐῶς
1084 2679 1281 2734 εἰδέναι
1301 2680 1475 2749 φιλεῖν
1492 2699 1508 2715 ο
1528 2684 1623 2735 καὶ
1649 2684 1734 2737 διὰ
1757 2685 1914 2739 τοῦτό

340 2784 506 2837 φησιν
553 2770 581 2821 ὁ
623 2770 852 2839 Σωτήρ·
902 2772 1057 2825 «Ἐὰν
1100 2773 1195 2838 τὰς
1228 2775 1449 2835 ἐντολάς
1479 2795 1580 2846 μου
1616 2780 1916 2850 τηρήσητε,

341 2861 553 2927 μενεῖτε
584 2862 642 2913 ἐν
673 2864 736 2930 τῇ
773 2863 961 2935 ἀγάπῃ
995 2882 1117 2934 μου.
1158 2886 1176 2918 ι
1211 2868 1429 2939 Ταύτης
1464 2870 1521 2923 δὲ
1549 2870 1648 2939 τῆς
1691 2872 1916 2942 ἀγάπης

336 2946 502 3016 ἔργον
533 2951 567 3018 ἡ
602 2951 849 3020 μακαρία
885 2953 1020 3023 (mir
1077 2955 1176 3026 τὴν
1197 2960 1306 3027 γὰρ
1337 2960 1553 3029 θέλησιν
1584 2964 1919 3033 πανταχόθεν

340 3041 649 3107 συνάγουσα
682 3044 792 3095 καὶ·
823 3044 933 3097 τῶν
985 3045 1161 3100 ἄλλων
1217 3051 1504 3119 ἀπάγουσα
1552 3054 1771 3109 πάντων
1827 3057 1920 3109 καὶ

2004 575 2206 627 tionem
2265 570 2520 634 infundit,
2579 585 2895 638 magnorum
2938 577 3094 635 gustu
3132 567 3198 622 de
3258 568 3577 620 melioribus

2004 680 2154 733 spem
2213 664 2437 723 excitat,
2480 672 2530 715 et
2562 677 2591 715 a
2627 660 2738 729 jam
2795 660 3155 729 praesentibus
3209 658 3275 712 de
3333 660 3571 711 nondum

2002 756 2386 825 apparentibus
2406 754 2611 807 tirmam
2641 752 2797 806 [idem
2818 753 2971 805 indit.
2998 750 3169 805 Penes
3186 765 3283 804 nos
3298 764 3475 804 an'em
3493 760 3575 803 est

2003 860 2223 901 scrvare
2251 846 2592 899 charitatem.
2631 843 2749 896 Non
2777 844 2919 896 enim
2950 841 3211 911 dilexisse
3242 841 3578 908 passionem-

2002 938 2406 1008 querecepisse
2437 935 2654 998 sullicit,
2696 936 2788 988 sed
2821 944 3031 1002 oportet
3057 920 3215 985 etiam
3250 946 3576 984 cooscrvaro

2004 1030 2394 1098 materiamque
2425 1029 2532 1098 ignj
2567 1030 2805 1096 praebere
2848 1037 2901 1081 ut
2936 1028 3255 1082 retineatur.
3290 1025 3401 1079 lloc
3428 1024 3573 1076 enim

2002 1132 2083 1177 est
2114 1138 2332 1176 manere
2354 1123 2405 1174 in
2434 1121 2723 1183 eharitate,
2748 1121 2802 1173 in
2833 1136 2936 1187 qua
2961 1120 3140 1172 omnis
3161 1126 3242 1172 est
3275 1116 3573 1172 beatitudo.

2004 1231 2224 1270 manere
2259 1217 2464 1270 scilicet
2492 1215 2545 1267 in
2588 1215 2717 1275 Deo,
2752 1214 3014 1281 illumque
3047 1213 3432 1264 immanentem
3479 1211 3577 1261 ha-

2004 1308 2150 1361 bere.
2199 1308 2328 1360 Nam
2363 1326 2381 1357 ι
2422 1307 2522 1374 Qui
2575 1315 2780 1360 manet.
2817 1305 3011 1372 inquit,
3068 1306 3119 1355 in
3183 1302 3471 1363 cltaritate,
3524 1301 3575 1351 in

2004 1400 2114 1452 Duo
2144 1406 2324 1453 manet
2345 1407 2397 1451 et
2431 1398 2571 1451 Deus
2598 1399 2651 1449 in
2690 1396 2802 1449 illo.
2846 1415 2862 1446 ι
2900 1395 3011 1449 lloc
3046 1404 3222 1447 autem
3255 1392 3331 1457 lit,
3367 1404 3415 1444 et
3451 1392 3582 1445 soli-

2004 1492 2186 1544 datam
2215 1490 2268 1543 iu
2316 1489 2595 1542 voluntate
2634 1486 2957 1540 charitatem
3008 1484 3294 1544 habemus,
3337 1497 3459 1533 cum
3488 1496 3581 1546 per

2006 1584 2258 1636 mandata
2308 1578 2661 1650 pervenimus
2710 1585 2764 1630 et
2826 1574 3003 1628 dilecti
3040 1575 3183 1643 leges
3221 1574 3581 1626 senavimus.

2005 1673 2330 1729 Actiouibus
2355 1671 2497 1725 enim
2524 1669 2588 1722 ad
2618 1669 2762 1721 hunc
2794 1667 2875 1720 vel
2910 1667 3075 1719 istum
3112 1664 3359 1716 habitum
3396 1662 3581 1713 anima
3610 1657 3644 1690 ⁸

2005 1765 2332 1833 disponitur,
2363 1770 2523 1830 prout
2560 1761 2661 1813 illa:
2701 1759 2963 1813 bonitatis
2990 1758 3070 1809 vel
3122 1753 3342 1808 malitia:
3387 1755 3586 1805 chara-

1934 1826 1979 1885 Β
2007 1868 2208 1913 cterem
2242 1858 2462 1919 habent,
2491 1855 2760 1923 siquidem
2807 1852 2928 1905 illas
2959 1850 3297 1918 acl‘pxirimus
3331 1858 3382 1900 et
3421 1847 3588 1899 diSt'i‘

2012 1969 2131 2007 mus
2156 1960 2320 2012 artes,
2380 1951 2584 2019 quibus
2638 1964 2730 2015 per
2772 1946 3021 2000 actiones
3066 1945 3433 1997 assuevin'ius.
3494 1940 3584 1992 Dei

2011 2058 2137 2097 vero
2171 2044 2316 2112 leges
2345 2042 2411 2096 ad
2440 2051 2594 2096 actus
2620 2042 2887 2096 humanos
2921 2040 3213 2094 attinettles
3248 2039 3476 2106 illosque
3498 2038 3592 2088 de-

2013 2136 2282 2197 ﬁnientes.
2311 2144 2363 2188 et
2388 2135 2454 2188 ad
2481 2134 2631 2187 illum
2661 2135 2840 2187 solum
2871 2133 3213 2193 ordinantes,
3243 2145 3590 2198 consequen-

2012 2236 2117 2279 tem
2152 2228 2318 2281 rectis
2352 2226 2601 2295 injiciunt
2633 2226 3074 2294 dispositionem,
3113 2226 3254 2292 quod
3288 2224 3497 2278 SCiliCL‘l
3524 2240 3585 2273 ea

2013 2335 2135 2389 quae
2186 2320 2330 2374 bona
2389 2320 2639 2373 videntur
2699 2304 3023 2389 legislatori,
3054 2320 3225 2373 velint
3268 2318 3454 2386 illique
3485 2318 3585 2370 Soli

2017 2422 2193 2465 lotam
2217 2413 2544 2467 submittant
2593 2412 2958 2475 voluntatem,
2991 2428 3054 2466 ac
3100 2420 3299 2481 prmter
3327 2411 3477 2464 illum
3509 2410 3593 2464 ni-

2014 2504 2090 2558 hil
2124 2504 2255 2571 ipsis
2279 2504 2486 2574 placeat
2519 2522 2531 2557 :
2562 2502 2711 2573 quod
2747 2504 2923 2559 solum
2958 2513 3039 2557 est
3069 2505 3303 2570 perfecto
3343 2504 3485 2557 scire
3508 2504 3593 2557 di-

2013 2594 2202 2663 ligere.
2228 2591 2354 2645 Ideo
2387 2592 2636 2646 Salvatm'
2665 2592 2743 2644 ait
2772 2610 2786 2644 :
2827 2610 2844 2642 ι
2889 2591 2944 2645 Si
2973 2591 3224 2644 mandata
3264 2606 3379 2643 mea
3411 2606 3597 2642 scrva-

2017 2684 2226 2746 veritis,
2254 2684 2545 2737 manebitis
2581 2683 2635 2736 in
2670 2683 2958 2738 dilectione
2994 2698 3136 2736 mea.
3177 2702 3193 2732 ι
3230 2682 3383 2736 Illius
3412 2690 3591 2735 auicm

2017 2773 2298 2828 charitatis
2356 2788 2496 2843 opus
2554 2781 2638 2827 est
2685 2772 2844 2827 beata
2892 2774 3017 2825 vita.
3068 2772 3408 2826 Voluntatem
3444 2773 3592 2827 enim

2018 2865 2262 2934 undique
2290 2864 2626 2920 contrahens
2657 2874 2707 2918 et
2741 2866 2811 2919 ab
2837 2866 3091 2918 omnibus
3116 2865 3240 2918 aliis
3265 2874 3320 2917 et
3353 2866 3471 2933 ipso
3504 2880 3594 2918 vo-

2021 2958 2163 3012 lente
2200 2972 2515 3027 segregans.
2543 2958 2644 3013 soli
2669 2957 2888 3012 Christo
2923 2957 3219 3022 conciliat;
3254 2958 3592 3010 voluntatem

2019 3064 2150 3103 vero
2197 3061 2396 3104 cuncta
2435 3057 2621 3103 nostra
2661 3058 2986 3118 sequuntur,
3024 3058 3077 3101 et
3113 3066 3221 3117 quo
3263 3049 3597 3113 ferat,,incc-

338 3132 508 3241 αὐτοῦ
539 3133 634 3188 τοῦ
672 3133 916 3202 θέλοντος
943 3138 1019 3209 τῷ
1049 3140 1269 3210 Χριστῷ
1314 3142 1596 3214 συνίστησι
1652 3147 1821 3218 μόνον
1849 3151 1913 3218 τῇ

2023 3140 2162 3194 dunt
2176 3147 2229 3193 et
2249 3140 2497 3207 corporis
2527 3150 2731 3203 motus,
2754 3151 2804 3194 et
2835 3140 3066 3196 rationis
3092 3156 3310 3205 cursus.
3333 3151 3388 3197 et
3419 3144 3597 3196 omnis

340 3222 559 3295 θελήσει
589 3225 648 3278 δὲ
690 3227 759 3280 τὰ
795 3231 1038 3301 ἡμέτερα
1099 3234 1279 3287 πάντα
1308 3236 1592 3291 ἀκολουθεῖ
1636 3239 1730 3293 καλ¹
1790 3241 1913 3295 ὅποι

339 3316 498 3386 φέρει
554 3319 816 3389 χωροῦσι,
853 3325 949 3376 καὶ
1003 3324 1255 3393 σώματος
1304 3327 1449 3399 ὁρμὴ
1489 3330 1585 3384 καὶ
1642 3329 1911 3401 λογισμοῦ

341 3405 557 3474 κίνησις
587 3409 701 3461 καὶ⁶
732 3410 883 3464 πᾶσα
920 3413 1119 3482 πρᾶξις
1155 3416 1246 3467 καὶ
1287 3417 1396 3468 πᾶν
1425 3418 1604 3473 ὁτιοῦν
1632 3420 1916 3490 ἀνθρώπι-

341 3513 455 3551 νον’
488 3500 584 3552 καὶ
613 3499 805 3572 ὅλωςή
844 3501 1066 3573 θέλησις
1099 3505 1159 3558 τὸ
1199 3507 1490 3577 καθ’ήμᾶς
1523 3510 1645 3579 ἄγει
1702 3515 1794 3567 καὶ
1820 3517 1918 3583 φέ-

344 3604 452 3656 ρει,
496 3590 596 3642 κᾶν
619 3591 805 3663 ἐκείνη
830 3596 1137 3667 κατασχεθῇ
1166 3616 1290 3663 που,
1336 3602 1515 3654 πάντα
1559 3605 1917 3661 ὲκεῖιδέδεται

345 3677 443 3729 καὶ
468 3679 676 3752 ταύτης
714 3685 1001 3753 κρατήσας
1034 3687 1327 3759 ὁλόκληρον
1358 3689 1468 3759 ἔχει
1492 3692 1581 3745 τὸν
1623 3694 1767 3751 νοῦν.
1818 3698 1922 3750 Οὑ-

276 3786 279 3787 '
343 3769 479 3822 κοῦν
506 3766 588 3835 οἷς
647 3775 682 3844 ἡ
718 3774 910 3847 γνώμη
961 3778 1055 3831 τοῦ
1118 3780 1359 3850 Χριστοῦ
1402 3786 1521 3838 κατ’
1552 3785 1726 3859 ἄκρας
1776 3789 1921 3846 ἑάλω

346 3863 441 3945 καὶ
467 3863 616 3935 μόνῳ
646 3866 995 3936 πρόσκειται,
1025 3871 1119 3924 καὶ
1153 3873 1336 3926 πάντα
1364 3874 1465 3928 ὅσα
1498 3877 1782 3945 βούλονται
1827 3882 1922 3934 καὶ

347 3943 424 4005 ὧν
461 3954 629 4024 ἐρῶσι
690 3959 784 4012 καὶ
828 3958 864 4013 ἃ
897 3959 1173 4029 ζητοῦσιν,
1228 3966 1440 4031 ἐκεῖνός
1501 3943 1645 4034 ἔστι,
1707 3972 1922 4037 τούτοις

349 4044 470 4135 θλον
502 4046 565 4099 τὸ
596 4043 737 4101 εἶναι
799 4052 894 4105 καὶ
929 4055 959 4122 ἡ
989 4053 1103 4124 ζωὴ
1153 4058 1284 4127 παρ’
1317 4058 1487 4128 αὐτῷ,
1543 4061 1664 4114 ἐπεὶ
1694 4063 1790 4116 καὶ
1824 4062 1924 4135 τὴν

353 4133 571 4205 θέλησιν
609 4138 779 4208 αὐτὴν
808 4141 909 4193 ούκ
948 4142 1063 4195 ἔστι
1114 4143 1215 4216 ζῇν
1246 4148 1337 4224 καλ.
1393 4150 1613 4220 ἐνεργὸν
1652 4146 1793 4207 εἶναι
1848 4133 1923 4223 μὴ

356 4227 412 4279 ἐν
439 4227 516 4298 τῷ
545 4229 765 4302 Χριστῷ
803 4232 1093 4300 μένουσαν,
1142 4238 1224 4290 ὅτι
1264 4241 1372 4293 πᾶν
1398 4240 1600 4308 ἀγαθὸν
1632 4244 1767 4307 ἐκεῖ,
1828 4262 1927 4298 κα-

356 4320 532 4394 θάπερ
569 4325 845 4393 ὀφθαλμὸς
872 4329 940 4381 τὰ
971 4331 1135 4385 αὐτοῦ
1166 4336 1339 4386 ποιεῖν
1367 4335 1467 4387 ούκ
1500 4335 1567 4390 ἂν
1602 4338 1701 4409 ἔχῃ
1741 4338 1816 4408 μὴ
1849 4339 1925 4409 τῷ

356 4417 493 4483 φωτὶ
528 4417 835 4486 χρώμενος.
881 4420 1111 4492 Ἐκείνῳ
1157 4441 1218 4477 τε
1267 4425 1377 4497 γὰρ
1411 4428 1575 4496 μόνον
1629 4429 1926 4500 ἐργάζεται

2019 3241 2175 3284 artus
2234 3239 2291 3285 et
2329 3231 2476 3285 aliud
2536 3232 2816 3299 quodlilet
2868 3236 3205 3297 humanum;
3261 3243 3315 3287 et
3369 3248 3598 3302 prorsus

2023 3323 2275 3376 voluntas
2309 3324 2453 3392 quod
2487 3324 2553 3377 ad
2591 3340 2690 3378 nos
2718 3326 2913 3379 attinet
2942 3326 3054 3394 agit
3080 3334 3136 3380 et
3162 3325 3321 3394 gerit,
3353 3335 3403 3380 et
3427 3327 3470 3380 si
3501 3328 3597 3380 illa

2017 3416 2339 3479 retineatur,
2371 3416 2554 3469 omnia
2611 3432 2745 3469 nexa
2787 3417 3118 3478 consistunt,
3148 3426 3203 3471 et
3238 3417 3326 3470 illa
3368 3417 3595 3486 potitus,

2018 3515 2187 3564 totam
2224 3508 2388 3563 habet
2413 3516 2671 3562 mentem.
2707 3506 2921 3573 Quibus
2966 3508 3132 3574 igitur
3162 3510 3418 3563 voluntas
3442 3524 3601 3575 pror-

2018 3617 2115 3656 sus
2134 3616 2318 3655 amore
2338 3601 2539 3655 Christi
2565 3602 2834 3654 detinetur
2859 3614 2913 3656 et
2936 3602 3063 3655 huic
3094 3602 3193 3655 soli
3224 3601 3586 3658 sulmtitlitnr.

2018 3706 2363 3761 quaecunque
2406 3693 2619 3755 volunt,
2647 3691 2884 3758 diligunt
2931 3707 2996 3745 ac
3045 3702 3319 3760 oluerunt,
3358 3692 3446 3746 ille
3474 3702 3598 3755 est;

2023 3787 2135 3841 illis
2171 3794 2345 3840 totum
2379 3794 2465 3840 est
2505 3802 2625 3840 esse
2659 3786 2880 3855 vitaque
2914 3786 2964 3837 in
3006 3786 3144 3853 ipso.
3178 3785 3447 3853 siquidem
3483 3787 3596 3852 ipsa

2024 3878 2277 3932 voluntas
2309 3892 2417 3931 non
2450 3888 2534 3931 est
2561 3876 2742 3929 vivere
2770 3888 2822 3928 et
2856 3876 2963 3929 vim
3003 3875 3228 3935 habere.
3255 3876 3359 3929 nisi
3384 3886 3599 3928 maneat

2025 3968 2080 4022 in
2130 3968 2372 4030 Christo,
2420 3967 2563 4036 quod
2619 3966 2693 4021 ibi
2730 3974 2840 4020 stat
2878 3981 3042 4020 omne
3072 3967 3301 4030 bonum,
3337 3966 3599 4036 quemad-

2026 4063 2245 4119 modum
2278 4064 2473 4120 ocnlus
2512 4078 2613 4117 nec
2664 4079 2793 4118 snas
2831 4063 3122 4119 facultates
3160 4078 3420 4118 exercere
3478 4065 3598 4117 sine

2026 4155 2229 4208 lumine
2268 4162 2468 4225 potest.
2530 4152 2667 4207 lluic
2716 4158 2859 4207 enim
2895 4153 3068 4207 solum
3104 4153 3288 4208 lumen
3329 4152 3596 4209 visionem

2026 4252 2303 4313 operatur,
2323 4252 2377 4296 et
2408 4242 2658 4296 voluntas
2690 4257 2796 4296 non
2832 4243 2974 4296 valet
3002 4258 3165 4311 agere
3192 4244 3296 4298 uisi
3332 4244 3383 4296 in
3417 4244 3594 4298 solum

2026 4335 2254 4390 bonum.
2293 4333 2450 4389 Unde
2473 4348 2596 4387 cum
2632 4331 2719 4385 ille
2745 4332 2813 4385 sit
2838 4334 3082 4387 omnium
3111 4334 3386 4387 bonorum
3409 4335 3597 4389 distric

2032 4430 2215 4490 hutor,
2239 4424 2286 4480 si
2323 4433 2491 4478 totam
2523 4424 2580 4476 in
2605 4423 2722 4492 ipso
2753 4439 2866 4477 non
2893 4426 3213 4493 reponimus
3235 4425 3594 4490 voluntatem,

354 4506 448 4575 τὴν
472 4509 598 4578 ὄψιν
621 4509 682 4561 τὸ
717 4509 854 4578 φῶς,
876 4513 912 4580 ἦ
935 4530 992 4573 τε
1020 4515 1237 4586 θέλησις
1262 4519 1399 4587 πρὸς
1461 4519 1489 4571 ὃ
1515 4520 1739 4576 δύναται
1767 4524 1913 4592 ἐνερ-

2026 4518 2119 4574 sed
2153 4517 2353 4586 aliquid
2380 4516 2680 4570 voluntatis
2702 4525 2855 4570 extra
2877 4516 3193 4571 thesaurum
3222 4518 3385 4571 istum
3412 4519 3596 4583 cadat,

356 4601 493 4666 γεῖν,
537 4600 699 4669 μόνον
728 4604 872 4665 ,ἐστὶ
904 4605 1159 4671 τάγαθόν·
1196 4606 1317 4661 ὅθεν
1379 4612 1501 4665 ἐπεὶ
1559 4616 1765 4684 ταμίας
1814 4617 1921 4669 τών

355 4689 570 4756 ἀγαθῶν
601 4692 860 4745 ἁπάντων
890 4695 1118 4762 ἐκεῖνος,
1151 4698 1196 4749 εὶ
1234 4700 1308 4767 μὴ
1343 4702 1525 4755 πᾶσαν
1556 4705 1655 4774 τὴν
1698 4707 1924 4776 γνώμην

356 4783 412 4834 ἐν
456 4785 606 4853 αὐτῷ
635 4787 894 4856 φέροντες
922 4789 1179 4859 θήσομεν,
1245 4792 1381 4846 ἀλλά
1435 4814 1485 4848 τι
1516 4796 1614 4864 τῆς
1649 4796 1925 4867 θελήσεως

356 4872 455 4936 ἔξω
485 4876 579 4927 τοῦ
615 4876 896 4948 θησαυροῦ
921 4880 1109 4936 τούτου
1140 4886 1314 4951 πέσοι,
1359 4888 1532 4955 ἀργόν
1568 4889 1683 4939 ἐστι
1710 4889 1803 4940 καὶ
1844 4904 1927 4940 νε-

356 4968 501 5034 κρόν.
529 4987 547 5019 ι
574 4969 701 5022 Ἐάν
723 4973 795 5040 μή
818 4989 901 5035 τις
917 4971 1075 5045 μείνῃ
1093 4975 1221 5043 γὰρ,
1262 4977 1450 5045 φησιν,
1485 4980 1540 5028 ἐν
1558 4977 1702 5045 ἐμοὶ,
1724 4977 1924 5047 ἐϐλήθη

358 5061 559 5128 ἐξιοώς
586 5064 647 5114 τὸ
704 5065 889 5135 κλῆμα
922 5068 1015 5117 καὶ
1071 5066 1367 5138 ἐξηράνθη,
1440 5068 1536 5120 καὶ
1591 5068 1926 5133 συνάγουσιν

359 5151 497 5203 αύτά
529 5153 624 5203 καὶ
647 5154 726 5216 είς
767 5154 829 5206 τὸ
855 5153 962 5224 πῦρ
1008 5155 1261 5223 βάλλουσι
1315 5158 1411 5208 καὶ
1446 5156 1684 5209 καίεταιο
1717 5175 1734 5206 ι
1784 5159 1833 5207 εἰ
1870 5156 1928 5208 δὲ.

359 5245 449 5296 καὶ
471 5244 563 5295 τὸν
596 5246 830 5315 Χριστξν
866 5246 1205 5316 μιμήσασθαι
1255 5248 1346 5300 καὶ
1376 5246 1476 5315 ζῇν
1540 5247 1665 5300 κατ’
1695 5247 1926 5311 ἐκεῖνον,

359 5337 417 5387 ἐν
455 5337 679 5407 Χριστῷ
714 5338 813 5409 ζῇν
835 5340 975 5407 ἐστι,
1011 5343 1106 5395 καὶ
1142 5340 1301 5392 τοῦτο
1353 5339 1451 5409 τῆς
1485 5332 1710 5408 γνώμης
1744 5339 1927 5408 ἔργον,

359 5427 486 5480 ὅταν
525 5431 638 5490 τοῖς
666 5429 757 5481 τοῦ
780 5430 917 5482 Θεοῦ
949 5420 1278 5501 βουλήμασιν
1304 5430 1611 5501 ὑπακούσῃ.
1652 5428 1923 5499 Καθάπερ

360 5521 566 5583 ἐκεῖνος
601 5520 709 5574 τῶν
732 5520 929 5575 ἑαυτοῦ
961 5523 1234 5590 θελήσεων
1268 5522 1504 5587 ὑπέταξε
1572 5526 1636 5592 τῇ
1678 5523 1801 5592 θείᾳ.
1830 5524 1930 5590 τὴν

365 5614 738 5685 ἀνθρωπίνην,
774 5616 870 5668 καὶ
917 5615 1003 5667 ἵνα
1033 5614 1191 5668 τοῦτο
1244 5615 1454 5681 διδάξαι
1503 5618 1599 5669 καὶ
1636 5616 1731 5684 τῆς
1764 5615 1929 5685 ὀρθῆς

367 5703 511 5774 ζώης
545 5707 894 5774 παράδειγμα
964 5709 1096 5777 ἡμῖν
1138 5707 1450 5774 καταλίποι,
1498 5709 1592 5761 τὸν
1621 5707 1761 5777 ὑπὲρ
1835 5708 1928 5761 τοῦ

373 5796 575 5867 κέσμου
606 5798 857 5863 θάνατον,
887 5799 973 5851 ὅτε
1008 5799 1415 5870 μὲν-ἀποθανεῖν
1434 5801 1674 5870 ἐδέησεν,
1694 5798 1753 5851 οὐ
1788 5814 1903 5870 παρ

2032 4610 2192 4661 inane
2225 4615 2277 4659 et
2308 4613 2582 4659 mortuum
2618 4617 2720 4659 est.
2762 4621 2783 4653 ι
2825 4604 2983 4666 Nam,
3016 4604 3216 4672 inquit,
3255 4606 3361 4660 nisi
3382 4608 3505 4675 quis
3543 4610 3599 4659 in

2029 4713 2113 4751 mc
2136 4699 2418 4757 manserit,
2444 4697 2677 4750 mittitur
2704 4696 2849 4750 l'oras
2872 4695 3011 4749 sicut
3039 4697 3266 4764 palmes,
3295 4707 3346 4750 et
3365 4699 3595 4764 arescit;

2028 4797 2078 4842 et
2114 4788 2372 4857 colligunt
2405 4802 2552 4850 eum,
2588 4797 2641 4839 et
2672 4787 2725 4840 in
2766 4787 2942 4854 ignem
2973 4788 3213 4852 mittunt,
3248 4798 3300 4841 et
3324 4789 3597 4843 comburi.

2029 4885 2140 4933 tur.
2178 4897 2195 4928 ι
2246 4880 2301 4931 Si
2344 4893 2471 4932 vero
2507 4893 2726 4946 quoque
2746 4876 3020 4931 Christum
3071 4878 3271 4931 imitari
3306 4881 3599 4948 vivereque

2032 4968 2325 5021 secundum
2376 4969 2554 5030 illum,
2591 4970 2642 5021 in
2683 4966 2900 5020 Christo
2932 4968 3115 5021 vivere
3156 4977 3262 5032 est,
3297 4971 3399 5023 hoc
3432 4976 3596 5024 etiam

2031 5072 2115 5114 est
2144 5076 2279 5129 opus
2311 5061 2627 5123 voluntatis,
2663 5059 2881 5128 quando
2924 5058 3021 5113 Dei
3071 5061 3343 5117 mandatis
3381 5063 3597 5115 'ohedit.

2032 5153 2501 5219 Quemadmodum
2577 5152 2668 5204 ille
2726 5166 2952 5203 suarum
3010 5152 3350 5208 voluntatum
3400 5154 3599 5207 divinte

2033 5242 2266 5311 subjecit
2290 5243 2602 5308 humanam,
2634 5251 2801 5310 utque
2850 5243 3007 5298 nobis
3049 5243 3153 5297 hoc
3210 5245 3519 5298 ostenderet
3547 5252 3599 5295 et

2033 5345 2195 5391 rectae
2259 5335 2383 5389 vitae
2438 5336 2717 5403 exemplar
2778 5335 3134 5404 relinqueret,
3200 5344 3427 5388 mortem
3501 5351 3598 5401 pro

2033 5426 2259 5489 mundo,
2281 5442 2405 5481 cum
2424 5427 2666 5497 oportuit
2687 5430 2845 5487 mori,
2875 5445 2981 5480 non
3006 5426 3216 5490 abnuit;
3273 5427 3592 5493 priusquam

2034 5530 2214 5574 autem
2250 5520 2486 5572 venisset
2513 5529 2749 5586 tempus,
2795 5519 3115 5585 deprecatus
3156 5525 3259 5577 est,
3304 5516 3599 5568 ostendens

2033 5615 2177 5683 quod
2228 5628 2336 5665 non
2370 5610 2686 5678 sibimetipsi
2723 5611 2956 5678 placeret
2998 5610 3049 5661 in
3085 5607 3446 5676 passionibns.
3479 5609 3598 5674 sed,

2036 5716 2094 5759 ut
2136 5706 2210 5757 ait
2242 5704 2461 5765 Paulus,
2494 5702 2750 5756 obediens
2809 5701 2984 5753 lactus
3042 5699 3105 5751 ad
3151 5713 3367 5752 crucem
3424 5712 3594 5765 venit,

2036 5796 2192 5866 quasi
2229 5811 2331 5851 non
2367 5811 2528 5851 unam
2570 5794 3034 5858 voluatatcm,aut
3066 5806 3130 5846 ex
3157 5792 3363 5848 duabus
3400 5809 3597 5861 unam,
