3982 6208
454 349 562 414 ’127

929 600 1791 801 ΝΙΚΟΛΑΟΥ

1284 1094 1702 1207 ΚΑΤΑ
1775 1097 2825 1254 ΤΟΚΙΖΟΝΤΩΝ.

1122 1490 1240 1642 Ν
1259 1491 1898 1650 ICOLAI
2025 1497 3003 1655 CABASlLfE

1186 1998 1768 2115 CONTRA
1861 2001 2926 2122 FENERATORES.

1708 354 2019 416 NlCOLAl
2045 356 2427 418 CABASILE
3560 357 3655 419 728

1883 907 2254 998 ΛΟΓΟΣ

1856 1779 2256 1874 SERMO

3371 2379 3544 2440 prodiit
3583 2377 3663 2426 Sa-

443 2373 615 2424 Crfccc
643 2372 811 2440 fdidjt
849 2375 999 2440 David
1031 2373 1349 2440 Hmschelius
1378 2375 1504 2440 Aug,
1549 2374 1747 2424 Vindel.
1777 2375 1892 2424 12595
1923 2378 1987 2427 i°.
2025 2378 2112 2440 sed
2147 2381 2310 2428 minus
2335 2377 2574 2440 integre;
2614 2379 2808 2439 eadem,
2837 2383 2890 2427 ut
2920 2381 3072 2435 aiunt,
3106 2376 3309 2440 integra

506 2393 615 2419 ’ἴε-(ΣΒ
655 2393 811 2422 σιιιιιιιι
852 2393 999 2424 uavm
1035 2393 1349 2425 "(BSCHBIIIIS
1378 2393 1504 2426 Αιιιι.
1554 2393 1747 2424 ΥΙΠΠΡΙ.
1777 2393 1891 2424 Ιῗιυῧ
1923 2393 1987 2427 θ’.
2025 2393 2112 2426 seu
2147 2393 2310 2428 minus
2335 2393 2439 2426 ιηιρ

506 2431 675 2483 mnscii
703 2435 834 2498 1604,
860 2435 929 2495 4ο,
954 2450 1063 2485 cum
1093 2437 1348 2498 Epiphanii
1382 2435 1606 2486 oratione
1633 2442 1681 2486 in
1709 2439 2019 2497 Sepulturam
2045 2439 2227 2488 Christi
2263 2447 2347 2498 ;at
2369 2443 2417 2487 in
2442 2393 2474 2487 ﬁ

2481 2439 2636 2487 uobus
2659 2441 3024 2500 exemplaribus
3065 2439 3398 2489 Samosctanze
3435 2441 3659 2489 editionis

507 2509 618 2564 quas
641 2495 930 2555 evolrimus,
945 2511 1049 2564 ⁸ιιιιο
1076 2495 1373 2560 umnam,
1399 2499 1558 2564 altero
1581 2499 1753 2564 Regio,
1768 2495 1888 2564 nini]
1909 2501 2120 2564 amplius
2142 2495 2276 2552 inest
2295 2514 2438 2564 quam
2462 2499 2722 2564 Epiphanii
2745 2495 2916 2552 oratio.
2935 2501 3297 2553 Heaschelianm
3320 2508 3479 2552 tamen
3498 2501 3664 2552 editio-

505 2559 582 2606 nis
609 2559 797 2607 lacunas
819 2561 1152 2624 supplevimus
1177 2576 1273 2625 ope
1304 2563 1446 2613 codd.
1473 2574 1587 2610 mss.
1617 2559 1772 2611 Paris.
1796 2561 1888 2610 970
1922 2570 1974 2610 et
1996 2559 2142 2611 1215.

516 2721 652 2776 Sunt
678 2724 768 2793 qui
803 2724 942 2778 male
965 2724 1134 2788 ducti,
1162 2733 1215 2779 et
1247 2723 1433 2778 nescio
1463 2723 1664 2794 quibus
1693 2724 2003 2782 rationibus
2033 2751 2045 2784 Α

2177 2723 2315 2780 Εἰσὶ.
2349 2723 2404 2776 οἵ
2425 2739 2554 2791 φασι
2576 2722 2665 2775 τδν
2687 2721 3012 2791 ἀναιροῦντα
3031 2722 3122 2776 τὸν
3138 2723 3302 2777 τόκον
3319 2724 3506 2791 νόμον,
3549 2716 3662 2792 μηδ’

448 2814 559 2868 nixi
597 2825 914 2882 autument,
949 2816 1144 2887 legem,
1174 2832 1280 2886 qua
1323 2815 1586 2871 feneratio
1637 2816 2006 2882 interdicitur,

447 2922 688 2970 servare,
719 2908 867 2962 nullo
908 2909 1066 2964 modo
1097 2909 1463 2964 necessarium
1495 2923 1648 2974 esse,
1678 2923 1864 2963 verum
1893 2925 2010 2964 ser-

445 3007 632 3052 vantes
655 3013 774 3052 eam
816 3000 1010 3055 mereri
1045 2999 1280 3064 laudem,
1316 2999 1780 3068 transgredientes
1824 3015 2010 3068 repre-

447 3088 759 3143 hensionem
793 3105 898 3144 non
927 3089 1143 3144 mereri.
1171 3091 1434 3153 Primum,
1464 3090 1664 3143 nullam
1701 3092 1875 3161 legum
1913 3106 2011 3144 an.

447 3179 718 3248 tiquarum
755 3182 826 3235 ita
869 3181 1097 3251 positam
1131 3198 1194 3237 ac
1225 3183 1388 3236 latam
1420 3183 1626 3245 videas,
1671 3191 1727 3236 ut
1753 3199 1872 3237 eam
1913 3200 2010 3238 vo-

448 3272 684 3326 lentibus
714 3282 988 3342 proterere
1020 3274 1223 3329 licitum
1248 3275 1339 3335 sit.
1369 3275 1460 3330 scd
1499 3275 1678 3329 omnis
1707 3283 2014 3344 transgres-

447 3364 530 3418 sio
590 3373 644 3418 et
687 3365 1053 3421 inobedieutia
1105 3367 1410 3422 mercedem
1461 3381 1613 3420 suam
1664 3377 2009 3434 acceperunt.

447 3455 648 3510 Deinde
681 3457 940 3512 feneratio
973 3459 1109 3514 inter
1166 3458 1393 3513 crimina
1434 3459 1576 3512 haud
1613 3467 2010 3522 numeraretur,

447 3562 549 3601 nec
587 3546 892 3604 fenerantes
941 3551 1154 3619 probris
1205 3550 1631 3614 incesserentur,
1682 3551 1726 3605 si
1774 3552 1878 3604 ista
1920 3565 2012 3604 ra-

447 3639 596 3695 tione
649 3642 859 3696 lucrum
898 3640 1078 3696 facere
1127 3643 1344 3707 liceret;
1379 3659 1638 3698 concessa
1673 3645 1815 3696 enim
1854 3655 2013 3695 nemo

445 3731 566 3801 jure
591 3733 872 3802 vituperet.
909 3732 1063 3788 Nunc
1097 3743 1276 3788 autem
1307 3733 1470 3789 David
1504 3735 1616 3802 ipse
1645 3733 1842 3787 factum
1877 3732 2016 3785 istuc

449 3823 505 3877 in
541 3823 768 3878 crimine
797 3824 970 3895 ponit,
1001 3835 1055 3880 et
1085 3826 1139 3879 in
1170 3826 1238 3881 iis
1286 3842 1406 3895 qua:
1454 3826 1674 3881 sceleris
1704 3833 2012 3894 arguuntur

449 3926 633 3985 aperte
661 3924 930 3972 numerat.
955 3915 1020 3971 Et
1047 3918 1246 3988 partim
1273 3919 1512 3989 quidem,
1535 3919 1662 3972 dum
1687 3917 2011 3986 ﬂagitiosam

449 4009 724 4063 civitatem
763 4009 937 4063 reddit
982 4019 1164 4064 notam
1212 4011 1488 4073 munibus,
1541 4011 1592 4063 in
1632 4010 1752 4079 ejus
1781 4024 2012 4063 accusa-

2109 2814 2358 2883 ἡντινοῦν
2406 2816 2654 2884 ἀνάγκην
2701 2808 2840 2867 εἶναι
2883 2815 3210 2883 φυλάττειν’
3258 2816 3378 2869 ἀλλ’
3419 2810 3526 2868 οἷον
3563 2817 3662 2876 τοῖς

2113 2905 2344 2970 σώζουσι
2377 2906 2475 2976 μὲν
2523 2907 2580 2958 ὲν
2604 2906 2809 2976 ἐπαίνῳ
2831 2901 2992 2970 εἶναι,
3023 2906 3381 2975 ὑπερϐαίνειν
3409 2907 3463 2958 δὲ
3493 2906 3661 2975 βουλο-

2115 2999 2296 3066 μένοις
2345 2997 2542 3062 ὲξεϊναι
2591 3015 2606 3030 ο
2657 2997 2838 3062 κακῶς
2869 2999 3090 3061 εἰδότες,
3125 3000 3218 3052 καὶ
3281 3000 3380 3052 ούκ
3410 2994 3521 3052 οῖδα
3564 2999 3662 3050 τίσι

2113 3090 2383 3158 χρώμενοι
2421 3090 2721 3158 λογισμοῖς.
2772 3091 2992 3160 Πρῶτον
3055 3089 3156 3160 μὲν
3196 3090 3315 3162 γὰρ
3363 3091 3542 3144 οὐδένα
3591 3105 3662 3150 τις

2111 3179 2179 3232 ἂν
2237 3179 2336 3233 ῐδοι
2379 3181 2488 3234 τῶν
2536 3181 2784 3234 παλαιῶν
2827 3181 3010 3240 νόμων
3045 3181 3189 3235 οὕτω
3229 3183 3506 3254 κείμενον,
3541 3181 3664 3233 ὥστε

2117 3270 2318 3335 ἐξεῖναι
2347 3274 2460 3336 τοῖς
2491 3271 2835 3343 βουλομένοις
2861 3275 3076 3340 πατεῖν,
3110 3273 3248 3327 ἀλλά
3311 3276 3457 3327 πᾶσα
3509 3271 3666 3341 stipi-

2113 3365 2269 3426 6act;
2311 3365 2406 3417 καὶ
2449 3367 2698 3435 παραγοὴ
2749 3365 2939 3418 ἔλαϐεν
2975 3365 3184 3419 ἔνδικον
3227 3364 3663 3436 μισθαποδοσίαν.

2119 3452 2351 3504 Ἔπειτα
2409 3454 2548 3522 μετὰ
2589 3455 2699 3506 τῶν
2755 3455 3120 3525 ἐγκλημάτων
3171 3457 3284 3509 οὐκ
3338 3457 3404 3509 ἂν
3458 3458 3486 3508 ὀ
3528 3457 3667 3512 τόκος

2117 3543 2390 3606 ἐτάττετο,
2420 3545 2530 3596 οὐδ’
2555 3547 2622 3598 ἂν
2651 3545 2757 3597 ἔδει
2777 3546 3056 3616 διασύρειν
3079 3547 3226 3609 εἴτις
3247 3549 3546 3618 ἐχρήσατο,
3565 3545 3667 3612 είγε

2115 3633 2256 3686 οὕτω
2275 3635 2574 3706 κερδαίνειν
2591 3635 2718 3705 ὲξῆν
2737 3651 2749 3666 ⁸
2778 3638 3027 3707 περὶγὰρ
3049 3639 3152 3690 τῶν
3171 3639 3666 3709 συγκεχωρημένων

2116 3726 2224 3779 οὐδ’
2251 3725 2317 3779 ἂν
2353 3721 2431 3789 εἷς
2464 3727 2764 3794 ἑγκαλοῐτο.
2801 3727 2918 3780 Νῦν
2949 3728 3006 3780 δὲ
3033 3728 3198 3782 Δασὶδ
3237 3730 3408 3792 αὐτὸς
3437 3727 3666 3797 ἔγκλημα

2115 3817 2176 3869 τὸ
2217 3817 2447 3886 πρᾶγμα
2481 3817 2742 3882 ποιεῖται,
2783 3817 2878 3871 καὶ
2911 3820 3051 3887 μετά
3091 3819 3200 3870 τῶν
3239 3817 3666 3887 διαϐαλλομένων

2116 3907 2298 3978 τίθησι
2317 3906 2562 3977 φανερῶς
2592 3922 2606 3936 ·
2641 3908 2736 3961 καὶ
2769 3908 2925 3962 τοῦτο
2969 3908 3068 3978 μὲν
3099 3907 3198 3980 τὴν
3227 3909 3480 3980 πονηρὰν
3504 3905 3666 3977 στηλι-

2119 3998 2289 4051 τεύων
2339 3998 2516 4063 πόλιν,
2567 3999 2665 4052 σὺν
2718 3999 2942 4065 ἅπασιν,
2983 3999 3123 4070 ὑπὲρ
3181 4015 3256 4054 ων
3318 4001 3541 4061 ἐλαύνει,
3585 3996 3668 4050 καὶ

453 4102 598 4152 t'one
627 4108 679 4170 et
713 4098 816 4151 hoc
847 4113 952 4151 non
989 4107 1126 4152 tacet
1162 4115 1176 4151 :
1213 4117 1230 4148 ι
1267 4097 1331 4150 Ει
1362 4099 1536 4160 labor,
1575 4097 1786 4165 inquit,
1815 4095 1869 4149 in
1897 4110 2014 4149 me-

2120 4089 2277 4144 τοῦτο
2307 4091 2617 4160 μέμφεται·
2655 4108 2672 4140 ι
2708 4091 2818 4142 Καὶ
2851 4091 3049 4160 ἀνομία
3089 4069 3182 4143 καὶ
3227 4091 3404 4154 κόπος
3445 4091 3499 4142 ἐν
3535 4087 3667 4156 μέσῳ

451 4187 542 4242 dio
573 4189 710 4257 ejus,
743 4197 796 4242 et
824 4189 1090 4258 injustitia
1117 4207 1134 4245 :
1159 4199 1212 4242 et
1241 4205 1350 4243 non
1381 4189 1576 4243 defecit
1600 4190 1665 4241 de
1687 4188 1879 4256 plateis
1899 4188 2016 4255 ejus

455 4296 619 4334 usura
667 4287 720 4333 et
767 4277 925 4332 dolus
979 4277 1032 4340 ¹;
1077 4296 1096 4328 ι
1128 4278 1322 4345 partim
1363 4278 1492 4330 dum
1525 4291 1686 4344 super
1717 4274 2016 4328 Salvatoris

453 4371 684 4423 adventu
724 4370 903 4421 laetum
943 4365 1101 4420 aﬂerl
1133 4367 1418 4431 nuntium,
1472 4374 1525 4420 et
1574 4367 1793 4435 quantis
1843 4380 2015 4435 genus

452 4460 752 4513 humanum
787 4456 1108 4525 dignaturus
1156 4457 1228 4509 sit
1277 4455 1453 4516 bonis.
1489 4457 1705 4523 quantis
1731 4465 2017 4524 erepturus

456 4549 634 4611 malis,
666 4547 916 4616 explicat,
951 4561 1172 4601 usuram
1208 4557 1256 4602 et
1301 4547 1567 4601 malorum
1620 4548 1899 4601 cumulum
1934 4547 2016 4599 in-

454 4649 696 4697 sectatur
731 4657 744 4694 :
783 4639 890 4693 «Ex
923 4653 1118 4706 usura,
1151 4639 1346 4709 inquit,
1377 4648 1429 4694 et
1458 4639 1741 4709 iniquitate
1770 4639 2020 4694 liberabit

454 4732 668 4788 animas
697 4746 880 4786 eorum
913 4732 986 4786 ’.ι
1018 4729 1081 4785 Et
1107 4731 1234 4785 dum
1271 4731 1557 4801 vituperat,
1593 4741 1645 4785 et
1665 4732 1794 4784 dum
1822 4731 2019 4800 iniqui-

456 4825 576 4891 tati,
603 4823 728 4878 dolo
777 4832 830 4878 et
859 4823 1140 4891 injuslitiae
1170 4839 1288 4879 eam
1322 4823 1558 4894 copulat.
1586 4824 2014 4894 magnitudinem

457 4915 682 4970 sceleris
715 4914 1075 4969 demonstrat.
1810 4911 1826 4924 '

528 5008 610 5062 Ad
649 5008 762 5062 bazc
791 5008 1109 5072 videamus,
1144 5021 1313 5076 quare
1362 5007 1416 5061 in
1462 5017 1619 5078 gente
1666 5007 2016 5064 Hebraeorum

458 5099 594 5154 adeo
629 5113 822 5168 magna
860 5107 915 5155 et
943 5114 973 5152 e
1021 5106 1098 5152 tot
1141 5098 1391 5152 tribubus
1449 5100 1758 5163 commista,
1804 5101 1858 5154 in
1912 5117 2018 5170 qua

457 5191 686 5246 multum
723 5198 840 5244 erat
873 5189 1126 5244 vitiorum
1149 5229 1163 5254 ,
1199 5206 1390 5259 parum
1441 5191 1762 5260 probitatis,
1797 5193 1880 5248 lex
1917 5195 2018 5248 ista

457 5283 754 5338 obtinuerit
776 5282 830 5336 in
857 5297 1044 5336 omnes
1068 5285 1449 5347 communiter,
1473 5293 1524 5338 et
1551 5301 1737 5350 usura,
1767 5301 1870 5340 una
1897 5304 2020 5342 cum

2118 4182 2310 4250 αὐτῆς,
2331 4182 2422 4233 καὶ
2444 4180 2648 4246 ἀδικία,
2668 4183 2762 4234 καὶ
2786 4182 2884 4234 οὐκ
2915 4182 3162 4248 ἐξέλιπεν
3186 4182 3250 4234 ὲκ
3286 4183 3393 4235 τῶν
3417 4177 3666 4233 πλατειῶν

2118 4273 2290 4342 αὐτῆς
2319 4273 2478 4335 τόκος
2507 4273 2600 4324 καὶ
2636 4272 2786 4335 δόλος
2809 4288 2824 4304 ο
2861 4291 2880 4325 ι
2914 4275 3072 4325 τοῦτο
3107 4273 3152 4326 δ’
3174 4275 3230 4327 ὲν
3253 4269 3339 4338 οἷς
3372 4274 3468 4344 τὴν
3497 4267 3664 4336 Σωτῆ-

2122 4379 2211 4431 ρος
2238 4360 2650 4430 εὐαγγελίζεται
2682 4363 3005 4432 παρουσίαν,
3039 4364 3134 4418 καὶ
3162 4364 3293 4418 οἵων
3321 4364 3418 4435 μὲν
3438 4361 3660 4428 ἀξιώσει.

2119 4451 2248 4504 οἴων
2292 4451 2349 4504 δὲ
2393 4453 2691 4516 ἀπαλλάξει
2723 4453 2784 4508 τδ
2827 4455 3002 4521 γένος,
3035 4455 3125 4507 τδν
3158 4455 3318 4509 τόκον
3356 4453 3449 4507 τοῦ
3482 4450 3664 4505 κύκλου

2107 4544 2393 4612 ,γράφεται
2425 4545 2533 4596 τῶν
2569 4544 2774 4610 κακῶν,
2811 4563 2828 4595 ι
2868 4547 2975 4599 Καὶ
3004 4547 3068 4598 ὲκ
3102 4547 3286 4611 τόκου,
3319 4545 3472 4616 φησι,
3505 4542 3592 4596 καὶ
3615 4537 3666 4602 ἒξ

2121 4635 2334 4698 ἀδικίας
2387 4635 2722 4706 λυτρώσεται
2759 4637 2857 4699 τάς
2881 4637 3060 4706 ψυχὰς
3100 4637 3317 4691 αὐτῶνθ
3379 4656 3398 4688 ι
3461 4635 3549 4689 καὶ
3593 4626 3666 4692 οἷς

2120 4727 2383 4798 διασύρει,
2419 4729 2515 4782 καὶ
2544 4723 2626 4792 οἷς
2660 4730 2878 4799 ἀνομία,
2915 4729 3007 4782 καὶ
3037 4730 3193 4800 δόλῳ,
3231 4730 3325 4783 καὶ
3355 4729 3531 4797 ἀδικίᾳ
3551 4741 3662 4776 συν-

2120 4819 2326 4885 τάττει,
2354 4821 2416 4873 τὸ
2444 4822 2668 4891 μέγεθος
2689 4821 2790 4890 τῆς
2813 4821 3076 4890 πονηρίας
3104 4821 3400 4891 ἐκφαίνων.

2165 5001 2402 5066 ’Ἄλλως
2451 5019 2511 5054 τε
2567 5000 2880 5070 σκοπῶμεν,
2920 4999 3036 5053 ἀνθ’
3067 5002 3192 5053 ὅτου
3239 4999 3348 5052 τῶν
3395 4993 3660 5068 Ἐϐραίων.

2122 5094 2313 5162 γένους
2346 5092 2602 5145 τοσούτου
2637 5093 2731 5144 καὶ
2788 5089 2929 5143 οὔτω
2962 5091 3288 5160 συμμιγοῦς,
3333 5092 3390 5142 ὲν
3423 5083 3502 5151 οἷς
3541 5083 3659 5137 πολὺ

2127 5184 2226 5256 μὲν
2250 5186 2308 5237 τὸ
2331 5185 2554 5252 φαῦλον,
2581 5184 2762 5248 ὀλίγον
2787 5183 2843 5235 δὲ
2872 5184 2934 5234 τὸ
2961 5185 3217 5252 χρηστὸν,
3244 5181 3455 5235 πάντων
3475 5177 3661 5244 δνόμτκ

2123 5271 2276 5339 οὗτος
2325 5277 2543 5346 ἐκράτει
2595 5276 2768 5345 κοινῇ,
2827 5274 2920 5326 καὶ
2985 5272 3412 5342 τῆςπολιτείας
3452 5271 3480 5322 ὁ
3516 5266 3658 5324 τόκος

460 5375 629 5437 caede,
665 5374 830 5439 furto,
870 5374 1102 5443 aliisque
1139 5374 1286 5428 vitiis
1320 5390 1350 5427 e
1395 5377 1669 5443 republica
1719 5375 1873 5446 pulsa
1928 5380 2019 5433 sit.

2126 5371 2449 5442 ἀπελήλατο,
2484 5371 2620 5437 μετὰ
2655 5370 2812 5438 φόνου
2845 5370 2940 5422 καὶ
2968 5368 3172 5438 κλοπῆς
3203 5367 3427 5422 καὶτῶν
3449 5366 3661 5430 ἀπειρη-

461 5466 518 5520 Si
547 5467 689 5522 enim
719 5465 963 5521 criminis
1000 5481 1190 5536 expers
1234 5474 1352 5520 erat
1378 5505 1394 5530 ,
1428 5467 1571 5521 unde
1602 5469 1700 5536 legi
1740 5479 1884 5522 tanta
1922 5486 2020 5538 po-

459 5557 664 5611 testas?
690 5556 799 5612 Nec
837 5556 979 5612 enim
1025 5557 1313 5613 excelsitas
1349 5557 1592 5626 quaedam
1624 5558 1789 5611 animi
1841 5560 2021 5614 multi-

463 5647 702 5702 tudinem
739 5649 840 5703 sub
870 5649 1040 5718 legem
1092 5649 1437 5719 subjiciebat,
1481 5649 1737 5718 quoniam
1773 5667 1876 5706 non
1908 5669 2022 5707 om-

539 5781 554 5812 ⁸
586 5783 730 5839 l‘sal.
760 5800 868 5852 Liv,
907 5787 987 5853 ll,
1018 5787 1098 5841 l3.
1180 5789 1199 5817 ’
1235 5787 1357 5843 l‘sal
1419 5803 1564 5848 ιλιι,
1604 5789 1686 5842 Li.

2133 5466 2324 5534 μένων.
2367 5464 2430 5516 El
2456 5465 2562 5535 γὰρ
2587 5463 2873 5526 ἀνεύθυνος
2895 5465 2922 5515 δ
2941 5463 3096 5521 τόκος
3121 5457 3208 5532 ἧν,
3239 5461 3399 5513 πίθεν
3424 5456 3497 5526 τῷ
3526 5455 3658 5521 νόμῳ

2132 5555 2193 5609 τὸ
2227 5557 2484 5626 κρατεϊν;
2517 5556 2590 5608 Οὐ
2623 5559 2732 5624 γὰρ
2753 5556 2818 5622 δὴ
2847 5553 3214 5626 μεγαλοψυχία
3235 5555 3291 5605 τι
3322 5549 3516 5617 πλῆθος
3539 5541 3660 5614 ἧγεν

2134 5651 2224 5703 ἐπὶ
2283 5650 2374 5704 τὸν
2417 5649 2600 5720 νόμον,
2659 5651 2740 5703 ὅτι
2793 5649 2867 5720 μὴ
2929 5649 3134 5714 πάντας
3169 5643 3497 5716 ἐλευθερίους
3534 5634 3660 5690 εἶναι
