3920 6206
247 345 336 411 ’129
1261 355 1544 418 ORATIO
1573 360 1880 422 CONTRA
1920 363 2496 427 FENERATORES.
3377 363 3480 423 730

241 464 475 532 δώσομεν
502 465 593 517 καὶ
621 466 1054 536 μεγαλοψύχους,
1085 462 1160 522 ὧν
1191 472 1450 538 φειδωλία
1481 475 1576 526 καὶ
1603 476 1793 546 φιλαρσ

1923 497 1998 536 res
2027 483 2278 537 liberales
2314 494 2365 538 et
2404 486 2509 536 alta
2549 494 2731 538 mente
2768 481 3025 552 perditos
3068 480 3239 536 fuisse
3271 491 3479 534 eertum

243 554 395 621 γυρία
455 557 550 608 καὶ
600 557 922 625 μικρολογία
984 560 1076 611 καὶ
1121 560 1446 633 γλισχρότης
1492 566 1812 634 ἐγκλήματα

245 645 342 718 [Ian
370 646 664 713 φειδωλίας
693 665 748 702 κ.
779 665 830 700 τ.
850 653 910 703 λ.
942 651 1036 702 καὶ
1052 651 1441 722 γλισχρότητος
1467 656 1810 728 ἐγκλήματα]

245 741 535 807 πανταχοῦ.
571 740 762 793 Καίτοι
803 741 1052 812 μοιχείας
1090 745 1190 814 μὲν
1240 747 1335 798 καί¹
1370 748 1536 815 φόνου
1572 752 1666 801 καὶ
1713 749 1807 801 τοῦ

247 834 611 900 τοιχωρυχεῖν,
646 833 744 886 καί⁸
802 835 849 887 εί
896 835 970 905 μὴ
1003 834 1160 899 δίκας
1196 838 1224 889 ό
1264 837 1426 907 νόμος
1461 839 1648 906 ἐτίθει,
1702 841 1810 894 κᾶν

251 925 446 993 ἀπῆγον
471 925 518 975 οῖ
551 924 806 987 κίνδυνοι,
841 926 960 994 μεθ’
984 923 1060 983 ὧν
1090 929 1306 996 ἀνάγκη
1333 931 1401 982 τὰ
1429 931 1657 985 τοιαῦτα
1687 932 1810 984 τολ-

259 1013 444 1081 μᾶσθαι
467 1030 481 1044 ·
511 1013 672 1065 τόκου
695 1014 751 1066 δὲ
773 1015 945 1078 οὐδεὶς
967 1019 1183 1086 ἡγεῖται
1202 1019 1384 1085 πόνος,
1401 1021 1522 1073 ούδέ
1546 1023 1808 1076 κινδύνων

260 1103 397 1172 γέμει
426 1103 486 1154 τὸ
521 1104 778 1173 πρᾶγμα,
802 1105 938 1158 ἀλλὰ
964 1107 1046 1160 δεῖ
1075 1108 1219 1161 τοῦτ’
1245 1107 1378 1162 αὐτὸ
1404 1111 1567 1180 μόνον
1593 1113 1811 1180 κερδαί-

262 1211 355 1246 νειν
382 1196 987 1263 πραγματευσαμένους
1010 1198 1185 1255 οὐδέν.
1219 1199 1284 1253 Τί
1317 1201 1500 1252 τοίνυν
1533 1202 1592 1253 τὸ
1621 1203 1809 1254 πεῖθον

180 1275 225 1366 ⁸.,
263 1285 434 1354 ἀνδρας
499 1285 909 1356 ἀνελευθέρους,

232 1376 664 1445 ’.ἀπηλλαγμένου
697 1383 1085 1448 καταφρονεῖν,
1112 1383 1159 1432 εί
1186 1381 1260 1450 μὴ
1289 1382 1496 1449 σφόδρα
1517 1399 1598 1443 τις
1630 1383 1810 1435 ἔκειτο

265 1466 492 1531 κόλασιςς
524 1465 646 1517 Ὅτι
677 1465 733 1517 δὲ
765 1464 937 1529 οὕτως
969 1467 1190 1537 ᾐδοῦντο
1220 1469 1309 1520 τὸν
1339 1469 1502 1539 νόμον
1548 1469 1809 1538 Ἑϐραῖοι,

975 1289 1200 1358 κέρδους
1257 1290 1403 1344 οῦτω
1459 1293 1808 1362 πραγμάτων

273 1555 402 1626 ξὴλον
440 1555 497 1619 ἐξ
535 1551 610 1607 ὧν
642 1559 737 1608 καὶ
777 1555 872 1609 νῦν
910 1559 990 1610 ἔτι
1020 1559 1120 1628 τὴν
1153 1560 1378 1628 γνώμην
1414 1559 1670 1624 σώζουσι.
1717 1561 1811 1612 καὶ

268 1650 394 1717 κσ.νῇ
424 1647 626 1716 τιμῶσι
657 1648 749 1700 τὸν
779 1649 966 1718 νόμον,
1007 1652 1184 1703 καίτοι
1218 1650 1428 1702 πολλῶν
1473 1651 1636 1703 ’ἑνεκα
1676 1651 1808 1702 πολὺ

263 1740 356 1791 τῶν
375 1737 624 1792 εταλαιῶν
650 1739 996 1811 φαυλοτέρως
1025 1743 1156 1810 περὶ
1181 1741 1276 1812 τὴν
1305 1741 1603 1811 θρησκείαν
1634 1743 1812 1794 διατε-

262 1832 446 1894 θέντες.

319 1928 440 1980 Ὅτε
469 1924 652 1978 τοίνυν
685 1921 960 1996 Ἑϐραίοις
1007 1923 1068 1976 τὸ
1117 1925 1316 1994 χρῆσαι
1373 1924 1545 1976 τόκων
1581 1922 1809 1986 εὐθύνας

256 2015 404 2086 εῖχεν,
457 2013 539 2080 οἷς
571 2016 745 2071 πολλὰ
802 2017 910 2069 τῶν
967 2017 1357 2086 ἀπειρημένων
1409 2017 1807 2086 συνεχωρεῖτο’

253 2113 558 2182 Χριστιανοὶ
589 2112 710 2164 τίνα
738 2107 831 2162 τοῦ
865 2108 1091 2181 κέρδους
1126 2109 1319 2160 τούτου
1359 2106 1593 2161 δώσουσι
1631 2107 1809 2175 δίκην,

251 2201 324 2267 οἷς
349 2203 522 2255 καὶτὸ
553 2205 731 2272 μεῖναι
763 2202 924 2272 μέχρι
958 2199 1068 2253 τῶν
1110 2199 1381 2264 παλαιῶν,
1414 2198 1687 2268 ἔγκλημα,
1717 2198 1811 2250 καὶ

250 2296 306 2346 τὸ
340 2295 411 2364 μὴ
456 2295 748 2364 παρελθεῖν
783 2294 842 2345 τὸ
877 2295 1108 2361 πρᾶγμα
1146 2290 1486 2361 δικαιοσύνῃ,
1531 2287 1811 2360 βασιλείας

248 2388 390 2438 ἐστὶν
420 2387 670 2438 ἐκπεσεῖν
692 2400 705 2414 ·
740 2385 832 2436 καὶ
865 2384 971 2454 γὰρ
999 2383 1223 2453 πορνεία
1255 2383 1356 2452 μὲν
1403 2381 1632 2442 ἐκείνοις
1662 2379 1812 2432 οὐδὲν

248 2478 416 2530 ἐδόκει
444 2477 635 2541 δεινὸν,
662 2479 754 2528 καὶ
779 2475 1014 2546 καθαρὸν
1034 2471 1100 2546 ἦν
1121 2474 1355 2543 εὐθύνης
1382 2471 1634 2525 τοσοῦτον
1659 2471 1811 2538 άγοςο

258 2587 277 2619 ι
311 2569 441 2638 11αρ’
471 2570 603 2636 ἡμῖν
651 2569 785 2638 μηδὲ
819 2565 1194 2636 ὀνομαζέσθω,
1238 2583 1256 2617 ι
1295 2563 1494 2634 φησίν·
1539 2562 1676 2616 ἀλλὰ
1720 2563 1812 2615 καὶ

249 2661 539 2731 ὀφθαλμῶν
567 2661 883 2714 ἀκολάστων
913 2661 1051 2712 εἰσὶν
1088 2659 1336 2711 εύθῦναι.
1388 2658 1498 2709 Καὶ
1557 2658 1668 2716 τοῖς
1717 2654 1814 2721 μὲν

250 2753 473 2821 ὀμνύναι
503 2752 594 2805 καὶ
627 2749 788 2820 νόμος
819 2746 889 2819 ἦν
944 2765 957 2777 ·
992 2748 1088 2803 νῦν
1121 2748 1176 2800 δὲ
1209 2746 1520 2818 ὑποκριτῶν
1552 2745 1648 2797 καὶ
1674 2743 1813 2811 φαύ-

251 2845 356 2898 λων
383 2846 476 2896 καὶ⁵
493 2846 737 2897 τοιούτου
768 2843 1070 2914 κόμματος.
1096 2841 1205 2893 Καὶ
1221 2821 1460 2905 τοῖξμέν
1482 2834 1608 2905 ἐξῆν
1639 2835 1815 2904 μισεῖν

253 2937 346 2996 τὸν
378 2935 588 3005 ἐχθρὸν,
619 2933 714 2986 νῦν
746 2933 801 2985 δέ
841 2933 988 2985 τοῦτ’
1024 2933 1156 2984 αὐτὸ
1195 2929 1504 2994 κολάζεται,
1545 2927 1642 2979 καὶ
1672 2925 1815 2977 οὕτω

252 3028 388 3096 πέρα
413 3043 763 3096 συγγνωμης,
793 3024 933 3079 ὥστε
964 3023 1323 3094 ἐνισχημένου
1355 3021 1432 3090 τῷ
1463 3018 1638 3088 κακῷ,
1680 3017 1814 3088 μηδέ

251 3125 378 3193 περὶ
411 3125 514 3176 τῶν
561 3124 734 3185 ἄλλως
763 3121 1172 3192 ἡμαρτημένων
1205 3116 1588 3189 παραιτεῖσθαι
1611 3116 1815 3185 τολμᾷν

252 3216 328 3278 ὡς
361 3218 454 3270 οὐκ
500 3216 618 3269 ἐνὸν
652 3215 752 3283 τῆς
785 3215 1120 3284 συγγνώμης
1171 3214 1487 3282 τυγχάνειν,
1546 3211 1622 3280 μὴ
1675 3209 1810 3277 πρὸς

253 3312 371 3373 τοὺς
396 3309 765 3379 λελυπηκότας
795 3307 1246 3379 διηλλαγμένους,
1270 3305 1375 3357 κᾶν
1406 3305 1668 3373 μυριάκις
1685 3303 1814 3372 περὶ

255 3404 426 3457 αὐτῶν
455 3402 839 3473 μεταγνῶμεν,
875 3400 976 3454 κᾶν
1011 3399 1294 3470 ποταμοὺς
1330 3398 1582 3467 δακρύων
1612 3397 1814 3466 ἐκχέω-

257 3513 373 3564 μεν.
418 3496 524 3548 Καὶ
569 3494 714 3547 οῦτω
768 3494 828 3546 τὸ
883 3492 1046 3562 μόνον
1088 3493 1194 3544 τῶν
1224 3489 1582 3560 ἀνθρωπίνων
1629 3489 1815 3540 κακῶν

256 3585 551 3657 φάρμακον,
603 3584 834 3655 ἐδυνήθη
883 3585 1020 3652 πρὸς
1065 3581 1162 3653 τὴν
1191 3583 1345 3636 νόσον
1387 3581 1588 3651 ταύτην
1640 3581 1811 3644 οὐδὲν,

255 3679 385 3730 ἀλλὰ
413 3681 660 3749 κρεῖττον
697 3677 796 3747 μέν
821 3678 936 3728 ἐστι
960 3677 1062 3746 τῆς
1091 3677 1472 3745 πολυυμνήτου
1502 3675 1813 3745 μετανοίας,

256 3773 479 3826 καὶτῶν
531 3767 656 3826 κατ’
694 3769 864 3840 αὐτὴν
917 3768 1181 3839 ίδρώτων’
1216 3770 1464 3839 κρεῖττον
1509 3767 1565 3818 δέ
1617 3767 1817 3818 θυσιῶν

259 3865 614 3936 ῖλαστηρίων·
671 3863 976 3918 ἀπόνασθαι
1024 3862 1080 3915 δὲ
1134 3862 1245 3914 τῶν
1278 3861 1720 3930 κατορθωμάτων
1753 3861 1814 3914 οὐ

259 3959 538 4027 συγχωρεῖ,
573 3955 676 4009 κᾶν
722 3956 980 4025 ὑπερφυᾶ
1009 3972 1130 4008 τινα
1161 3954 1398 4023 τύχωσιν
1419 3953 1571 4016 ὄντα,
1627 3954 1818 4023 πόρρω

262 4052 468 4120 καὶτῆς
522 4050 759 4119 ἐσχάτης
793 4048 902 4100 τῶν
953 4048 1359 4116 ἐπαινουμένων
1394 4044 1643 4114 μερίδος·
1697 4043 1813 4096 ἀλλ’

263 4140 435 4213 ῶσπερ
469 4141 603 4210 φλὸξ
634 4141 667 4210 ἢ
699 4140 862 4209 ἀχλὺς
895 4138 1233 4203 ἐπι-(εθεῖσα,
1270 4136 1447 4188 πάντα
1485 4135 1813 4204 διέφθειρεν,

265 4228 394 4282 οὕτω
433 4231 492 4283 τὸ
527 4232 913 4299 μνησικακεῖν,
955 4226 1186 4297 ἔσχατον
1223 4227 1413 4279 κακόν.
1455 4225 1728 4294 Ἑϐραίοις
1761 4225 1818 4277 δὲ

263 4321 482 4393 ἐξῆν,τὸ
509 4323 565 4374 δὲ
594 4323 750 4374 τόκον
801 4320 1068 4383 δανείζειν
1136 4319 1422 4389 ἠλαύνετο.
1482 4318 1590 4372 Ποῦ
1641 4319 1818 4370 τοίνυν

264 4420 444 4505 κακίας
485 4417 574 4468 τὸν
612 4415 772 4467 τόκον
820 4415 1077 4482 τάξομεν,
1130 4413 1260 4466 ὅταν
1308 4412 1511 4466 ἀτόπου
1553 4411 1818 4479 πονηρίας

1912 581 2016 634 est,
2051 571 2192 624 inter
2235 589 2375 638 quos
2421 573 2710 635 tenacitas,
2746 573 2971 626 avaritia
3001 610 3014 635 ,
3058 571 3245 624 sordes
3275 570 3479 638 passim

1911 663 2185 732 vigebant.
2209 663 2377 717 Porro
2404 664 2472 718 ab
2500 664 2786 726 adulterio,
2819 679 2849 718 a
2885 666 3051 724 caede.
3083 677 3112 715 a
3143 661 3484 730 perfossione

1912 751 2199 818 parietum,
2237 756 2454 806 tametsi
2494 755 2574 805 lex
2615 768 2829 821 poenam
2866 767 2970 804 non
3013 753 3269 816 sanciret,
3299 758 3482 803 tamen

1913 843 2178 911 pericula,
2213 859 2338 897 cum
2375 844 2577 912 quibus
2608 843 2875 912 ejusmodi
2905 842 3147 896 facinora
3172 841 3485 896 necessario

1911 942 2312 1001 perpetrantur.
2348 935 2472 989 inde
2501 944 2792 988 avocarent
2819 950 2834 999 ;
2869 932 3104 987 fenerari
3155 942 3333 986 autem
3361 932 3482 984 nul-

1913 1024 1999 1077 lus
2034 1033 2258 1091 putatur
2291 1026 2462 1089 labor,
2496 1042 2595 1079 nec
2625 1035 2709 1079 est
2756 1027 3123 1092 periculosum
3166 1025 3438 1090 negotium
3464 1062 3482 1087 ,

1912 1117 2007 1171 sed
2043 1117 2096 1170 id
2133 1118 2308 1172 solum
2357 1134 2554 1187 augere
2602 1129 2872 1187 quaestum
2926 1119 3064 1172 nihil
3110 1117 3486 1172 laborantibus

1911 1207 2147 1281 dporlet.
2183 1211 2320 1278 Quid
2371 1212 2539 1280 igitur
2571 1212 2821 1265 homines
2849 1211 3076 1265 minime
3115 1211 3385 1280 ingenuos
3417 1209 3483 1262 ad

1914 1303 2126 1357 lucrum
2169 1305 2304 1357 adeo
2337 1303 2598 1357 molestiis
2634 1318 2865 1357 vacuum
2903 1303 3360 1357 contemnendum
3397 1304 3485 1356 in-

1912 1394 2158 1453 duceret,
2197 1393 2241 1445 si
2278 1401 2384 1446 tam
2421 1408 2584 1461 grave
2630 1393 2962 1462 supplicium
3005 1393 3341 1462 propositum
3379 1407 3484 1446 non

1911 1485 2096 1539 esset?
2123 1482 2380 1536 Hebraeos
2416 1493 2597 1536 autem
2632 1483 2772 1537 hanc
2807 1484 2975 1552 legem
3009 1485 3090 1538 sic
3119 1483 3398 1545 reveritos,
3421 1497 3484 1536 ex

1912 1589 1977 1628 eo
2008 1581 2171 1641 patet,
2194 1572 2336 1640 quod
2371 1572 2533 1624 etiam
2572 1571 2734 1625 hodie
2763 1573 2951 1626 eadem
2983 1583 3112 1626 sunt
3149 1571 3403 1640 opinione
3425 1585 3488 1623 ac

1913 1664 2208 1724 sententia,
2243 1673 2296 1716 et
2344 1677 2464 1715 eam
2500 1662 2708 1715 honore
2738 1672 3163 1730 prosequuntur,
3194 1660 3402 1712 tametsi
3435 1659 3488 1712 in

1916 1755 2102 1807 multis
2132 1754 2290 1821 longe
2329 1768 2490 1823 quam
2535 1752 2771 1820 majores
2807 1751 3049 1820 ipsorum
3080 1750 3328 1819 ignavius
3363 1751 3489 1805 reli-

1913 1847 2092 1914 gionis
2122 1845 2368 1898 instituta
2405 1845 2612 1897 colunt.

1983 1936 2251 2002 Quoniam
2299 1936 2460 2004 igitur
2491 1935 2662 1988 fenori
2696 1936 2824 1988 dare
2853 1931 3096 1987 Hebraeis
3121 1931 3336 1986 crimini
3365 1931 3489 1992 fuit,

1912 2030 2112 2100 quibus
2141 2030 2305 2084 multa
2335 2030 2493 2082 nobis
2518 2029 2676 2081 vetita
2712 2027 3152 2095 mdulgebantur,
3176 2039 3296 2093 quae
3320 2038 3492 2092 postne

1913 2123 1983 2178 ob
2025 2122 2328 2176 istiusmodi
2371 2122 2581 2174 lucrum
2631 2119 2974 2173 Christianos
3005 2117 3333 2173 manebunt.
3364 2115 3491 2182 qui-

1915 2213 2016 2267 bus
2041 2222 2096 2267 et
2135 2213 2435 2266 consistere
2468 2212 2518 2264 in
2554 2209 2781 2264 vetustis
2809 2209 2966 2274 culpa
3001 2215 3118 2268 est;
3151 2213 3206 2260 et
3231 2205 3488 2270 scriptam

1913 2306 2084 2374 legem
2117 2305 2328 2373 justitia
2371 2319 2476 2356 non
2513 2316 2858 2370 exsuperare,
2893 2307 2978 2352 est
3017 2312 3187 2366 regno
3225 2296 3488 2350 cmlormn

1914 2395 2429 2453 ercidereiEtenim
2464 2393 2752 2448 fornicatio
2784 2393 2894 2447 illis
2927 2408 3032 2445 non
3071 2391 3352 2443 videbatur
3381 2399 3488 2440 tam

1915 2490 2175 2553 absurda,
2203 2499 2257 2543 et
2285 2488 2590 2543 istiusmodi
2625 2485 2884 2555 ﬂagitium
2919 2485 3170 2538 dedecori
3206 2498 3312 2536 non
3343 2490 3483 2533 erat.

1917 2583 2075 2652 Apud
2110 2598 2209 2636 nos
2238 2592 2418 2634 autem
2478 2599 2496 2630 ι
2538 2595 2636 2634 nec
2666 2580 2997 2640 nominetur,
3031 2596 3049 2628 ι
3079 2576 3256 2646 inquit
3284 2574 3324 2625 ³.
3349 2573 3491 2638 Quin

1917 2678 2078 2731 etiam
2131 2685 2384 2744 aspectus
2435 2673 2670 2729 lascivus
2711 2687 2836 2726 cum
2894 2680 3116 2740 percato
3168 2667 3494 2736 coniunctus

1917 2781 2022 2824 εει.
2057 2771 2234 2837 Atque
2281 2767 2358 2820 illi
2395 2766 2614 2835 quidem
2645 2767 2834 2834 jurare
2879 2763 3042 2816 etiam
3081 2761 3196 2830 lege
3226 2756 3493 2826 jubeban-

1923 2869 2034 2933 tur.
2069 2859 2214 2928 quod
2252 2873 2397 2912 nunc
2450 2856 2882 2925 hypocrilarum,
2911 2862 2964 2906 et
3001 2851 3413 2919 improborum,
3439 2857 3494 2900 et

1918 2951 2234 3020 huiusmodi
2265 2948 2451 3003 farina:
2487 2948 2764 3002 hominum
2797 2954 2901 3001 est.
2932 2943 2994 2998 Et
3018 2943 3123 2996 illis
3148 2941 3363 3010 quidem
3395 2939 3498 2991 ini-—

1919 3045 2121 3099 micum
2173 3043 2356 3099 odisse
2420 3041 2836 3112 permittebatur
2880 3059 2894 3092 :
2940 3052 3084 3091 nune
3125 3036 3303 3104 ipsum
3355 3034 3497 3086 istuc

1842 3147 1884 3205 c
1920 3137 2162 3206 punitur,
2191 3135 2434 3204 adeoque
2474 3149 2579 3188 non
2619 3133 2938 3201 ignoscitur,
2969 3141 3027 3182 ut
3055 3130 3154 3181 hac
3190 3140 3332 3180 noxa
3363 3126 3497 3179 irre-

1917 3228 2070 3292 titus,
2108 3242 2208 3281 nec
2251 3226 2480 3280 aliorum
2524 3235 2864 3295 peccatorum
2906 3220 3113 3274 veniam
3159 3231 3350 3287 rogare
3395 3229 3494 3268 au-

1918 3320 2080 3385 deat;
2114 3322 2255 3389 quod
2292 3316 2503 3370 veniam
2541 3314 2691 3370 nullo
2729 3314 2890 3365 modo
2938 3314 3365 3377 consequantur.
3397 3301 3495 3372 qui

1917 3429 1946 3467 a
1981 3413 2184 3482 quibus
2221 3410 2330 3464 lmsi
2363 3418 2516 3470 sunt,
2553 3421 2674 3461 cum
2709 3405 2776 3459 iis
2808 3403 2860 3455 in
2895 3401 3121 3470 gratiam
3157 3415 3262 3452 non
3319 3395 3497 3449 redie-

1919 3505 2050 3565 rint,
2082 3502 2185 3558 etsi
2221 3501 2415 3554 millies
2453 3499 2665 3552 illorum
2699 3495 2978 3566 paeniteat,
3006 3491 3104 3545 etsi
3159 3488 3382 3543 ﬂumina
3424 3485 3495 3540 la-

1922 3610 2228 3668 crytnarum
2266 3591 2617 3663 profundant.
2645 3593 2822 3657 Atque
2855 3588 2925 3642 ita
2956 3584 3099 3656 quod
3129 3583 3349 3636 unicum
3378 3595 3494 3632 ma-

1922 3689 2098 3742 lorum
2153 3687 2514 3739 humanorum
2586 3680 2882 3734 remedium
2933 3685 3073 3740 erat,
3124 3674 3190 3727 ad
3247 3671 3497 3725 morbum

1921 3781 2068 3834 hunc
2113 3777 2488 3846 depellendum
2531 3772 2666 3826 nihil
2714 3771 2890 3835 valet;
2946 3768 3038 3822 sed
3113 3760 3496 3818 laudatissima

1920 3871 2318 3942 pmnitentia,et
2346 3865 2638 3921 sudoribus
2663 3865 2804 3930 ejus,
2835 3870 2892 3916 et
2919 3857 3203 3914 sacrificiis
3231 3853 3494 3924 propitiato

1921 3961 2076 4015 toriis
2104 3968 2188 4014 est
2215 3957 2507 4028 potentius.
2534 3952 2788 4008 Fructum
2821 3965 3038 4019 quoque
3079 3948 3346 4001 bonorum
3375 3958 3498 4010 ope-

1924 4069 2042 4106 rum
2071 4065 2264 4120 capere
2297 4065 2400 4102 non
2438 4049 2590 4109 sinit,
2644 4043 2998 4115 quantumvis
3044 4040 3244 4094 eximia
3274 4048 3325 4092 et
3353 4052 3501 4091 sum-

1921 4147 2027 4198 mis
2064 4145 2225 4212 digna
2274 4141 2530 4194 laudibus
2581 4139 2784 4192 fuerint
2833 4153 2848 4191 :
2897 4134 2990 4190 sed
3039 4127 3495 4202 quemadmodum

1921 4235 2117 4289 nebula
2151 4230 2438 4300 superfusa
2471 4229 2654 4283 omnia
2687 4224 2990 4294 corrumpit
3029 4262 3042 4285 ,
3073 4223 3152 4274 sic
3188 4213 3498 4284 malignitas

1920 4326 2086 4381 animi
2128 4338 2342 4394 propter
2368 4331 2603 4376 veterem
2637 4319 2892 4388 injuriam
2919 4314 3118 4369 malum
3157 4307 3495 4363 teterrimum

1921 4417 2106 4469 omnia
2151 4417 2323 4468 vitiat.
2365 4413 2607 4468 Hebraeis
2664 4420 2844 4463 tamen
2887 4408 3105 4460 licebat.
3138 4399 3500 4457 Commodare

266 4491 431 4580 χεῖρον
460 4511 679 4580 ὁρῶμεν
709 4509 914 4571 κακὸν;
948 4507 1020 4558 Τὸ
1061 4509 1195 4576 γὰρ,
1227 4507 1324 4575 τὴν
1361 4505 1458 4574 μὲν
1501 4505 1814 4574 ἐπιτρέψαι,

1925 4521 2108 4562 autem
2147 4507 2305 4564 fenus
2369 4507 2683 4572 neutiquam
2753 4501 2970 4555 licebat.
3000 4499 3118 4564 Quo
3170 4495 3334 4564 igitur
3381 4491 3502 4543 loco

264 4602 318 4653 τὸ
335 4603 407 4662 δέ,
443 4603 705 4666 κωλῦσαι,
732 4601 782 4652 τί
813 4600 877 4652 ἂν
903 4600 988 4669 εἴη
1017 4597 1321 4659 δεικνύντος
1352 4598 1575 4668 ἓτερονς

1929 4603 2071 4656 inter
2109 4601 2320 4670 piacula
2370 4613 2593 4653 usuram
2650 4594 3072 4655 constituemus,
3123 4587 3342 4656 quando
3394 4593 3501 4636 tam

247 4701 479 4756 metando
507 4697 710 4752 scelere
745 4697 880 4752 nihil
927 4697 1170 4751 videmus
1216 4697 1552 4766 improbius?
1576 4696 1711 4751 Nam
1751 4697 1840 4752 illa
1881 4699 2219 4769 permisisse,
2245 4697 2350 4751 hoc
2397 4696 2656 4758 vetuisse,
2745 4690 2874 4760 quid
2928 4688 3076 4742 aliud
3123 4700 3286 4755 quam
3354 4679 3500 4752 quod

267 4791 365 4845 dixi
399 4788 674 4844 ostendit?

327 4883 450 4940 Εἶτα
469 4887 735 4955 τολμήσει
760 4900 841 4945 τις
867 4883 1099 4952 εὐθύνης
1129 4883 1211 4935 ἔτι
1237 4883 1478 4954 καθαρὴν
1499 4884 1706 4938 τιθέναι
1736 4887 1826 4938 τὸν

267 4981 427 5044 τόκον,
454 4975 513 5033 οὗ
551 4979 938 5051 μισανθρωπία
961 4979 1056 5031 καὶ
1080 4979 1350 5032 ἀκολασία
1373 4981 1468 5031 καὶ
1495 4979 1564 5030 τά
1588 4979 1824 5048 μέγιστα

267 5074 364 5127 τῶν
399 5074 582 5127 κακῶν
625 5072 960 5141 ἁνεκτότερα
986 5071 1136 5124 δοκεῖ
1185 5071 1336 5139 παρὰ
1369 5071 1487 5139 Θεῴ
1522 5071 1821 5141 νομοθέτῃ;

269 5168 353 5218 καὶ
402 5165 558 5218 τοῦτό
600 5166 717 5216 ἐστι
753 5164 1066 5233 μαίνεσθαι,
1102 5165 1132 5232 ἢ
1164 5163 1266 5234 τὴν
1293 5162 1386 5216 τοῦ
1420 5162 1608 5216 καινοῦ
1653 5163 1819 5232 νόμου

273 5258 506 5310 παιδείαν
561 5257 730 5325 χείρω
789 5255 1031 5323 νομίζειν
1088 5255 1182 5308 τοῦ
1249 5253 1518 5308 παλαιοῦ·
1578 5257 1670 5306 καὶ
1731 5255 1823 5306 τὸν

273 5350 490 5416 Χριστὸν
510 5350 589 5409 είς
616 5349 708 5398 τὸν
739 5346 941 5414 κόσμον
973 5347 1171 5404 ἐλθεῖν.
1204 5347 1304 5398 ούκ
1335 5348 1420 5415 ἐφ’
1464 5339 1507 5414 ᾧ
1537 5346 1824 5414 πληρῶσαι

273 5442 351 5494 τὸν
376 5441 536 5510 νόμον
556 5477 572 5501 ,
601 5436 716 5491 ἀλλ’
741 5439 828 5490 ἵνα
873 5440 1108 5509 κενώσῃ.
1155 5440 1213 5491 Ei
1245 5438 1302 5490 δὲ
1333 5437 1492 5491 τοῦτο
1521 5439 1827 5507 περιφανὴς

275 5534 506 5606 ἀθεότης,
537 5539 634 5590 καὶ
660 5539 932 5607 πλήρωμα
968 5536 1060 5587 τοῦ
1093 5536 1258 5604 νόμου
1292 5536 1530 5604 Χριστός
1565 5550 1578 5563 ·
1610 5532 1826 5585 δεικνύ-

276 5642 438 5683 τωσαν
474 5629 682 5698 βέλτιον
717 5628 858 5684 εἶναι
894 5631 986 5684 καὶ
1023 5627 1482 5704 (ειλοσοιρῶτερον,
1521 5629 1708 5678 πατεῖν
1738 5624 1827 5678 τὸν

343 5807 360 5836 ⁸
389 5805 579 5876 Ephes.
617 5825 666 5873 ι’,
698 5809 748 5862 5.

2005 4884 2068 4938 Ει
2091 4883 2271 4937 adhuc
2297 4878 2517 4934 audebit
2549 4877 2672 4947 quis
2703 4889 2927 4929 usuram
2963 4888 2992 4926 a
3026 4870 3256 4926 crimine
3301 4870 3506 4923 immu-

1933 4991 2052 5030 nem
2085 4983 2339 5034 statuere,
2379 4985 2484 5038 qua
2511 4969 2693 5021 odium
2732 4968 2784 5019 in
2820 4966 3096 5030 homines,
3133 4972 3185 5016 et
3229 4961 3418 5024 libido,
3453 4968 3507 5013 et

1929 5074 2151 5137 peccata
2192 5064 2429 5116 maxima
2473 5059 2840 5114 tolerabiliora
2864 5057 3004 5126 apud
3034 5055 3202 5110 Deum
3232 5053 3506 5121 legislatu-

1931 5177 2042 5216 retn
2069 5156 2416 5226 iudicantur?
2443 5154 2502 5207 Et
2527 5153 2652 5223 quid
2677 5162 2757 5207 est
2783 5150 3046 5213 insanire,
3073 5147 3174 5203 nisi
3201 5162 3350 5200 nova:
3374 5143 3508 5211 legis

1931 5253 2272 5321 diseiplinatn
2302 5249 2469 5304 veteri
2496 5245 2808 5301 inferiorem
2837 5241 3116 5300 arbitrari,
3147 5248 3200 5293 et
3221 5235 3501 5291 Christum

1936 5349 1990 5402 in
2027 5346 2285 5399 mundum
2325 5343 2562 5405 venisse,
2595 5355 2702 5394 non
2733 5349 2792 5390 ιιι
2823 5338 2991 5405 legem
3023 5333 3290 5402 impleret,
3325 5327 3416 5381 sed
3446 5337 3507 5381 ut

1933 5444 2225 5493 emcnaret
2265 5446 2427 5502 atque
2476 5429 2788 5489 everteret?
2819 5427 2972 5492 Quod
2998 5425 3044 5478 si
3073 5427 3184 5476 haec
3215 5427 3298 5474 est
3331 5417 3510 5470 mani.-

1943 5531 2076 5583 festa
2115 5529 2388 5596 impietas,
2421 5536 2472 5579 et
2505 5522 2786 5594 plenitudo
2825 5521 2958 5588 legis
2985 5515 3234 5572 Christus
3268 5521 3370 5570 est.
3405 5511 3507 5564 do—

1935 5631 2094 5677 ceant
2123 5621 2201 5675 illi
2237 5619 2431 5674 melius
2473 5633 2534 5673 ac
2567 5615 2870 5686 sapientius
2901 5625 3022 5666 esse
3057 5615 3406 5662 contemnere
3428 5602 3507 5660 ie-
