3982 6208
449 324 552 388 ’131

1714 322 2021 384 NICOLAI
2064 323 2153 381 CA
2167 322 2450 383 BASILXE

3587 327 3682 391 732

456 463 576 519 gem
617 458 782 515 quam
816 457 1059 503 servare,
1087 449 1141 497 et
1177 455 1399 494 usuram
1438 439 1836 494 humanitatem
1871 440 2060 512 admig

2165 438 2329 505 νόμον,
2366 439 2396 505 ἢ
2431 437 2630 501 σώζειν
2653 456 2664 469 ·
2701 439 2797 494 καὶ
2845 442 3026 505 τόκον,
3073 439 3470 508 φιλανθρωπίαν
3498 441 3689 513 θαυμα-

458 540 706 603 rabilem,
749 546 803 592 et
832 536 1174 590 fraudatores
1222 535 1354 588 istos
1393 534 1894 602 compilatoresquc
1929 536 2034 588 hu-

457 632 735 688 maniores
762 643 883 682 esse
915 627 980 682 iis
1011 627 1102 696 qui
1132 628 1300 693 gratis
1336 627 1465 679 dant
1500 637 1772 679 mutuum.
1801 625 2036 680 Necesse

461 735 546 779 est
579 722 747 784 enim,
776 721 868 790 qui
907 721 1010 774 hoc
1041 733 1147 774 non
1180 729 1436 787 possunt,
1462 719 1515 771 in
1562 719 1792 772 alterum
1841 733 1871 771 e
1899 717 2038 771 duo-

460 818 562 872 bus
593 815 858 878 incidere,
889 822 982 868 aut
1014 828 1140 868 cum
1169 812 1372 867 Judzeis
1421 827 1573 866 novae
1604 811 1709 880 legi
1742 811 2034 875 obsistere,

457 922 762 977 eorumque
815 906 1042 961 insanim
1094 906 1252 975 quasi
1307 906 1600 974 quamdam
1665 905 2036 960 luereditatem

459 1000 646 1060 adire;
693 1008 788 1053 aut
832 1000 879 1054 si
916 1001 1020 1054 hoc
1057 997 1310 1068 fugiunt,
1350 998 1766 1052 fundamentum
1818 998 1961 1068 quod
2009 1013 2040 1053 a

461 1092 732 1160 principio
763 1091 1129 1147 constitutum
1166 1102 1270 1151 est.
1305 1107 1413 1145 non
1455 1091 1778 1151 convellere.
1827 1100 1880 1144 et
1915 1106 2042 1145 usu-

463 1196 580 1237 ram
614 1192 861 1238 extremo
901 1185 1171 1253 supplicio
1223 1183 1507 1242 addicere:
1547 1184 1691 1253 quod
1746 1183 2044 1252 amplecte-

463 1285 673 1335 rentur,
711 1273 754 1328 si
788 1273 870 1328 vel
901 1273 1174 1328 tantillum
1219 1282 1492 1340 saperent.

538 1364 630 1420 Sic
655 1366 802 1420 enim
841 1380 898 1419 se
937 1380 1026 1420 res
1058 1364 1242 1418 habet.
1275 1363 1574 1432 Oportebat
1607 1363 1924 1418 hominibus
1971 1362 2046 1416 ie-

465 1473 583 1528 geun
615 1458 931 1526 contingere
960 1457 1345 1526 sapientiorem
1376 1465 1431 1510 et
1459 1457 1740 1512 meliorem
1768 1475 1782 1510 :
1811 1466 1866 1512 et
1918 1457 2048 1510 ade-

469 1562 547 1602 rat
585 1550 866 1618 legislator
899 1549 1007 1619 (cui
1041 1549 1187 1605 enim
1224 1550 1276 1604 id
1329 1550 1506 1618 potius
1548 1550 2046 1618 committeretur?)

466 1640 706 1694 litteram
741 1643 892 1696 illam
934 1641 1058 1696 loco
1081 1657 1329 1696 m0vens.
1357 1641 1626 1707 Quoniam
1655 1652 1836 1696 autem
1866 1659 1894 1695 a
1920 1643 2050 1696 cha-

469 1734 632 1787 ritate
665 1734 756 1787 Dei
821 1742 875 1788 et
907 1735 1141 1803 proximi
1188 1735 1442 1789 universa
1474 1735 1558 1788 lex
1600 1737 1824 1804 pendet,
1869 1736 2048 1790 homi-

469 1824 643 1878 cidam
679 1833 851 1880 morte
881 1825 1140 1890 multane,
1188 1835 1241 1881 et
1283 1829 1610 1892 adulterum,
1648 1840 1700 1884 et
1739 1830 1910 1884 furem
1940 1871 1954 1894 ,
1999 1838 2054 1884 et

473 1913 664 1968 falsum
695 1925 883 1970 testem
920 1932 1070 1971 reum
1107 1916 1337 1982 faciens.
1371 1929 1424 1975 et
1473 1936 1696 1975 usuram
1740 1921 1962 1984 tollens,
1999 1930 2055 1976 et

470 2009 659 2062 odium
715 2010 979 2065 adversus
1027 2011 1337 2081 proximum
1394 2017 1740 2083 propulsans,
1802 2025 1856 2070 et
1911 2018 2049 2072 tales

471 2100 717 2166 qumdam
751 2101 898 2169 leges
927 2101 991 2155 ad
1031 2111 1276 2156 mutuam
1313 2107 1636 2160 charitatem
1677 2107 1931 2162 homines
1966 2109 2055 2161 in-

471 2192 728 2255 vitantes,
782 2192 960 2246 solum
1006 2204 1256 2262 poterant
1311 2198 1511 2260 facere,
1537 2209 1594 2252 ut
1641 2201 1779 2254 bene
1824 2203 2054 2258 meritus

475 2295 777 2347 amaretur,
810 2294 862 2338 et
897 2295 959 2338 ut
997 2287 1089 2354 qui
1125 2303 1230 2340 non
1264 2289 1731 2345 iurommodasset
1755 2332 1767 2354 ,
1809 2293 1856 2346 ei
1893 2296 2059 2348 vicis-

474 2374 577 2428 sim
617 2376 750 2428 nihil
787 2375 1319 2444 ineommodaretnr;
1355 2381 1405 2434 in
1436 2398 1668 2448 quorum
1703 2397 1898 2438 neutro
1930 2397 2073 2451 vera

475 2468 620 2523 inest
655 2470 988 2527 humanitas.
1021 2468 1155 2523 Nam
1190 2479 1242 2524 et
1285 2488 1391 2527 non
1431 2474 1636 2538 odisse,
1681 2478 1926 2531 nondum
1975 2489 2060 2534 est

475 2578 692 2629 amare;
733 2565 870 2617 bene
907 2566 1164 2620 meritum
1208 2577 1388 2621 autem
1421 2568 1668 2638 diligere,
1723 2586 1830 2624 non
1874 2572 2054 2624 homi-

476 2673 625 2720 nem,
659 2659 753 2712 sed
802 2659 1126 2713 beneﬁcium
1162 2663 1396 2717 amantis
1437 2671 1542 2718 est.
1575 2665 1710 2716 Cum
1755 2665 1860 2718 hoc
1900 2665 2062 2721 modo

476 2750 827 2815 charitatem,
879 2768 1001 2818 qua:
1045 2766 1072 2804 a
1129 2755 1405 2809 veteribus
1438 2755 1546 2810 illis
1595 2757 1790 2810 litteris
1828 2758 2058 2818 aberat,

479 2842 740 2896 inducere
772 2853 1048 2912 oporteret
1085 2847 1210 2913 (hoc
1244 2848 1387 2900 enim
1426 2857 1542 2899 erat
1587 2848 1796 2914 impleri
1834 2849 2058 2917 legem),

477 2949 638 3004 quem
671 2937 835 2991 alium
863 2937 994 2992 huic
1026 2940 1347 3006 provinciae,
1379 2955 1543 3009 quam
1569 2941 1737 3008 ipsius
1768 2941 1901 3011 legis
1931 2957 2063 2994 con-

479 3040 873 3083 summatorem
905 3046 1221 3100 praeponere
1251 3049 1466 3101 aaquum
1499 3033 1651 3086 erat?
1684 3033 1869 3103 Itaque
1906 3035 2067 3090 indu-

2145 530 2298 599 στὴν,
2324 532 2419 584 καὶ
2445 532 2571 593 τοὺς
2587 534 2970 604 ἀποστερητάς
2993 535 3245 587 τουτουσὶ
3264 536 3356 587 καὶ
3378 535 3687 601 λωποδύτας,

2146 623 2700 694 φιλανθρωποτέρους
2747 627 2856 679 τῶν
2908 628 3113 698 προῖκα
3164 626 3432 695 χρηστῶν,
3473 627 3691 698 ’Ᾱνάγκη

2145 718 2253 787 γάρ
2279 717 2439 770 τοῦτο
2462 718 2537 786 μὴ
2567 719 2926 788 δυναμένους,
2953 719 3124 789 ἑτέρῳ
3169 719 3316 773 δυοῖν
3344 720 3690 787 περιπίπτειν·

2145 812 2178 880 ἢ
2209 811 2346 879 μετά
2375 809 2484 862 τῶν
2519 811 2792 865 Ἰουδαίων
2816 811 2958 865 κατά
2981 813 3076 866 τοῦ
3097 811 3284 866 καινοῦ
3310 812 3496 881 στῆναι
3525 813 3693 882 νόμου,

2148 906 2244 958 καὶ
2274 906 2373 974 τῆς
2420 907 2646 959 ἐκείνων
2709 905 3121 976 κληρονομῆσαι
3180 909 3414 972 μανίαςο
3470 905 3500 975 ἢ
3554 905 3698 958 τοῦτο

2149 999 2454 1067 φεύγοντας
2483 1001 2581 1072 τὴν
2623 1002 2682 1065 ἐξ
2737 1002 2914 1072 ἀρχῆς
2958 1001 3219 1055 ὑπόθεσιν
3277 999 3460 1070 σαφῶς
3498 1001 3696 1064 είδέναι,

2150 1093 2244 1143 καὶ
2277 1091 2454 1155 δίκαις
2485 1093 2575 1146 τὸν
2595 1094 2756 1147 τόκον
2785 1096 2907 1157 ταῖς
2943 1094 3198 1163 ἐσχάταις
3224 1094 3552 1162 ὑπαγαγεῖν,
3579 1095 3699 1166 ὅπερ

2151 1183 2341 1236 ἐλοιντ’
2374 1185 2438 1238 ἂν
2459 1185 2525 1254 ἢν
2547 1185 2798 1239 ὁπωσοῦν
2831 1185 3203 1257 σωφρονῶσιν.

2228 1367 2382 1437 Ἔχει
2437 1368 2542 1435 γὰρ
2599 1367 2796 1429 οὕτως.
2833 1367 3044 1433 Ἐδειξε
3095 1385 3277 1422 τοινυν
3322 1367 3380 1420 ἐν
3422 1365 3710 1438 ἀνθρώποις

2153 1458 2411 1524 γενέσθαι
2446 1457 2908 1527 φιλοσοφώτερον.
2943 1460 3039 1511 καὶ
3085 1459 3315 1522 καλλίω,
3348 1458 3442 1511 καὶ
3473 1457 3648 1526 παρὼν
3683 1459 3710 1510 ό

2155 1552 2473 1620 νομοθέτης.
2509 1553 2606 1616 Τίς
2632 1554 2742 1622 γάρ
2774 1552 2838 1608 ἂν
2883 1552 3203 1606 ἐπιστεύετο
3229 1553 3300 1605 τὰ
3335 1551 3648 1624 γράμματα,
3679 1547 3707 1622 ἦ

2156 1644 2183 1694 δ
2207 1645 2379 1698 ταῦτα
2401 1645 2523 1706 δούς
2547 1661 2583 1716 ς.
2605 1647 2837 1698 Ἔπειτα
2868 1645 2945 1709 δὲ,
2977 1645 3024 1697 εί
3050 1646 3151 1714 τῆς
3186 1644 3326 1714 πρὸς
3357 1643 3447 1696 τὸν
3475 1643 3602 1696 Θεὸν
3629 1643 3709 1696 καὶ

2157 1737 2286 1797 τοὺς
2335 1735 2658 1805 ὁμοδούλους
2693 1736 2916 1805 ἀγάπης
2964 1736 3262 1806 ἐξήρτηται
3325 1735 3507 1803 νόμος,
3560 1735 3586 1786 δ
3630 1736 3710 1786 τὺν

2157 1821 2482 1892 ἀνδροφόνον
2496 1823 2813 1887 ἀποτιννὺς,
2839 1824 3041 1877 καὶτὸν
3069 1824 3278 1895 μοιχὸν.
3307 1824 3402 1877 καὶ
3426 1825 3515 1876 τὸν
3540 1839 3711 1892 τοιχω-

2161 1916 2344 1984 ρύχον,
2383 1915 2478 1966 καὶ
2504 1914 2602 1986 τὴν
2627 1915 2796 1986 ψευδῆ
2854 1919 3166 1986 μαρτυρίαν
3201 1915 3466 1981 ἐλαύνων,
3497 1915 3588 1968 καὶ
3629 1915 3710 1968 τὸν

2157 2009 2316 2061 τόκον
2348 2007 2616 2076 ἀναιρῶν,
2665 2009 2758 2062 καὶ
2787 2009 2847 2062 τδ
2893 2008 3032 2080 πρὸς
3061 2009 3154 2063 τὸν
3188 2009 3604 2079 πλησίον’μῖσος
3632 2009 3711 2060 ὲκ-

2160 2101 2391 2166 6ἁλλων,
2449 2102 2544 2153 καὶ
2588 2101 2822 2154 τοιοῦτοι
2860 2101 2924 2170 δή
2971 2118 3116 2164 τινες
3145 2101 3306 2170 νόμοι
3356 2100 3488 2170 πρὸς
3530 2099 3621 2168 τὴν
3644 2098 3712 2160 είς

2159 2192 2424 2263 ἀλλήλους
2442 2193 2664 2263 ἀγάπην
2687 2195 2814 2256 τοὺς
2831 2191 3150 2263 ἀνθρώπους
3172 2189 3527 2253 διατιθέντες,
3545 2189 3710 2243 τοσοῦ-

2160 2303 2251 2338 τον
2307 2286 2654 2355 ἠδυνήθησαν
2711 2287 2895 2356 μόνον,
2954 2287 3080 2339 ὅσον
3133 2285 3230 2338 τδν
3294 2285 3393 2354 μὲν
3441 2283 3711 2352 εὐεργέτην

2162 2379 2387 2446 ποιῆσαι
2406 2379 2602 2445 φιλεῖν,
2629 2379 2826 2448 δρᾶσαι
2857 2379 2913 2431 δὲ
2943 2379 3110 2448 μηδὲν
3134 2378 3309 2431 κακὸν
3329 2377 3418 2430 τὸν
3441 2375 3710 2446 ἠδικηκότα

2167 2472 2370 2541 μηδὲν·
2413 2466 2488 2526 ὧν
2535 2471 2822 2542 οὐδέτερον
2861 2471 3078 2540 ἀληθῶς
3121 2469 3528 2540 φιλανθρωπία·
3563 2468 3619 2520 τό
3659 2483 3709 2518 τε

2163 2565 2270 2629 γὰρ
2301 2561 2374 2630 μὴ
2411 2564 2612 2631 μισεῖν,
2641 2561 2794 2614 οὗπω
2815 2563 2988 2630 φιλεῖν
3011 2565 3149 2627 ἐστι,
3200 2562 3264 2614 τό
3299 2579 3356 2614 τε
3390 2561 3481 2612 τὸν
3511 2575 3710 2625 πεποιη-

2166 2655 2296 2706 κότα
2338 2654 2535 2722 φιλεῖν,
2570 2656 2631 2708 οὐ
2676 2655 2767 2709 τὸν
2807 2655 3097 2725 ἄνθρωπόν
3137 2657 3259 2708 ἐστι
3290 2654 3584 2724 φιλοῦντος,
3611 2650 3708 2705 ἀλλ’

2166 2743 2298 2795 αὐτὸ
2325 2744 2388 2812 δὴ
2415 2741 2474 2796 τδ
2507 2743 2568 2798 εὖ
2593 2746 2946 2798 πεπονθέναι.
2971 2745 3175 2798 Τοῦτον
3202 2745 3268 2816 δὴ
3295 2745 3386 2799 τὸν
3417 2745 3606 2815 τρόπον
3628 2742 3708 2811 τὴν

2167 2837 2391 2906 ἀγάπην
2437 2837 2548 2891 τῶν
2617 2840 2863 2892 παλαιῶν
2926 2839 3280 2911 γραμμάτων
3325 2839 3562 2892 ἀποῦσαν
3611 2836 3709 2888 δέον

2168 2929 2411 2993 εἰσάγειν
2444 2945 2458 2958 °
2501 2928 2658 2983 τοῦτο
2705 2933 2815 3000 γὰρ
2859 2927 2928 3002 ἦν
2976 2933 3342 3003 πληρωθῆναι
3379 2933 3467 2985 τὸν
3516 2930 3662 2996 νόμον
3696 2941 3708 2956 ⁸

2169 3023 2290 3074 τίνα
2314 3021 2422 3076 τῶν
2447 3021 2621 3076 ἄλλων
2645 3024 2978 3092 εἰσενεγκεῖν
2999 3027 3147 3089 είκὺς
3169 3021 3264 3098 ἦν,
3285 3026 3316 3096 ἦ
3340 3025 3430 3077 τὸν
3453 3023 3540 3077 τοῦ
3569 3021 3707 3090 νόμου

478 3121 580 3175 xit.
618 3119 734 3175 Non
765 3124 909 3176 enim
941 3133 1325 3178 testamentum
1357 3125 1578 3192 aliquod
1617 3126 1834 3180 tertium
1875 3141 2060 3196 exspe-

2171 3115 2503 3186 τελειωτήν;
2539 3117 2739 3170 οὐκοῦν
2773 3120 3117 3187 εἰσήνεγκεν.
3151 3121 3231 3170 Οὐ
3268 3118 3373 3188 γάρ
3397 3117 3458 3187 δὴ
3480 3113 3708 3183 διαθήκην

479 3223 712 3278 ctamus,
755 3232 852 3271 nec
905 3217 1072 3270 alium
1106 3217 1290 3286 populi
1325 3219 1604 3270 ductorem
1636 3218 2065 3273 moderatorem-

480 3321 608 3374 qne,
636 3308 726 3375 qui
757 3309 1010 3363 meliores
1034 3311 1176 3378 leges
1199 3309 1359 3362 ferat.
1388 3307 1778 3378 Proinchpus
1807 3310 1909 3366 fuit
1934 3311 2066 3382 legi-

480 3399 606 3464 bus,
628 3418 735 3454 non
771 3404 969 3465 solum,
1003 3402 1146 3454 «Non
1178 3401 1401 3456 habebis
1427 3402 1555 3456 odio
1574 3406 1943 3471 proximum,»
1971 3405 2067 3460 sed

487 3494 671 3556 etiam,
695 3515 713 3546 ε
740 3493 937 3564 Diliges
963 3495 1274 3564 proximum
1295 3497 1335 3548 ⁸.
1365 3513 1382 3547 ›
1408 3495 1562 3560 Quod
1581 3497 1626 3550 si
1657 3496 1866 3564 diliges.
1904 3497 2066 3551 etiam

485 3584 625 3639 bene
651 3585 719 3639 de
749 3586 840 3638 illo
869 3587 1166 3642 mereberis
1207 3581 1312 3641 uo'u
1345 3595 1554 3642 tantum
1591 3596 1648 3641 ut
1673 3589 2067 3655 remunereris,

485 3676 585 3731 sed
619 3677 780 3731 etiam
830 3687 888 3730 ut
922 3677 1203 3734 beneficiis
1247 3687 1580 3733 antevertas.
1625 3679 1799 3748 Atque
1831 3679 1903 3732 ita
1955 3695 2064 3733 non

486 3768 664 3823 solum
697 3784 802 3824 non
835 3768 991 3824 dabis
1037 3768 1214 3824 fenori
1257 3779 1544 3838 argentum
1583 3779 1734 3824 tuum
1762 3769 1920 3824 fratri
1953 3780 2067 3835 tuo,

489 3861 544 3915 id
582 3873 686 3924 est,
726 3862 861 3916 nihil
897 3863 964 3928 ab
999 3862 1088 3916 illo
1119 3863 1444 3926 lucrahetis,
1477 3861 1569 3916 sed
1611 3863 1751 3930 quod
1786 3863 1868 3916 his
1896 3863 2071 3932 majus

488 3954 750 4024 quiddam
781 3963 882 4019 est,
917 3972 1039 4009 cum
1076 3954 1352 4023 indigente
1399 3963 1488 4007 tua
1536 3953 1703 4008 facies
1734 3956 2069 4009 communia.

490 4048 615 4101 Haec
650 4045 1045 4116 perfectissime
1085 4047 1392 4114 prmstanda
1435 4057 1593 4111 sunt;
1626 4060 1857 4114 quorum
1892 4043 2070 4111 negli-

490 4147 679 4206 gentes
727 4140 1070 4192 decautatam
1107 4137 1252 4191 illam
1301 4137 1602 4202 gehennam
1641 4137 1784 4191 circa
1841 4135 2072 4203 impedi-

491 4240 732 4282 mentum
788 4231 1187 4297 experiuntur:
1228 4245 1246 4279 ι
1287 4225 1400 4280 lloc
1441 4227 1583 4280 enim
1621 4237 1706 4279 est
1758 4226 2071 4278 mandatum

491 4337 673 4375 meum
699 4362 712 4383 ,
751 4320 947 4386 inquit,
976 4329 1034 4372 ut
1059 4319 1296 4385 diligatis
1337 4316 1569 4370 invicem
1599 4315 1620 4345 ⁸
1648 4333 1662 4381 ;
1692 4334 1709 4365 ι
1760 4330 1864 4368 non
1905 4331 2072 4368 unum

493 4413 561 4467 tle
593 4413 888 4469 mandatis.
923 4412 1014 4465 sed
1056 4412 1229 4478 ipsum
1270 4407 1608 4462 mandatum.
1673 4406 1813 4476 Ergo
1861 4407 1903 4461 si
1959 4407 2074 4462 haec

2168 3206 2360 3278 τρίτην
2400 3210 2524 3264 τινὰ
2562 3211 2978 3280 προσδοκῶμεν,
3013 3211 3133 3264 οὐδὲ
3173 3211 3506 3287 δημαγωγὸν
3531 3210 3709 3277 ἕτερον,

2169 3300 2227 3362 ὃς
2259 3301 2463 3354 καλλίω
2503 3305 2881 3370 νομοθετήσει.
2920 3304 3032 3357 Kal.
3073 3304 3258 3357 τοίνυν
3309 3305 3511 3371 ἀνάγκη
3559 3301 3710 3368 νόμων

2167 3393 2228 3444 οὑ
2263 3393 2423 3458 μόνον
2452 3395 2534 3447 Οὐ
2551 3395 2858 3463 μισήσεις.
2889 3395 3024 3450 ἀλλά
3048 3399 3161 3460 καὶ,
3182 3398 3469 3467 Φιλήσεις
3483 3395 3579 3447 τὸν
3595 3396 3710 3459 ὀμο-

2168 3487 2386 3552 ερυλον.
2425 3485 2483 3536 El
2521 3485 2576 3538 δὲ
2609 3486 2855 3556 φιλήσεις
2902 3487 2994 3541 καὶ
3024 3484 3085 3540 εὖ
3107 3490 3376 3559 ποιήσεις,
3411 3488 3505 3541 οὐκ
3522 3480 3711 3554 ἀμειϐό-

2175 3597 2333 3648 μενος
2385 3581 2563 3648 μόνον,
2617 3582 2754 3634 ἀλλά
2813 3584 2905 3634 καὶ
2966 3584 3238 3653 ὑπάρχων
3296 3582 3543 3654 χρηστός.
3588 3574 3712 3631 Είδὶ

2170 3671 2348 3732 τοῦτο,
2381 3671 2480 3742 ούχ
2525 3674 2676 3734 ὅπως
2722 3674 2823 3726 οὐκ
2863 3675 3129 3737 ὲκτοκιεῖς
3158 3676 3224 3727 τδ
3257 3675 3514 3745 ἀργύριόν
3540 3689 3622 3724 σου
3648 3667 3710 3731 τῷ

2173 3763 2386 3834 ἀδελφῷ
2424 3780 2541 3828 σου,
2577 3767 2718 3836 ὅπερ
2751 3767 2924 3830 ἐστὶν,
2977 3768 3036 3819 ού
3068 3766 3176 3820 τῶν
3212 3771 3426 3821 ἐκείνου
3461 3785 3511 3818 τι
3545 3762 3712 3832 κερδαο

2172 3859 2316 3919 νεῖς·
2364 3857 2503 3909 ἀλλά
2542 3859 2635 3910 καὶ
2667 3859 2857 3912 τούτου
2891 3859 2956 3910 π)
2971 3860 3058 3913 ἑον
3085 3878 3138 3912 τι
3173 3862 3287 3913 τῶν
3317 3857 3510 3913 σαυτοῦ
3553 3871 3711 3908 κοινω-

2173 3949 2378 4018 νήσεις.
2409 3950 2596 4004 Ταῦτα
2622 3951 2677 4003 δὲ
2708 3951 3005 4018 φυλάσσειν
3043 3951 3105 4004 ὲκ
3145 3953 3354 4016 παντὸς
3381 3950 3590 4022 τρόπου,
3633 3943 3713 3996 καὶ

2173 4045 2301 4104 τοὺς
2332 4044 2705 4114 περιορῶντας
2738 4045 2893 4097 οὐδὲν
2931 4043 3133 4096 κωλύει
3165 4045 3266 4113 τῆς
3303 4042 3631 4114 ὑμνουμένης
3658 4034 3711 4086 ἂν

2174 4134 2502 4203 πειραθῆναι
2534 4135 2782 4205 γεέννης.
2841 4153 2858 4184 ι
2882 4134 3030 4204 Αὕτη
3081 4137 3186 4203 γάρ
3238 4139 3384 4190 ἐστιν
3424 4135 3455 4205 ή
3488 4130 3652 4194 ἐντολῆ
3684 4125 3712 4194 ἢ

2174 4226 2304 4296 ἐμὴ,
2342 4227 2528 4296 φησὶν,
2591 4227 2680 4279 ἵνα
2709 4228 2962 4290 ἀγαπᾶτε
3005 4227 3273 4295 ἀλλήλους
3301 4243 3314 4258 ·
3353 4245 3368 4278 ι
3405 4226 3462 4278 ού
3513 4221 3601 4294 μία
3625 4216 3713 4270 τῶν

2175 4317 2427 4380 ἐντολῶν,
2455 4317 2570 4369 ἀλλ’
2603 4319 2742 4387 αὑτὴ
2776 4319 2806 4388 ἡ
2841 4320 3048 4388 ἐντολή.
3077 4319 3138 4372 Εἰ
3167 4319 3225 4372 δὲ
3258 4319 3412 4372 τοῦτο
3469 4317 3566 4377 πᾶς
3591 4314 3615 4363 ὁ
3635 4305 3710 4362 τῡῧ

2181 4411 2420 4479 Χριστοῦ
2465 4412 2651 4480 νόμος,
2684 4406 2840 4474 οὗτος
2886 4412 3037 4480 μὲνὸ
3083 4414 3208 4476 τοὺς
3249 4412 3541 4481 στεφάνους
3577 4405 3710 4472 ἔχωῒίι

489 4515 573 4560 est
601 4507 852 4559 universa
890 4505 972 4557 lex
1011 4503 1253 4566 Christi,
1286 4503 1399 4557 haec
1428 4511 1512 4557 est
1545 4517 1666 4570 quae
1697 4516 1928 4556 coronas
1976 4502 2060 4554 ha«

2181 4503 2318 4573 ὑπὲρ
2349 4506 2540 4556 τούτου
2567 4505 2624 4557 δὲ
2645 4505 2834 4571 γέεννα
2858 4505 2953 4557 καὶ
2992 4503 3180 4568 σκότος
3215 4505 3514 4557 ἀπειλεῖται
3542 4497 3626 4551 καὶ
3658 4490 3714 4544 τά

493 4604 618 4662 luet;
652 4607 705 4650 et
751 4606 970 4666 propter
999 4611 1117 4653 eam
1139 4596 1295 4651 nobis
1333 4595 1601 4664 gehenua,
1648 4601 1702 4648 et
1731 4594 1988 4656 tenebrat,
2022 4601 2076 4647 et

493 4689 636 4742 mala
668 4689 913 4744 omnium
946 4686 1266 4757 gravissima
1303 4686 1662 4740 intentantur.
1709 4681 1766 4736 Si
1813 4687 1958 4738 enim
1993 4692 2076 4736 to-

494 4790 604 4838 tam
649 4783 816 4851 legem
849 4781 1054 4834 violare
1114 4795 1221 4834 non
1279 4787 1360 4833 est
1395 4777 1568 4842 nefas,
1608 4778 1792 4833 nescio
1839 4793 2073 4845 quorum

495 4877 712 4928 tandem
750 4885 1097 4945 pccratorum
1129 4887 1319 4944 poenas
1372 4872 1546 4928 simus
1587 4871 1794 4934 Iuituri,
1834 4869 2072 4938 autquis

494 4967 855 5034 vapulaturus
887 4967 958 5022 sit
993 4967 1198 5022 multis.

571 5061 635 5114 Et
674 5060 803 5128 quid
845 5061 928 5116 his
980 5076 1122 5130 opus
1175 5068 1282 5123 est,
1334 5074 1460 5114 cum
1517 5059 1692 5128 ipsam
1743 5056 2077 5128 legislatoris

499 5153 828 5210 sententiam
882 5154 1080 5221 legere,
1127 5167 1300 5221 eaque
1349 5152 1693 5221 propositum
1750 5150 2080 5204 conﬁrmare

498 5249 703 5306 liceat?
729 5266 748 5299 ι
774 5247 1043 5300 Discedite
1065 5261 1094 5300 a
1117 5259 1224 5307 me,
1274 5244 1567 5308 maledicti,
1594 5244 1792 5313 inquit,
1819 5244 1869 5295 in
1901 5243 2077 5310 ignem

501 5353 767 5398 aeternum
812 5341 866 5404 ⁶;
917 5359 933 5390 ι
979 5354 1234 5405 nonqma
1279 5338 1438 5392 fenus
1477 5335 1788 5404 accepistis,
1817 5335 1908 5386 sed
1945 5333 2076 5399 quia

501 5437 568 5489 de
603 5433 800 5489 vestris
836 5433 1187 5486 faculzatibus
1220 5431 1303 5483 his
1332 5430 1423 5498 qui
1453 5429 1683 5497 egebant
1715 5425 1852 5479 nihil
1885 5423 2078 5477 tribui-

505 5526 626 5579 stis.
663 5523 905 5578 Audin”?
937 5522 1056 5577 Jam
1083 5523 1126 5577 si
1165 5538 1262 5574 sua
1297 5537 1402 5574 non
1437 5518 1784 5588 projicientes
1816 5525 1922 5569 tam
1954 5530 2078 5584 gra-

508 5616 648 5670 viter
701 5617 930 5681 multat,
984 5626 1333 5670 emunctores
1389 5615 1525 5667 istos
1579 5621 1634 5665 et
1689 5609 2079 5679 compilatores

582 5792 602 5826 "
631 5790 801 5849 chit.
837 5809 948 5861 xix,
987 5793 1073 5863 1⁸7,
1121 5793 1222 5862 l8;
1266 5791 1454 5848 Matth.
1492 5805 1627 5860 χχιι,
1666 5791 1752 5847 '59.

1832 5792 1851 5823 ³
1881 5787 2038 5846 Joan.
2093 5802 2210 5852 xm,
2244 5786 2333 5840 54.

2178 4596 2384 4666 ἔσχατα
2421 4596 2529 4650 τῶν
2561 4597 2769 4652 κακῶν.
2805 4596 2868 4650 El
2902 4598 2972 4666 γά
2984 4614 3013 4665 ρ
3043 4597 3134 4648 τὸν
3161 4596 3378 4650 ἅπαντα
3408 4595 3562 4660 νόμον
3585 4584 3713 4639 οὐδὲν

2176 4686 2348 4740 δεινὸν
2400 4687 2776 4758 ὑπερϐαίνειν,
2820 4687 2922 4739 οὐκ
2970 4683 3091 4740 οἶδα
3141 4688 3306 4740 τίνων
3335 4677 3714 4754 ἁμαρτημάτων

2177 4779 2403 4848 τίσομεν
2431 4779 2608 4844 δίκας,
2632 4780 2666 4850 ἦ
2697 4779 2780 4843 τίς
2805 4779 3105 4850 δαρήσεται
3145 4779 3370 4842 πολλάς.

2252 5045 2360 5098 Καὶ
2375 5045 2427 5097 τί
2455 5043 2538 5096 δεῖ
2558 5041 2787 5105 τούτων,
2813 5041 2942 5094 ὅταν
2955 5038 3128 5111 αὐτὴν
3149 5039 3243 5106 ὲξῇ
3266 5037 3362 5100 τὴν
3380 5035 3548 5105 ψῆφον
3565 5029 3707 5090 ἀναγ·

2177 5143 2335 5195 νόντα
2355 5138 2446 5192 τοῦ
2467 5133 2758 5208 νομοθέτου
2774 5135 3034 5198 διαδεῖξαι
3050 5133 3112 5186 τὺ
3131 5133 3498 5202 προκείμενον;
3512 5142 3528 5175 ι
3541 5113 3709 5208 Πορεύξ

2179 5235 2329 5296 εσθε,
2355 5205 2542 5301 φησὶν,
2566 5229 2662 5284 ἀπ’
2685 5229 2844 5300 ἐμοῦ,
2877 5231 2924 5281 οἱ
2963 5227 3353 5297 κατηραμένοι,
3373 5223 3448 5282 είς
3470 5220 3526 5270 τὸ
3544 5213 3641 5301 πῦρ
3660 5205 3708 5259 τὸ

2181 5325 2455 5388 αἰώνιον,ι
2496 5323 2596 5392 οὐχ
2619 5322 2704 5374 ὅτι
2733 5321 2929 5382 τόκους
2965 5319 3073 5371 ἀπὸ
3099 5319 3210 5370 τῶν
3232 5311 3466 5379 ἀδελφῶν
3495 5300 3704 5356 eadem.

2181 5418 2299 5474 ἀλλ’
2331 5419 2413 5472 ὃτι
2445 5414 2555 5468 τῶν
2585 5414 2803 5468 οἰκείων
2843 5413 2905 5466 οὐ
2943 5410 3281 5480 μετεδώκατε
3311 5408 3418 5465 τοῖς
3452 5393 3704 5491 δεηθεῖσιῖ·

2196 5511 2479 5575 Ἀκούεις;
2518 5511 2566 5562 εί
2595 5509 2652 5562 δὲ
2685 5509 2812 5570 τοὺς
2840 5506 2916 5578 μὴ
2944 5506 3013 5558 τὰ
3037 5505 3214 5558 οίκεῖα
3236 5500 3511 5572 ῥίπτοντας
3544 5497 3706 5578 τθσουξ

2185 5623 2293 5659 των
2327 5605 2554 5674 τιμᾶται
2585 5601 2796 5662 κακῶν,
2820 5599 2949 5663 τοὺς
2977 5594 3351 5668 ἀποσ-τερητὰς
3376 5577 3604 5642 τουτουσὶ
3626 5569 3704 5626 καὶ

2412 5786 2429 5814 ⁶
2465 5780 2654 5837 Matth.
2688 5796 2809 5846 xxv,
2848 5776 2930 5830 Η.
