3982 6208
320 357 427 420 733

1333 358 1622 421 ORATIO
1660 358 1961 419 CONTRA
2003 361 2579 422 FENERATORES.

3451 363 3554 428 724

317 469 629 532 λωποδύτας
675 468 776 522 ποῦ
821 468 1212 541 παραπέμψεις
1272 471 1343 524 Σῖι
1386 471 1442 523 δὲ
1492 469 1684 532 τόκους
1719 470 1878 538 ἔχων,

1986 485 2219 536 quonam
2253 470 2464 524 mittet?
2494 467 2572 523 Tu
2607 479 2783 524 autem
2814 485 2938 524 eum
2967 484 3176 542 qua-snt
3225 484 3317 526 tuo
3350 473 3559 532 fenera-

315 563 562 632 νομίζεις
599 563 697 630 τὴν
735 559 957 630 γέενναν
989 566 1181 631 φυγεῖν
1230 563 1332 626 ἄνς
1368 563 1461 616 καὶ
1507 563 1609 614 οίει
1673 578 1888 629 σωφρο-

315 658 463 720 νείν;
496 655 590 708 καὶ⁸
614 653 730 716 πῶς
749 654 810 706 οὐ
845 653 1048 722 μᾶλλον
1090 653 1435 723 ἀτοπώτερος
1462 647 1531 716 εί,
1580 653 1672 704 καὶ
1699 651 1888 703 τοσοῦ-

314 762 410 796 τον
461 743 760 812 ἀξιώτερος
811 743 919 795 τῶν
971 743 1235 812 ἐσχάτων,
1287 745 1410 796 ὅσον
1471 742 1578 794 οὐδ’
1627 742 1796 810 ἔγνως
1837 737 1892 793 οἷ

315 832 505 886 κακῶν
539 829 623 898 εἷς
660 826 766 885 ούδ⁴
791 832 1022 904 αίσχύνῃ
1057 835 1290 901 πονηρὸς
1330 831 1426 895 ὢν,
1458 832 1566 885 οὐδ’
1600 834 1883 902 ἐρυθριᾶς,

315 924 440 976 οῦδέ
480 924 664 992 ζητεῖς
695 921 987 992 βάραθρον,
1024 921 1143 976 ἀλλ’
1163 923 1398 975 ἐστῶσιν
1431 921 1726 991 ὀφθαλμοῖς
1755 921 1886 990 ὁρᾷς

313 1017 417 1086 τὴν
447 1018 640 1069 ἀκτῖνα
654 1030 670 1080 ;

393 1109 502 1160 Καὶ
526 1108 577 1160 τί
606 1108 790 1175 λέγω;
835 1104 898 1158 τδ
923 1108 1035 1175 γὰρ
1071 1104 1340 1176 χείριστον
1373 1103 1650 1168 ἁπάντων,
1679 1102 1762 1155 δτι
1795 1103 1886 1154 καὶ

314 1198 428 1252 τῶν
460 1198 724 1267 γενναίων
770 1196 974 1251 τούτων
1035 1196 1219 1259 ἐνίοις,
1278 1196 1374 1249 καὶ
1420 1193 1762 1265 ἐλεημοσύνη
1824 1193 1886 1246 τδ

318 1291 558 1359 πρᾶγμα
583 1289 751 1352 δοκεῖ,
782 1290 878 1340 καὶ
905 1288 1017 1341 τῶν
1045 1288 1292 1354 δανείων,
1315 1287 1388 1350 ὡς
1411 1287 1658 1357 δήτινων
1689 1301 1886 1352 κατορ-

319 1381 595 1449 θωμάτων
635 1380 977 1449 μεμυημένοι
1009 1377 1385 1447 σεμνύνονται,
1430 1375 1524 1430 καί
1559 1375 1887 1436 καταλέγου-

321 1487 429 1533 σιν,
469 1462 550 1533 οἷς
581 1468 840 1539 ἔχρησαν,
874 1465 1060 1539 ὦνπερ
1089 1467 1420 1538 ἐκέρδαινον,
1454 1466 1530 1528 ὡς
1577 1460 1636 1517 εὗ
1688 1482 1888 1517 πεπον-

321 1560 487 1620 θότας
516 1559 615 1626 τῆς
639 1559 980 1627 σκαιότητος.
1025 1558 1229 1627 Σεμνὸς
1278 1550 1325 1607 εί
1371 1553 1742 1622 τοκογλυφῶν,
1772 1553 1887 1604 δέον

321 1649 789 1720 κατορύττεσθαι;
827 1649 920 1702 καὶ
951 1648 1128 1709 διδοὺς
1160 1646 1246 1715 ἐφ’
1288 1641 1331 1714 ᾧ
1372 1644 1698 1714 κερδαίνειν,
1738 1641 1888 1710 ἐλεή-

322 1757 477 1810 pm;
506 1738 712 1793 leot'w
739 1744 830 1794 καὶ
859 1741 948 1792 τὸν
975 1739 1219 1810 γεωργὸν
1253 1739 1423 1799 εῐποις
1454 1737 1518 1789 ἂν
1543 1735 1764 1804 τρέφειν
1790 1734 1888 1802 τὴν

1988 563 2106 613 titio
2138 569 2189 613 te
2244 562 2544 625 gehennam
2595 561 2942 623 efl'tigitnrum
3003 565 3237 617 censes?
3291 565 3354 616 Et
3407 583 3557 621 sana:

1989 653 2186 706 mentis
2217 669 2337 706 esse
2371 653 2567 721 putas?
2596 662 2649 706 et
2695 654 2970 722 quomodo
3018 671 3122 708 non
3173 656 3349 722 potius
3401 659 3554 712 stoli-

1985 745 2126 805 dior,
2155 756 2206 797 et
2246 755 2391 797 tanto
2422 746 2676 799 extremis
2715 746 2995 814 suppliciis
3045 747 3292 815 dignior,
3343 760 3547 816 qumlo

1987 850 2085 888 nec
2117 837 2256 888 nosti
2288 836 2376 888 tibi
2412 839 2676 889 malorum
2711 837 2785 890 sis
2815 856 2826 889 :
2856 853 2953 891 nec
2989 853 3114 890 cum
3147 838 3428 905 improbus
3456 841 3554 900 sis.

1987 923 2395 984 verecundaris,
2434 939 2531 976 nec
2564 925 2866 987 erubescis,
2896 942 2994 980 nec
3038 927 3206 980 vitare
3236 929 3553 983 barathrum

1987 1014 2206 1080 qtzzeris,
2237 1016 2327 1066 sed
2373 1015 2490 1068 fixis
2525 1016 2695 1069 oculis
2731 1017 2943 1069 radium
2977 1017 3246 1072 intueris?

2057 1102 2234 1169 Quid?
2259 1105 2401 1172 quod
2435 1107 2731 1174 pessimum
2769 1113 2851 1160 est
2900 1109 3162 1168 omnium,
3221 1106 3549 1168 quibusdam

1984 1194 2224 1248 virorum
2251 1197 2479 1252 istorum
2509 1197 2801 1265 insignium
2829 1212 2990 1250 usura
3021 1197 3180 1251 etiam
3209 1197 3552 1267 eleemosyna

1988 1286 2220 1347 videtur.
2253 1297 2306 1340 et
2353 1287 2538 1341 fenore
2596 1291 2738 1353 velut
2769 1287 3096 1356 quibusdam
3136 1289 3422 1343 virtutibus
3451 1290 3558 1343 ini-

1987 1378 2100 1433 tiati
2125 1377 2442 1444 gloriantur,
2463 1387 2896 1446 enutnerantque
2927 1387 3183 1448 tanquam
3215 1379 3493 1434 beneﬁciis
3526 1396 3556 1434 a

1988 1482 2047 1524 se
2082 1468 2323 1533 allectos,
2357 1469 2553 1538 quibus
2590 1471 3014 1531 uommodariut,
3045 1481 3097 1524 et
3151 1486 3179 1523 a
3226 1471 3426 1538 quibus
3461 1485 3557 1524 ea.

1988 1559 2109 1614 dem
2136 1575 2299 1629 opera
2333 1561 2497 1615 lucris
2534 1562 2678 1614 aucti
2732 1562 2859 1615 sint.
2917 1560 3050 1614 Hem
3102 1563 3422 1615 stultitiam!
3476 1560 3558 1614 Tu

1991 1653 2271 1718 honestus,
2301 1655 2393 1719 qui
2426 1657 2624 1708 tabulis
2663 1655 2879 1708 nomina
2909 1669 3122 1716 eorum,
3159 1654 3358 1722 quibus
3392 1669 3558 1719 pecu-

1989 1745 2083 1798 nia
2132 1744 2306 1798 fenori
2343 1746 2466 1798 data
2498 1758 2575 1798 est
2612 1747 2886 1805 inseribis.
2930 1761 3067 1814 quas
3092 1747 3255 1798 humo
3284 1749 3558 1813 oporteret

319 1835 452 1902 γῆν,
483 1834 565 1886 ὅτι
608 1831 788 1900 ῥίπτει
838 1833 930 1886 τὸν
987 1834 1150 1894 σῖτον,
1210 1831 1295 1883 ίια
1347 1829 1645 1898 κομίσηται
1677 1826 1878 1878 πλείω·

1987 1834 2249 1890 obruere?
2289 1833 2349 1888 Et
2377 1836 2469 1902 qui
2502 1837 2599 1888 das
2642 1845 2700 1887 ut
2731 1835 2969 1898 lucrere,
3007 1850 3065 1888 es
3100 1833 3451 1886 misericors?
3479 1832 3557 1888 Ita

323 1925 528 1996 μᾶλλον
574 1926 630 1978 δὲ
681 1926 780 1994 τὴν
835 1925 1079 1979 ἑστίασιν
1136 1921 1564 1993 ἀνθρωποφάγου
1613 1919 1884 1984 καλέσεις,

319 2016 501 2087 οἶμαι,
557 2017 992 2086 φιλοφροσύνην·
1026 2016 1084 2078 ὃς
1114 2011 1172 2068 εὖ
1221 2016 1313 2068 atati.
1351 2013 1531 2074 καλῶς
1565 2012 1753 2080 τρέφει
1797 2009 1886 2060 τὸν

319 2106 630 2175 ἄνθρωπον,
660 2108 748 2161 ἵνα
775 2107 1071 2178 καταφάγῃ
1091 2107 1271 2169 πίονα,
1301 2106 1391 2157 καὶ
1420 2104 1481 2158 ab
1505 2103 1680 2154 τοίνυν
1706 2100 1882 2162 δίδως,

323 2199 411 2252 ἵνα
455 2205 580 2263 τοὺς
616 2197 931 2269 ἀλλοτρίους
975 2197 1410 2268 καρπωσάμενος
1449 2198 1665 2259 πόνους,
1703 2192 1885 2244 πλεῖον

319 2293 558 2362 ποιήσῃς
611 2292 675 2343 τὸ
730 2291 1022 2361 ἀργύριον·
1060 2286 1180 2344 εἶτα
1231 2289 1480 2358 ἐλεήμων
1503 2284 1588 2351 εί;
1646 2285 1740 2338 καὶ
1787 2285 1886 2335 οὐκ

320 2385 578 2454 αἰσχύνῃ,
611 2384 689 2453 τῷ
723 2385 940 2436 πάντων
973 2383 1240 2454 αἰσχίστῳ
1283 2382 1572 2451 πράγματι
1609 2381 1670 2430 τὸ
1707 2376 1886 2444 κάλλι-

321 2491 446 2528 στον
478 2475 759 2544 ὀνομάτων
791 2473 1128 2544 περιτιθείς;

404 2741 561 2796 Ἀλλὰ
592 2742 802 2804 πολλοῖς
837 2741 1002 2794 ἔλυσα
1047 2740 1258 2804 πενίαν,
1307 2741 1491 2808 φησίν.
1534 2737 1608 2791 Ού
1641 2735 1886 2807 προῃρηέ-

321 2835 502 2904 μένος,
542 2834 658 2888 ἀλλ’
698 2833 840 2888 οὕτω
875 2833 1111 2904 συμϐάν.
1140 2833 1211 2885 Σὺ
1239 2832 1335 2902 μὲν
1362 2833 1470 2900 γὰρ
1503 2831 1639 2899 πρὸς
1669 2829 1729 2880 τὸ
1757 2846 1886 2897 κερ.

319 2927 522 2980 δαίνειν
593 2927 751 2996 μόνον
805 2925 1003 2995 ἐώρας,
1071 2923 1168 2976 καὶ
1222 2922 1368 2974 τοῦτ’
1443 2922 1575 2974 αὐτὸ
1626 2919 1884 2983 δανείζων

320 3018 598 3082 ἐσκόπεις.
659 3019 809 3076 ὅπως
838 3019 907 3070 τὰ
942 3018 1070 3070 ὂντα
1120 3014 1198 3084 τῷ
1241 3015 1438 3083 πένητι
1483 3012 1620 3079 πρὸς
1660 3010 1884 3064 σεαυτὸν

321 3113 567 3182 μεταστή
581 3129 694 3182 σῃς,
719 3111 794 3180 τῷ
817 3111 925 3163 τῶν
947 3110 1120 3162 τόκων
1140 3109 1382 3178 ὀνόματι.
1420 3108 1479 3159 Εἰ
1509 3107 1563 3159 δὲ
1598 3106 1656 3157 τὺ
1678 3106 1883 3157 δάνειον

1988 1939 2043 1983 et
2069 1930 2364 1998 agricolam
2416 1930 2620 1983 dixeris
2662 1939 2861 1982 terram
2896 1928 3060 1992 alere,
3093 1927 3215 1995 quia
3265 1927 3393 1980 serit
3442 1928 3559 1980 fru-

1988 2030 2252 2085 mentum,
2287 2028 2346 2071 nt
2377 2021 2497 2088 plus
2524 2018 2782 2087 recipiat;
2833 2019 2915 2071 vel
2969 2017 3148 2084 potius
3193 2017 3558 2085 epulationem

1991 2115 2428 2184 autin-epopltagi
2488 2116 2744 2172 vocabis.
2796 2116 3024 2179 Opinor.
3077 2111 3506 2164 benevolentiam
3537 2151 3553 2171 ,

1985 2206 2115 2272 quia
2165 2207 2301 2258 bene
2351 2217 2402 2259 et
2450 2207 2675 2274 pulchre
2727 2205 2940 2274 saginat
2983 2204 3257 2255 hominem
3294 2243 3307 2262 .
3344 2215 3399 2254 ut
3432 2216 3556 2254 eum

1986 2298 2390 2365 pinguefactum
2425 2299 2670 2353 devoret.
2708 2296 2772 2350 Et
2820 2305 2873 2349 tu
2911 2296 3074 2364 igitur
3112 2295 3227 2357 das,
3270 2301 3327 2344 ut
3373 2290 3552 2346 fructu

1985 2403 2049 2442 ex
2083 2389 2276 2441 alienis
2307 2387 2588 2443 laboribus
2619 2399 2889 2457 percepto,
2927 2387 3212 2453 pecuniam
3265 2395 3408 2437 tuam
3458 2397 3559 2439 cu-

1986 2481 2180 2535 mulcs.
2233 2480 2380 2533 Itane
2411 2496 2541 2536 vero
2575 2481 2892 2534 misericors
2921 2480 3014 2532 es?
3044 2481 3107 2532 Et
3139 2495 3243 2532 non
3293 2485 3344 2531 te
3383 2479 3552 2546 pudet

1984 2571 2064 2623 rei
2098 2569 2340 2622 omnium
2371 2569 2696 2637 turpissimre
2728 2569 3272 2640 seeleratissiniaaque
3299 2570 3554 2639 pulcher-

1984 2658 2183 2713 timum
2220 2667 2416 2713 nomen
2452 2659 2767 2725 imponere?
3069 2729 3075 2738 _

2058 2748 2162 2803 Sed
2197 2750 2394 2803 multas
2420 2764 2446 2801 a
2481 2760 2791 2818 paupertate
2837 2749 3139 2817 vindicavi,
3187 2751 3379 2821 inquit.
3432 2749 3550 2810 Non

1985 2843 2113 2912 quia
2156 2851 2210 2896 tu
2253 2843 2306 2894 id
2354 2842 2705 2905 deliberares.
2746 2843 2840 2898 sed
2888 2844 2962 2896 ita
3010 2847 3208 2900 evenit.
3270 2844 3348 2898 Τιι
3387 2838 3550 2900 enim

1985 2934 2361 2990 tantummodo
2395 2935 2716 3002 compendia
2765 2944 2856 2988 tua
2905 2936 3200 3005 cngilabas,
3242 2937 3342 2989 hoc
3374 2937 3550 3006 ipsum‘

1985 3040 2232 3081 mutuum
2267 3028 2446 3080 dando
2479 3029 2786 3096 spectabas,
2821 3037 2878 3081 ut
2928 3031 3096 3081 mutui
3150 3030 3366 3082 nctuine
3410 3029 3550 3082 larua

1987 3120 2240 3188 pauperis
2273 3119 2338 3172 ad
2373 3129 2423 3172 te
2453 3121 2797 3174 transferres.
2825 3119 2976 3184 Quod
3009 3121 3052 3174 si
3087 3119 3176 3174 ille
3198 3131 3389 3173 mutuo
3415 3120 3550 3175 bene

315 3206 578 3272 γεωργῶν
613 3205 843 3267 ἐκεῖνος,
875 3202 1082 3256 καλλίω
1109 3201 1375 3271 πεποίηκε
1411 3201 1508 3269 τὴν
1553 3199 1762 3258 οὐσίαν.
1789 3198 1878 3250 καὶ

1987 3212 2248 3267 collocato
2290 3227 2400 3266 rem
2440 3226 2594 3266 suam
2629 3211 2978 3282 ampliﬁcavit
3003 3252 3018 3277 ,
3066 3221 3549 3281 paupertatemque

319 3299 416 3366 τὴν
447 3298 642 3350 πενίαν
663 3297 764 3365 τῆς
793 3295 969 3357 οίκίας
998 3295 1274 3359 ἐξέϐαλεν,
1311 3296 1372 3347 ού
1407 3296 1495 3347 σὺν
1526 3294 1706 3363 ἔργον.
1739 3294 1795 3346 Εἰ
1824 3293 1880 3346 δὲ

315 3398 406 3451 καὶ
437 3397 594 3449 τοῦτο
639 3395 904 3464 δώσομεν,
930 3393 999 3445 δι’
1021 3387 1096 3447 ὧν
1145 3392 1402 3462 ἔχρησας,
1441 3391 1502 3443 ού
1543 3389 1610 3442 δι’
1641 3385 1716 3444 ὧν
1746 3390 1880 3439 άπε-

316 3493 610 3561 στέρησας.
651 3491 765 3542 Νῦν
803 3489 861 3541 δὲ
909 3490 1042 3557 ἡμῖν
1081 3486 1302 3555 φεύγεις
1357 3486 1419 3537 ού
1467 3472 1575 3535 τῶν
1627 3484 1876 3544 δανείων,

312 3580 422 3633 οὐδ’
454 3582 536 3633 ὅτι
572 3579 646 3649 μὴ
676 3580 784 3630 τῶν
832 3577 1074 3648 ἀρχαίων
1117 3577 1380 3644 ἀπέστης,
1425 3573 1539 3627 ἀλλ’
1569 3575 1650 3627 ὅτι
1683 3574 1877 3634 τόκους

312 3673 729 3737 προσαπαιτεῖς.
788 3669 958 3722 Τοῦτο
1005 3669 1060 3720 δὲ
1111 3667 1211 3735 ούχ
1260 3665 1552 3735 ὑπερόριον
1602 3665 1875 3732 ποιεῖτὴν

311 3764 525 3826 πενίαν,
562 3763 698 3815 ἀλλά
727 3763 978 3829 κατάγει.
1010 3759 1134 3813 Οὐδ’
1169 3758 1392 3824 ἐξέϐαλέ
1424 3775 1478 3808 τι
1523 3756 1631 3808 τῶν
1661 3756 1770 3808 σῶν
1797 3757 1876 3817 εἰς

310 3857 398 3906 τὸν
431 3857 658 3924 πένητα,
689 3855 796 3909 τῶν
830 3855 1040 3908 ἐκείνου
1079 3853 1135 3905 δὲ
1184 3852 1284 3914 τὰς
1319 3851 1417 3912 σὰς
1471 3849 1732 3917 ἐνέπλησε
1766 3851 1876 3916 χεῖ-

313 3963 431 4016 ρας.
463 3949 571 3998 Καὶ
618 3949 699 3999 σοὶ
730 3948 828 4014 μὲν
858 3947 1040 3999 πλεῖον
1075 3945 1298 4013 ἐποίησε
1339 3942 1603 4011 ἀργύριον
1624 3957 1638 3970 ο
1676 3939 1874 4009 ἐκείνῳ

310 4041 366 4092 δέ
390 4040 554 4106 κενὴν
588 4040 685 4107 τὴν
709 4038 912 4091 οίκίαν.
943 4036 1130 4090 Ταῦτα
1159 4035 1539 4106 φιλανθρωπία
1581 4032 1677 4084 καὶ
1707 4033 1873 4100 πενή-

309 4147 414 4181 τιοιν
449 4130 710 4198 πρόνοιας
768 4131 863 4182 καὶ
903 4129 956 4181 τί
1011 4126 1209 4179 κωλύει
1266 4126 1358 4179 καὶ
1422 4125 1483 4178 τὺ
1531 4124 1873 4177 ἀποκτείνειν

314 4221 503 4283 σώζειν
533 4221 761 4286 οἴεσθαι,
794 4221 889 4275 καὶ
919 4220 981 4272 τὸ
1007 4221 1330 4288 ἀποστερεῖν
1358 4220 1634 4290 χορηγεῖν,
1672 4217 1764 4270 καὶ
1812 4217 1872 4268 τὸ

310 4313 448 4383 λιμῷ
494 4313 702 4376 πιέζειν
754 4315 998 4379 τρέφειν,
1029 4314 1121 4365 καὶ
1155 4313 1216 4364 τὸ
1247 4313 1459 4382 πληγὰς
1491 4311 1751 4365 ἐκτείνειν
1780 4326 1871 4376 φι-

309 4405 724 4472 λονρρονεῖσθαις
761 4407 856 4457 καὶ
893 4404 1037 4458 οῦτω
1084 4397 1263 4458 πάντα
1319 4407 1690 4474 συγκυκήσεις
1733 4404 1871 4474 χρή-

313 4512 472 4560 ματα.
529 4495 707 4556 Γέλως
751 4495 924 4547 ταῦτα
987 4496 1079 4547 καὶ
1125 4493 1313 4563 λῆρος,
1365 4493 1457 4546 καὶ
1487 4493 1639 4546 ούδέν
1693 4494 1866 4560 ὑγιές.

1982 3306 2142 3358 ιΙοιιιο
2174 3319 2270 3356 sua
2308 3304 2487 3373 ejecit,
2521 3317 2623 3356 non
2653 3314 2804 3357 tuum
2855 3303 2956 3357 hoc
3004 3317 3141 3370 opus
3183 3315 3284 3356 est.
3317 3302 3470 3366 Quod
3499 3301 3548 3354 εἰ

1983 3401 2147 3452 etiam
2195 3399 2376 3452 istltuc
2411 3397 2742 3459 dederimus,
2786 3405 2950 3458 certe,
2986 3403 3256 3462 quatenus
3302 3408 3548 3447 commo-

1980 3489 2142 3551 dasti,
2183 3503 2284 3540 non
2311 3493 2579 3552 quatenus
2607 3501 2727 3537 eum
2774 3483 3064 3544 fraudaSti,
3090 3482 3361 3550 profuisti.
3392 3479 3546 3533 Nunc

1979 3595 2085 3632 non
2125 3579 2404 3632 accusaris
2439 3590 2466 3628 a
2496 3575 2654 3628 nobis
2681 3574 2824 3643 quod
2852 3573 2948 3626 das
2981 3583 3248 3631 mutuum.
3279 3586 3376 3623 nec
3400 3569 3545 3638 quod

1979 3680 2182 3724 sortem
2219 3669 2441 3737 repetis,
2490 3666 2582 3719 sed
2616 3666 2764 3732 quod
2817 3665 3038 3731 insuper
3075 3676 3298 3715 usuram
3349 3662 3543 3728 exigis.

1977 3763 2094 3818 Hoc
2133 3777 2239 3815 non
2283 3760 2529 3828 profligat
2575 3765 2941 3826 paupertatem
2969 3797 2983 3818 ,
3018 3759 3111 3810 sed
3145 3756 3393 3820 inducit;
3445 3771 3544 3810 nec

1975 3854 2176 3923 aliquid
2215 3861 2430 3906 tuorum
2476 3852 2528 3904 in
2576 3864 2867 3917 pauperem
2906 3847 3140 3909 confert,
3171 3851 3262 3901 sed
3305 3846 3422 3914 ejus
3455 3863 3514 3900 re

1977 3947 2079 4001 bus
2115 3961 2306 4000 manus
2336 3956 2456 3998 tuas
2503 3944 2723 4011 implet;
2760 3957 2822 3994 ac
2874 3941 2968 3994 tibi
3000 3941 3220 4008 quidem
3252 3939 3538 4008 pecuniam

1975 4047 2284 4108 exaggerat.
2317 4038 2389 4091 illi
2424 4041 2643 4091 domum
2673 4034 2937 4088 exinanit.
2988 4031 3225 4085 Hoecine
3283 4032 3538 4084 ίιιιηιειιιῖά

1976 4143 2058 4186 tas
2109 4140 2163 4184 et
2197 4146 2326 4184 cura
2363 4127 2702 4198 pauperum?
2739 4125 2800 4177 Et
2845 4125 2974 4190 quid
3019 4125 3200 4178 obstat
3231 4125 3359 4192 quin
3397 4123 3543 4175 occic

1972 4226 2100 4278 dere
2132 4234 2350 4293 putetur
2387 4236 2608 4276 servare
2630 4259 2644 4282 ,
2687 4232 2737 4272 et
2767 4218 3112 4279 defraudare,
3147 4217 3492 4285 suppeditare
3521 4254 3536 4278 ,

1972 4324 2026 4368 et
2066 4315 2207 4368 fante
2233 4314 2499 4375 cruciare,
2531 4323 2783 4378 pascere,
2819 4319 2873 4360 et
2929 4307 3114 4377 plagas
3160 4306 3421 4370 incutere,
3455 4303 3539 4357 fa-

1970 4421 2100 4460 vore
2129 4403 2421 4475 prosequi?
2447 4403 2537 4457 Sic
2567 4416 2653 4455 res
2681 4414 2872 4455 omnes
2905 4397 3282 4469 permiscebis.
3321 4393 3542 4449 Ridicu-

1973 4499 2106 4562 lum,
2145 4514 2331 4568 nugaa,
2371 4497 2502 4552 niltil
2553 4497 2783 4566 simplex
2835 4495 2923 4549 hic
2966 4503 3020 4550 et
3077 4495 3372 4546 sincerum.
3426 4487 3540 4542 lino

309 4586 522 4637 Μᾶλλον
576 4586 652 4648 δὲ,
699 4589 748 4638 εί
780 4586 953 4652 γέλως
987 4582 1076 4656 ἦν,
1108 4585 1334 4638 ἀνεκτὸν
1377 4583 1442 4638 ἂν
1469 4580 1538 4655 ἦν
1563 4602 1577 4616 ο
1619 4583 1715 4637 νῦν
1736 4585 1793 4636 δὲ
1841 4585 1868 4634 ὁ

1980 4605 2100 4644 vero
2134 4589 2179 4643 si
2206 4588 2518 4652 ridiculum,
2549 4586 2808 4641 sustineri
2841 4593 3024 4654 posset
3056 4593 3072 4635 :
3114 4597 3257 4634 nunc
3296 4580 3540 4647 ploratus

310 4676 579 4745 κλαυθμὸς
624 4677 715 4729 καὶ
745 4679 773 4730 ό
809 4677 1052 4747 βρυγμὸς
1087 4677 1194 4732 τῶν
1227 4676 1453 4730 ὀδόντων
1506 4679 1534 4730 ὁ
1562 4676 1671 4728 τῶν
1693 4676 1869 4728 τόκων

311 4771 420 4819 ἐστὶ
445 4768 676 4834 καρπὸς,
723 4770 818 4821 καὶ
872 4769 934 4822 τὸ
967 4769 1103 4838 μετᾶ
1133 4768 1406 4837 δαιμόνων
1458 4769 1554 4822 καὶ
1583 4768 1775 4821 τούτου
1805 4767 1870 4837 δὴ

310 4859 399 4910 Tal:
451 4860 742 4930 διιστυχοῦς
793 4860 994 4913 κύκλου
1045 4861 1424 4930 κληρονομεῖν.
1489 4878 1508 4913 ι
1566 4860 1870 4933 Πορεύεσθε

311 4955 436 5022 γὰρ,
470 4955 654 5022 φησὶν,
696 4951 790 5005 ἀπ’
821 4952 980 5023 ἐμοῦ,
1017 4953 1066 5004 οί
1092 4953 1486 5023 κατηραμένοι.
1540 4955 1622 5015 είς
1665 4951 1727 5005 τδ
1758 4951 1869 5022 πῦρ

309 5045 365 5095 τό
400 5044 628 5097 αίὼνιον.
666 5062 683 5094 ι

387 5137 526 5188 Ἀλλ’
562 5135 715 5188 οὐδὲν
747 5136 885 5205 πρός
935 5153 1002 5205 με
1034 5133 1229 5199 ταῦτα,
1263 5138 1446 5204 φησιν,
1495 5135 1552 5198 ὃς
1600 5135 1867 5206 ἀργυρίου

309 5228 581 5292 μετέδωκα
625 5227 701 5295 τῷ
746 5227 958 5295 πένητι,
998 5230 1091 5278 καὶ
1131 5227 1429 5296 τραπέζης,
1467 5229 1559 5281 καὶ
1596 5228 1864 5296 ἱματίων

307 5320 420 5371 ἀλλ’
451 5321 512 5372 οὐ
548 5321 654 5370 τῶν
689 5319 926 5382 οἰκείων,
960 5318 1061 5382 ἕως
1089 5321 1277 5382 τόκους
1323 5322 1379 5372 αί
1413 5323 1594 5392 χεῖρες
1626 5321 1863 5389 ἔχουσιν.

315 5412 370 5462 '0
399 5411 454 5462 δέ
488 5412 670 5478 νόμος,
700 5409 821 5461 Τῶν
849 5409 1067 5475 σαυτοῦ,
1097 5411 1250 5481 φησὶ,
1287 5411 1633 5479 μεταδώσεις,
1658 5411 1778 5464 ούδέ
1816 5413 1866 5463 εί

309 5502 399 5566 μέν
432 5503 557 5564 τοὺς
587 5501 780 5563 τόκους
810 5502 1053 5564 ἅπαντας
1081 5505 1159 5564 είς
1183 5506 1308 5566 τοὺς
1339 5504 1578 5571 πένητας
1615 5505 1828 5574 ῥίπτεις
1847 5519 1861 5534 ·

303 5591 484 5644 ἒπειτα
519 5593 571 5644 τί
606 5594 700 5645 καὶ
746 5593 1075 5662 hycante“;
1131 5597 1225 5647 καὶ
1271 5598 1360 5647 τὸν
1398 5595 1508 5648 τοῦ·
1533 5596 1666 5648 Θεοῦ
1714 5596 1863 5656 λύεις

302 5685 483 5748 νόμον,
520 5684 790 5753 τοσαύτην
835 5687 1039 5753 τόλμαν
1067 5686 1280 5755 τολμῶν
1311 5688 1433 5740 ὅθεν
1469 5691 1571 5742 οὐκ
1603 5688 1717 5743 ἐστι
1739 5705 1869 5752 κερ-

304 5773 497 5828 δαίνειν
524 5776 693 5830 οὐδέν.
725 5778 786 5829 Ei
826 5777 869 5829 δ’
895 5770 971 5834 ὦν
1003 5778 1296 5848 λαμϐάνεις
1333 5782 1539 5836 ἐλάττω
1587 5783 1742 5847 δίδως
1771 5789 1863 5839 καὶ

1975 4691 2028 4735 et
2059 4680 2264 4736 stridor
2294 4681 2540 4734 dentium
2577 4691 2868 4734 usurarum
2919 4674 3128 4727 fructus
3171 4681 3272 4732 est,
3312 4679 3365 4723 et
3412 4685 3541 4724 cum

1975 4774 2322 4828 daemonibus
2360 4783 2413 4825 et
2470 4773 2852 4824 damnatorum
2894 4766 3098 4821 infelici
3133 4766 3287 4819 turba
3332 4763 3538 4832 perpeti

1974 4863 2313 4918 atrocissima
2355 4865 2439 4915 Ait
2465 4861 2607 4914 enim
2645 4878 2658 4912 :
2702 4878 2720 4911 ι
2759 4858 3019 4913 Discedite
3046 4871 3075 4909 a
3103 4870 3210 4919 me,
3241 4853 3534 4914 maledicti,

1975 4955 2030 5009 in
2069 4956 2244 5023 ignem
2274 4965 2533 5009 a-ternum
2561 4994 2575 5018 ,
2601 4954 2692 5021 qui
2754 4963 2975 5021 paratus
3001 4957 3082 5003 est
3114 4948 3327 5001 diabolo
3359 4957 3411 5000 et
3443 4963 3540 4998 an-

1975 5050 2110 5120 gelis
2140 5049 2280 5118 ejus.
2312 5068 2330 5100 ι

2045 5142 2190 5197 Nihil
2224 5143 2287 5194 ad
2341 5157 2428 5196 me
2458 5143 2581 5204 ism,
2626 5141 2700 5195 ait
2733 5140 3028 5201 fenerator,
3065 5137 3156 5207 qui
3197 5136 3413 5207 pauperi
3446 5149 3536 5188 ar-

1973 5243 2220 5304 gentum,
2259 5245 2312 5288 et
2363 5235 2562 5288 victum
2593 5274 2608 5301 ,
2639 5241 2694 5288 et
2726 5241 2900 5286 vestes
2935 5231 3296 5285 commodavi.
3329 5232 3392 5280 At
3424 5242 3531 5280 non

1971 5330 2038 5382 de
2075 5329 2330 5398 propriis,
2368 5328 2607 5396 quandiu
2657 5327 2711 5380 in
2770 5325 3021 5378 manibus
3075 5333 3153 5375 est
3202 5335 3386 5374 usura.
3423 5317 3532 5371 Lex

1970 5428 2152 5474 autem
2176 5420 2329 5488 jubet
2353 5419 2420 5472 de
2457 5419 2572 5473 suis
2601 5417 3022 5472 communicare.
3055 5415 3108 5467 Si
3151 5421 3204 5465 tu
3241 5427 3366 5464 vero
3402 5426 3535 5464 usu-

1973 5524 2064 5563 ras
2095 5525 2286 5564 omnes
2327 5509 2383 5563 in
2429 5523 2693 5578 pauperes
2722 5507 2986 5568 effundas,
3023 5503 3252 5572 primum
3289 5502 3526 5555 nondum

1973 5611 2065 5654 tua
2099 5599 2358 5668 prodigis.
2395 5599 2595 5654 Deinde
2624 5611 2718 5650 cur
2745 5595 2970 5664 accipis,
3010 5602 3267 5660 tantaque
3303 5593 3530 5651 audacia

1973 5691 2337 5760 suscipienda,
2369 5691 2509 5741 unde
2546 5689 2637 5740 tibi
2675 5685 2812 5740 nihil
2846 5685 3058 5754 prodes,
3098 5684 3186 5736 Dei
3213 5683 3381 5755 legem
3412 5687 3530 5740 vio-

1973 5786 2090 5840 las?
2121 5784 2270 5850 Quod
2299 5784 2342 5840 si
2379 5783 2557 5838 minus
2591 5781 2707 5846 das,
2735 5796 2896 5850 quam
2928 5779 3202 5850 accepisti,
3238 5795 3411 5852 neque
3435 5790 3528 5840 tua
