3982 6208
463 335 575 402 735

1724 350 2037 412 NlCOLAI
2078 355 2476 421 CABASILE

3580 374 3679 436 736

473 451 596 517 das,
647 463 700 508 et
757 454 938 510 adhuc
991 456 1168 512 aliena
1218 458 1453 514 retinere
1506 461 1953 530 deprehenderis,
1999 473 2052 519 et

2162 478 2298 543 πρός
2331 494 2396 546 γε
2441 480 2520 533 ἔτι
2553 481 2844 552 τάλλότρια
2893 482 3139 552 κατέχων
3165 465 3392 554 tiliam“
3438 483 3525 536 καὶ
3567 500 3678 536 τοσο

473 554 629 600 tanto
668 546 906 602 deterior
938 563 994 602 es
1027 549 1094 604 iis
1127 550 1216 619 qui
1272 552 1324 605 in
1379 554 1686 621 gehennam
1732 557 2039 622 mittantur,

472 647 678 704 quanto
708 639 1041 693 tolerabilius
1067 651 1150 695 cst
1183 657 1283 696 nec
1316 644 1452 699 bene
1484 647 1741 716 cuipiam,
1776 663 1874 702 nec
1905 649 2042 702 male

473 727 675 786 facere,
710 742 871 794 quam
908 731 1251 786 malefacere.

545 815 650 870 Sed
678 817 781 878 lex,
814 817 1007 886 inquit,
1032 825 1307 876 communi
1336 825 1480 878 bono
1508 829 1854 899 adversatur;
1886 850 2047 902 opor-

469 918 546 963 tet
581 910 720 962 enim
760 910 814 963 in
865 909 1182 968 civitatibus
1229 917 1526 974 creditores
1569 937 1712 976 esse.
1749 924 1910 993 Atqui
1951 943 2043 981 su-

470 999 622 1052 blato
667 999 852 1054 fenore
885 1005 1016 1057 nulli
1063 1007 1172 1062 sint
1207 1025 1431 1064 necesse
1480 1012 1688 1080 estqui
1746 1014 1876 1068 dent
1926 1033 2046 1070 mu-

467 1099 643 1146 tuum.
680 1094 822 1150 Deus
854 1099 1071 1166 quidem
1102 1101 1250 1169 quod
1283 1103 1588 1158 conducere
1645 1107 1894 1169 censuit,
1944 1109 2047 1165 hoc

468 1183 585 1253 lege
616 1189 970 1257 praescripsit.
1003 1191 1082 1244 Tu
1129 1193 1302 1261 legem
1350 1197 1630 1266 antiquas,
1667 1207 1722 1253 et
1768 1202 2045 1256 meliorem

468 1276 746 1333 ferendam
781 1289 958 1346 putas,
1002 1299 1164 1350 quam
1200 1284 1342 1339 Deus
1391 1290 1611 1355 tulerit,
1659 1303 1712 1345 et
1763 1295 2044 1348 communi

469 1370 755 1424 hominum
784 1373 1179 1428 consulendum
1219 1379 1545 1448 sapientius,
1577 1386 2048 1453 prospiciendum-

468 1478 574 1531 que
607 1466 920 1519 humanius.
964 1465 1105 1522 Sane
1131 1470 1174 1522 si
1209 1472 1459 1537 Athenis,
1490 1489 1813 1544 progressus
1842 1478 1894 1532 in
1934 1496 2045 1533 mc-

472 1557 644 1620 diunt,
682 1557 901 1612 Solonis
931 1558 1076 1630 leges
1119 1563 1464 1632 abroganuas
1509 1569 1740 1622 suadere
1790 1570 2044 1624 institue-

471 1667 582 1714 res,
616 1651 955 1724 moriendum
986 1654 1076 1707 tibi
1111 1655 1268 1722 foret,
1297 1669 1588 1727 antequam
1616 1677 1801 1715 vocem
1831 1665 2044 1718 ederes:

471 1757 615 1797 nunc
647 1743 737 1798 Dei
773 1744 941 1813 legem
985 1755 1250 1802 accusans
1277 1791 1291 1808 ,
1324 1760 1378 1804 et
1411 1753 1630 1820 quidem
1681 1755 1894 1822 injuriae
1945 1771 2044 1825 pu-

2150 567 2292 638 ούτῳ
2319 569 2513 639 χείρων
2533 569 2706 636 εἷςτῶν
2735 576 2810 636 είς
2844 573 2940 643 τὴν
2965 575 3190 642 γέενναν
3213 576 3382 626 ἀποπε
3393 575 3679 642 μπομένων,

2149 657 2276 708 ὅσον
2313 661 2690 728 ἀνεκτότερον,
2723 664 2783 715 τὸ
2817 665 2958 732 μήτε
2992 660 3051 717 εῦ
3086 664 3326 733 ποιῆσαι,
3357 664 3486 733 μήτε
3507 663 3679 726 κακῶς

2151 749 2244 799 τοῦ
2272 749 2466 817 δρᾶσαι
2499 752 2706 815 κακῶς.
3146 814 3156 823 ,

2236 838 2374 891 Ἀλλ’
2403 842 2430 893 ὁ
2461 841 2622 908 νόμος
2657 841 2732 911 τῷ
2766 842 2931 914 κοινῷ
2957 843 3228 895 λυσιτελεῖ
3258 843 3496 910 πολεμεῖ,
3529 845 3644 912 φησί
3664 861 3679 878 ο

2151 930 2231 984 δεῖ
2269 931 2376 1001 γὰρ
2419 933 2478 984 ὲν
2529 935 2650 992 ταῖς
2699 933 2886 988 πόλεσι
2935 937 3175 1005 χρήστας
3229 934 3386 989 εἶναι.
3438 937 3610 988 Τόκων
3636 937 3684 988 δὲ

2151 1023 2581 1093 ἀναιρουμένων,
2608 1026 2824 1096 ἀνάγκη
2853 1024 3097 1096 χρήστας
3125 1029 3199 1097 μὴ
3233 1021 3393 1080 εἶναι.
3425 1026 3527 1080 Καὶ
3548 1029 3574 1080 ό
3600 1028 3686 1094 μὲν

2152 1114 2304 1177 Θεὸς,
2333 1118 2429 1169 ὃτι
2468 1119 2772 1189 συμφέρειν
2798 1119 3045 1189 ἐνόμισεν
3080 1120 3243 1190 ἔθηκε
3262 1137 3278 1153 ·
3309 1122 3373 1175 σὺ
3403 1120 3456 1173 δὲ
3483 1122 3686 1191 διαγρά-

2154 1223 2296 1274 φεις,
2331 1209 2426 1261 καὶ
2457 1208 2558 1262 οἴει
2603 1209 2667 1279 δὴ
2703 1210 2799 1264 τοῦ
2839 1209 2974 1263 Θεοῦ
3005 1211 3210 1267 καλλίω
3241 1212 3577 1279 νομοθετεῖν;
3608 1215 3689 1264 καὶ

2152 1296 2246 1348 τοῦ
2268 1297 2448 1350 κοινοῦ
2477 1297 2583 1351 τῶν
2617 1299 2920 1368 ἀνθρώπων
2950 1301 3298 1370 προνοεῖσθαι
3340 1302 3435 1372 μὲν
3476 1303 3690 1370 σοφώτεο

2155 1403 2268 1454 ρον,
2299 1387 2560 1453 κήδεσθαι
2589 1389 2646 1441 δὲ
2679 1391 3224 1463 φιλανθρωπότερον;
3257 1393 3366 1445 Καὶ
3399 1393 3444 1444 εἰ
3487 1393 3576 1460 μὲν
3606 1393 3692 1445 Σό-

2155 1475 2322 1538 λωνος
2345 1476 2377 1544 ἦ
2401 1477 2722 1546 Λυκούργου
2746 1481 2908 1549 νόμον
2926 1481 3100 1544 ἔλυες,
3120 1483 3388 1552 Ἀθήνῃσι
3417 1483 3692 1551 παρελθὼν,

2154 1568 2256 1620 κᾶν
2277 1569 2620 1637 ἀπέθνησκες
2643 1573 2773 1642 πρὶν
2796 1575 3015 1643 ἀφεῖναι
3044 1577 3229 1646 φωνήν
3257 1594 3269 1606 ο
3309 1577 3402 1629 νῦν
3428 1577 3480 1629 δὲ
3507 1577 3590 1628 τὸν
3613 1575 3696 1628 τοῦ

2154 1657 2289 1711 Θεοῦ
2321 1660 2482 1729 νόμον
2526 1665 2897 1732 γραφόμενος,
2937 1670 3030 1719 καὶ
3064 1667 3240 1721 ταῦτα
3295 1668 3562 1736 δημοσίων
3602 1669 3701 1721 ἀδι-

2157 1751 2439 1820 κημάτων,
2468 1754 2527 1806 ού
2550 1755 2850 1825 παράνοιαν
2872 1759 2977 1826 ἡγῇ
3009 1761 3106 1827 τὴν
3130 1760 3360 1827 τόλμαν,
3383 1759 3498 1810 οὐδὲ
3525 1759 3701 1826 μανίαν

474 1835 646 1899 Ιιιὶοαι,
676 1853 782 1891 non
821 1838 962 1892 hanc
998 1841 1354 1896 temeritatem
1388 1855 1546 1912 putas
1595 1846 1892 1913 iniuriam;
1940 1865 2046 1902 non

2158 1843 2252 1912 τὴν
2283 1843 2540 1915 ἐσχάτην,
2573 1845 2693 1899 οὐδὲ
2728 1851 3009 1917 σκηπτοὺς
3043 1851 3397 1921 προσδοκᾷς;
3448 1849 3701 1918 μᾶλλονδὲ

473 1931 766 1983 amentiam
798 1942 1118 1993 extremam.
1149 1949 1247 1987 nec,
1279 1936 1484 1989 fulmen
1515 1940 1892 2006 metuis.Quin
1930 1941 2044 1994 imo

473 2036 584 2075 non
619 2032 773 2077 erant
809 2024 964 2078 nobis
1000 2027 1162 2080 verba
1204 2026 1444 2082 facienda
1477 2029 1545 2082 ad
1584 2039 1689 2084 tam
1724 2032 2048 2100 insipientes

473 2129 628 2183 atque
681 2131 743 2169 ac
793 2120 1132 2175 temerarios.
1164 2119 1241 2176 Ne
1278 2133 1458 2178 tamen
1503 2125 1888 2182 existimentur
1938 2132 2044 2183 ali-

476 2208 606 2276 quid
638 2209 819 2263 dicere
847 2220 899 2264 et
931 2213 1192 2280 quosdam
1242 2215 1292 2266 in
1335 2230 1574 2270 errorem
1613 2219 1904 2287 deducant,
1935 2239 2053 2276 ont-

479 2304 631 2356 nium
672 2304 996 2359 saeculorum
1033 2308 1367 2375 respublicas
1396 2310 1532 2365 bene
1571 2323 1898 2382 temperatas
1925 2333 2053 2370 con—

475 2393 794 2460 sideremus,
825 2396 876 2450 in
899 2398 1097 2466 quibus
1127 2398 1300 2454 fenori
1326 2405 1630 2458 exercendo
1659 2404 1812 2462 locus
1859 2409 2046 2465 nullus

478 2484 600 2540 fuit.

552 2576 814 2640 Primum,
849 2577 1056 2634 llebrzei
1101 2598 1214 2651 quo
1267 2583 1599 2641 infeliciores
1639 2588 1881 2654 fuerunt,
1924 2593 2055 2662 quia

478 2669 650 2732 legem
705 2675 1048 2727 servarunt?
1109 2690 1288 2732 nonne
1329 2677 1675 2735 felicissimi?
1718 2699 1897 2737 nonne
1939 2694 2056 2740 tro-

487 2765 620 2832 ptris
669 2757 1010 2821 ﬂoruerunt?
1060 2783 1239 2824 nonne
1303 2772 1546 2828 hostium
1588 2776 1842 2844 regiones
1889 2793 2056 2832 occu-

479 2856 713 2924 parunt?
761 2855 860 2922 Qui
891 2874 1053 2927 porro
1083 2877 1228 2916 nunc
1261 2863 1606 2920 Palaestinam
1640 2868 1888 2922 habitant
1918 2869 2056 2923 Bar-

481 2947 618 3009 bari,
647 2957 700 3002 et
727 2966 857 3019 gens
891 2961 996 3004 tam
1033 2952 1290 3023 frequens
1319 2957 1640 3013 Latinorum
1669 3001 1684 3025 ,
1717 2969 1928 3016 tantum
1975 2964 2056 3018 le-

480 3055 599 3108 gent
634 3058 740 3096 non
776 3043 1083 3110 adorantes,
1118 3063 1302 3103 nonne
1339 3050 1482 3104 bene
1511 3052 1750 3108 habent?
1779 3054 1922 3111 Solis
1956 3073 2056 3111 no-

2155 1933 2257 1987 tam
2284 1935 2386 2004 μὲν
2411 1937 2540 2006 ἡμῖν
2577 1939 2786 2002 οὐδενὸς
2809 1941 2909 2013 ήδη
2941 1942 3100 2008 λόγου
3133 1942 3271 2012 πρὸς
3319 1943 3441 2004 τοὺς
3472 1943 3702 2010 ἀνοήτους

2152 2026 2396 2090 τούτους,
2436 2030 2532 2098 οὐχ
2580 2027 2741 2102 ἦττον
2775 2033 2807 2101 ἢ
2855 2032 3180 2102 τολμηρούς,
3222 2034 3315 2096 Ὠς
3354 2032 3419 2086 ἀν
3451 2033 3504 2084 δὲ
3535 2033 3602 2103 μὴ
3629 2032 3703 2084 λέ-

2153 2133 2271 2184 γειν
2300 2135 2353 2170 τι
2375 2119 2676 2188 δοκοῦντες,
2709 2122 2885 2184 ἐνίους
2913 2122 3226 2188 ἐξαπατῶσι
3257 2162 3272 2187 ,
3320 2122 3598 2190 σκοπῶμεν
3616 2122 3702 2184 τὰς

2155 2213 2219 2263 ὲκ
2265 2210 2358 2264 τοῦ
2411 2213 2613 2274 παντὸς
2663 2214 2860 2278 αἰῶνος
2891 2216 3192 2278 πολιτείας,
3241 2217 3304 2269 αἶ
3343 2215 3517 2278 καλῶς
3547 2213 3706 2267 ἐπολί-

2140 2321 2378 2370 τευσαν,
2415 2297 2491 2359 ὧν
2530 2307 2687 2370 τόκος
2716 2302 2783 2377 ἦν
2813 2308 3073 2377 οὐδαμοῦ.

2227 2579 2336 2631 Καὶ
2377 2578 2596 2648 πρῶτον
2645 2577 2892 2648 Ἑϐραῖοι
2929 2577 2984 2631 τί
3016 2581 3200 2648 χεῖρον
3229 2576 3493 2647 ἔπραξαν,
3527 2577 3601 2629 ὅτι
3626 2575 3702 2627 τὸν

2156 2672 2320 2740 νόμον
2361 2670 2607 2735 ἔσωσανς
2658 2671 2719 2722 οὐ
2761 2670 2938 2724 πάντα
2988 2670 3290 2740 εὐτύχουνς
3338 2671 3397 2722 οὐ
3444 2669 3700 2740 τροπαίοις

2157 2763 2437 2833 ἦνθησανς
2486 2763 2544 2814 οὐ
2599 2761 2700 2832 τὴν
2741 2763 3020 2831 πολεμίων
3069 2762 3467 2831 ἐκαρπώσαντο
3494 2757 3700 2828 γῆνςοί

2157 2852 2216 2906 δὲ
2241 2854 2334 2906 νῦν
2363 2852 2726 2923 Παλαιστίνην
2759 2851 3038 2916 οἰκοῦντες
3073 2853 3367 2925 βάρϐαροι,
3403 2851 3629 2906 τοσαῦτα
3653 2849 3701 2902 δὲ

2157 2944 2287 3015 γένη
2336 2945 2605 3007 Λατίνων,
2635 2943 2698 2996 ού
2731 2945 2891 3012 μόνον
2925 2944 2985 2996 ού
3034 2945 3122 2994 τὸν
3156 2945 3329 3014 νόμον
3362 2937 3702 3008 προσκυνοῦνι

2156 3055 2249 3101 τες
2277 3037 2344 3091 εὖ
2381 3037 2713 3106 πράττουσι;
2745 3036 2944 3099 Μόνοις
2972 3035 3029 3088 δὲ
3071 3037 3202 3104 ἡμῖν
3235 3037 3337 3088 οὐκ
3366 3029 3461 3086 οἷδ’
3489 3035 3514 3086 ὃ
3543 3049 3590 3085 τι
3619 3047 3705 3100 μα»-

483 3134 568 3187 bis
614 3135 800 3190 nescio
850 3137 978 3204 quid
1023 3137 1452 3207 iutelligentiltus
1500 3146 1720 3212 sapiens
1755 3146 1858 3201 hoc
1888 3164 2055 3218 genus

2163 3131 2340 3195 θοῦσι,
2365 3131 2425 3184 τὸ
2461 3131 2624 3200 σοφὸν
2651 3129 2809 3182 τοῦτο
2826 3130 2933 3183 τῶν
2951 3129 3309 3197 τοκογλύφων
3335 3127 3506 3196 γένος,
3535 3124 3704 3193 καινήν

483 3226 838 3288 creditorum,
869 3243 1065 3283 novam
1104 3235 1397 3299 quamdam
1432 3236 1743 3301 reipublicae
1775 3240 2004 3294 salutem
2040 3280 2057 3306 ,

480 3317 828 3387 iniquitatem
867 3321 1078 3376 scilicet
1111 3323 1335 3392 invenit,
1368 3335 1424 3381 et
1469 3329 1694 3384 student
1731 3339 2058 3400 persuadere

483 3411 833 3479 hominibus,
882 3432 1002 3485 quae
1043 3421 1223 3487 primo
1275 3418 1486 3473 homini
1530 3421 1740 3490 primus
1794 3425 2062 3494 impostor

482 3508 775 3576 persuasit,
805 3509 1080 3564 mandatis
1132 3509 1224 3566 Dei
1271 3528 1424 3567 suam
1457 3517 1783 3571 sententiam
1835 3527 2061 3589 antepo-

487 3613 637 3662 nere,
665 3609 718 3653 ct
755 3599 844 3654 illa
881 3602 1224 3672 negligenda,
1257 3606 1371 3660 suis
1401 3617 1580 3662 autem
1629 3609 2015 3666 adhmrendum
2041 3653 2057 3678 ,

486 3697 547 3742 ut
574 3690 816 3744 omnium
849 3694 1104 3761 optimis;
1131 3706 1185 3750 et
1210 3697 1410 3752 violare
1443 3700 1606 3768 leges,
1643 3702 1775 3756 nihil
1800 3717 1920 3758 esse
1945 3705 2064 3774 pia-

486 3773 690 3842 culare.
713 3793 761 3837 et
804 3783 1027 3854 insuper
1055 3787 1106 3840 id
1143 3789 1495 3857 audentibus,
1528 3791 1678 3858 utile;
1711 3773 2063 3862 quemadmo-

487 3868 616 3923 dum
651 3882 921 3928 veterator
951 3876 1038 3931 ille
1071 3894 1084 3931 :
1127 3897 1144 3929 ι
1188 3877 1330 3942 Νοη,
1367 3882 1584 3950 inquit,
1639 3896 1815 3940 morte
1864 3893 2062 3943 morte-

488 3962 644 4022 ntini,
677 3964 768 4018 sed
801 3966 954 4021 eritis
985 3968 1128 4022 sicut
1159 3969 1233 4023 dii
1260 3971 1301 4024 ⁷.
1335 3989 1354 4022 ι
1384 3973 1466 4026 Au
1504 3991 1612 4029 non
1651 3977 1786 4031 tales
1813 3989 1943 4032 sunt
1969 3980 2064 4041 ho-

488 4067 610 4106 rum
644 4057 849 4110 voces?
883 4056 947 4111 Et
983 4058 1098 4113 haec
1132 4063 1433 4117 sentientes
1471 4080 1576 4118 non
1607 4068 2060 4134 contremiscunt,

488 4158 590 4199 nec
620 4147 948 4210 erubescunt
977 4172 987 4202 ι
1021 4151 1112 4204 sed
1145 4151 1195 4204 in
1233 4154 1436 4221 quibus
1469 4155 1571 4222 ipsi
1617 4157 1936 4225 reipublicae
1967 4159 2061 4214 de-

490 4237 793 4292 trimentosi
820 4251 968 4303 sunt,
999 4251 1056 4294 et
1099 4255 1318 4311 pr0pter
1360 4260 1481 4313 qtue
1535 4245 1740 4302 ultimis
1790 4249 2059 4303 mactandi

489 4340 674 4384 essent
700 4333 1056 4394 cruciatibus,
1083 4334 1278 4387 horutn
1313 4336 1486 4405 legem
1515 4337 1753 4391 divinam
1779 4349 2060 4394 accusant.

490 4419 634 4474 Deus
664 4420 808 4473 enim
851 4430 1141 4489 utrumque
1174 4425 1428 4493 praecepit
1456 4465 1470 4488 ,
1520 4433 1575 4478 et
1609 4427 1907 4484 creditores
1943 4444 2063 4486 esse

491 4511 544 4564 in
577 4510 821 4572 urbibus,
865 4522 917 4564 et
953 4528 1144 4592 usuras
1190 4515 1380 4569 abesse
1411 4517 1479 4571 ab
1526 4519 1774 4576 urbibus.
1805 4523 1869 4576 Ili
1911 4539 2062 4592 vero,

489 4597 616 4665 quia
661 4612 767 4650 non
819 4596 979 4652 liceat
1026 4599 1276 4665 lenerari,
1327 4605 1446 4660 ideo
1486 4623 1585 4662 nec
1640 4622 1891 4666 mututtm
1928 4614 2064 4668 dan-

491 4685 618 4739 dum
657 4695 910 4754 putantes
943 4689 1044 4758 ipsi
1075 4693 1379 4750 creditores
1406 4711 1471 4750 ex
1503 4698 1734 4756 urbibus
1768 4703 1984 4768 tollunt,
2009 4712 2065 4760 et

490 4792 552 4830 ea
581 4776 646 4830 de
682 4794 738 4829 re
769 4779 935 4847 legem
980 4786 1404 4851 reprehendunt.

561 4868 886 4938 Quanquam
924 4875 970 4928 si
1007 4885 1254 4932 mutuum
1292 4897 1397 4936 non
1431 4896 1646 4953 potet-at
1698 4903 1892 4953 purum
1941 4905 2063 4945 esse

491 4959 560 5013 ab
591 4976 777 5022 usura,
802 4973 854 5014 et
883 4974 1074 5018 natura
1108 4969 1266 5022 aliter
1297 4988 1399 5026 non
1429 4975 1661 5037 sinebat,
1691 4978 1782 5030 sed
1817 4981 2065 5033 necessi-

494 5060 602 5105 tate
634 5055 943 5118 eveniebat,
987 5066 1044 5110 ut
1075 5060 1303 5115 sublatis
1333 5067 1514 5120 usuris
1545 5083 1720 5135 neque
1765 5070 2066 5126 creditores

491 5160 611 5198 esse
635 5157 877 5213 possent,
906 5165 1119 5217 aequum
1145 5163 1262 5207 erat
1288 5157 1497 5224 culpam
1526 5159 1763 5214 tribuere
1795 5162 1922 5230 legi,
1947 5179 2068 5224 quae

491 5252 601 5292 non
647 5240 920 5306 exegisset
964 5241 1330 5312 feneratores,
1392 5249 1698 5306 induxisset
1746 5262 1923 5308 autem
1976 5269 2070 5322 per

491 5343 608 5392 eos,
639 5345 776 5398 quos
808 5335 1117 5390 necessario
1147 5353 1255 5392 non
1286 5342 1570 5412 exegisset.
1617 5343 1770 5410 Quod
1811 5346 1854 5399 si
1906 5343 2056 5399 fenc-

497 5421 652 5475 randi
689 5424 992 5479 necessitas
1018 5428 1162 5480 nulla
1195 5444 1419 5498 prorsus
1441 5442 1545 5496 est,
1576 5450 1676 5489 nec
1700 5443 1896 5487 natura
1915 5434 2073 5503 quid-

497 5525 662 5579 quam
691 5524 833 5568 vetat
864 5518 1036 5585 gratis
1073 5523 1444 5584 commodare.
1486 5535 1541 5579 et
1568 5534 1838 5580 testantur
1869 5524 1922 5578 id
1951 5540 2072 5580 om-

499 5618 598 5657 nes
634 5607 912 5674 mortales,
953 5611 1046 5681 qui
1089 5621 1236 5669 tuam
1275 5618 1599 5673 sententiam
1631 5617 1982 5688 despiciunt;
2016 5629 2072 5675 tu

577 5785 598 5814 ⁷
639 5784 777 5841 Gen.
815 5802 897 5854 tu,
936 5789 988 5858 ι,
1015 5790 1067 5846 5.

2159 3241 2281 3276 τινα
2315 3223 2588 3292 σωτηρίαν
2619 3220 2714 3274 τοῦ
2745 3220 2950 3286 κοινοῦ,
2981 3220 3081 3291 τὴν
3116 3223 3472 3292 παρανομίαν
3519 3217 3704 3285 ἐξεῦρε,

2161 3320 2258 3372 καὶ
2289 3317 2514 3388 ζητοῦσι
2545 3315 2757 3369 πείθειν
2789 3314 3134 3387 ἀνθρώπους,
3178 3314 3218 3368 ἃ
3248 3316 3341 3368 τὸν
3381 3312 3588 3381 πρῶτον
3626 3310 3706 3362 ἀν-

2163 3410 2381 3480 θρωπον
2417 3412 2445 3462 ό
2475 3408 2692 3479 πρῶτος
2730 3407 2917 3462 ἔπεισε
2953 3407 3325 3479 συκοφάντης,
3368 3426 3476 3462 των
3505 3401 3710 3459 ἐντολῶν

2161 3501 2256 3555 τοῦ
2282 3498 2420 3552 Θεοῦ
2455 3498 2555 3570 τὴν
2593 3498 2772 3552 αὐτῶν
2824 3497 3184 3551 ἀλλάττεσθαι
3214 3498 3466 3568 γνώμην,
3511 3492 3708 3550 καὶτὰς

2165 3590 2265 3662 μὲν
2296 3590 2578 3660 περιορᾷν,
2606 3589 2792 3651 αὐτοῖς
2816 3587 2874 3640 δὲ
2899 3585 3298 3656 προστίθεσθαι
3321 3585 3450 3644 δεῖν,
3478 3584 3549 3644 ὡς
3573 3581 3628 3647 δὴ
3652 3577 3707 3630 τὰ

2164 3683 2420 3753 βέλτιστα
2473 3682 2691 3734 πάντων
2755 3679 3059 3747 εἰσάγουσι,
3118 3677 3215 3730 καὶ
3277 3678 3338 3731 τὸ
3398 3673 3707 3745 παρανομεῖν

2161 3772 2286 3827 οὔτε
2327 3772 2498 3826 δεινὸν
2521 3770 2674 3823 οὐδὲν
2703 3765 2861 3834 εἶναι,
2909 3769 3005 3822 καὶ
3045 3770 3183 3838 πρός
3215 3785 3282 3835 γε
3315 3769 3429 3828 τοῖς
3462 3763 3706 3828 τολμῶσιν

2162 3866 2351 3934 ὄφελος
2369 3863 2528 3928 εἶναι,
2546 3863 2795 3929 καθάπερ
2817 3865 2844 3914 ὁ
2864 3860 3097 3931 πονηρὸς
3120 3862 3354 3923 ἐκεῖνος,
3383 3877 3400 3908 ι
3429 3858 3500 3910 Οὐ
3524 3853 3709 3920 Θανάτῳ

2161 3955 2546 4016 ἀποθανεῖσθε,
2584 3953 2775 4023 φησιν,
2801 3950 2915 4004 ἀλλ’
2950 3951 3158 4013 ἔσεσθε,
3193 3950 3272 4012 ὡς
3313 3949 3447 4003 θεοί.
3475 3966 3492 3999 ι
3530 3946 3595 3998 Οὐ
3615 3958 3712 3994 τοι·

2165 4050 2308 4105 αῦτα
2339 4049 2447 4118 γὰρ
2479 4046 2588 4100 τῶν
2619 4043 2828 4113 ἀνδρῶν
2868 4043 2934 4095 τά
2975 4045 3237 4113 ρήματα;
3298 4043 3394 4094 καὶ
3440 4038 3600 4092 ταῦτα
3644 4051 3711 4085 τι·

2164 4140 2370 4204 θέντες,
2406 4135 2530 4191 οὗτε
2560 4136 2902 4204 φρίττουσιν,
2937 4131 3061 4185 οὗτε
3093 4134 3466 4200 αἰσχύνονται,
3492 4127 3614 4181 ἀλλὰ
3633 4124 3712 4176 καὶ

2163 4225 2238 4286 ὧν
2270 4231 2422 4284 αὐτοὶ
2441 4229 2518 4298 τῷ
2549 4228 2714 4297 κοινῷ
2743 4225 3118 4296 λυμαίνονται,
3149 4227 3245 4278 καὶ
3277 4224 3419 4293 ὑπὲρ
3449 4216 3519 4276 ὦν
3545 4221 3605 4274 ἀν
3631 4218 3712 4277 τὰς

2165 4322 2398 4392 ἐσχάτας
2433 4321 2620 4374 ἔδοσαν
2667 4320 2858 4380 δίκας,
2908 4320 3114 4370 τούτων
3166 4318 3456 4370 αἰτιῶνται
3503 4315 3589 4367 τὸν
3631 4315 3712 4362 τοῦ

2166 4413 2299 4468 Θεοῦ
2329 4414 2512 4483 νόμον.
2549 4412 2608 4465 Ὀ
2645 4414 2743 4480 μὲν
2777 4409 2886 4479 γὰρ
2917 4408 3085 4478 ἄμφω
3122 4407 3358 4469 κελεύει,
3385 4407 3476 4458 καὶ
3499 4403 3712 4474 χρήστας

2088 4487 2223 4557 1)Ξὲν
2257 4507 2374 4566 ταῖς
2424 4503 2640 4556 πόλεσιν
2679 4497 2840 4562 εἶναι,
2885 4500 2979 4553 καὶ
3026 4499 3218 4562 τόκους
3271 4499 3514 4551 ἀπεῖναι.
3563 4495 3618 4547 Οἱ
3648 4490 3712 4550 δὲ,

2163 4595 2242 4661 τῷ
2278 4593 2353 4664 μὴ
2399 4593 2635 4656 τοκίζειν
2667 4592 2890 4654 ἐξεῖναι,
2937 4589 3071 4658 μηδὲ
3115 4588 3389 4652 δανείζειν
3437 4584 3713 4684 demam?

2165 4688 2317 4740 αὐτοὶ
2365 4686 2465 4754 μὲν
2522 4684 2804 4752 ἀναιροῦσι
2864 4683 3040 4749 δήπου
3104 4681 3162 4732 τὸ
3215 4682 3462 4750 χρήστας
3513 4679 3568 4728 ἐν
3613 4679 3716 4730 ταῖς

2163 4779 2387 4832 πόλεσιν
2427 4770 2598 4838 εἰναι,
2629 4774 2703 4842 τῷ
2736 4773 2884 4841 νόμῳ
2914 4772 2966 4824 δὲ
2999 4771 3060 4823 τὸ
3091 4771 3325 4840 πρᾶγμα
3366 4771 3675 4838 μέμφονται.

2235 4869 2448 4931 Καίτοι,
2485 4869 2532 4919 εἰ
2578 4866 2677 4932 μὲν
2704 4866 2803 4916 οὐκ
2832 4863 2960 4930 ἐξῆν
3018 4861 3255 4930 καθαρὸν
3291 4857 3430 4912 εἶναι
3475 4859 3637 4909 τόκων
3663 4850 3714 4900 τὸ

2166 4964 2397 5024 δάνειον,
2433 4961 2526 5011 καὶ
2558 4957 2779 5028 ἡφύσις
2825 4955 3002 5017 ἄλλως
3051 4956 3110 5007 ού
3163 4953 3482 5024 συνεχώρει,
3534 4946 3638 4999 ἀλλ’
3665 4957 3716 5002 ες

2169 5058 2418 5122 ἀνάγκης
2448 5053 2687 5118 ἀπήντα,
2720 5049 2896 5102 τόκων
2933 5047 3368 5117 ἀναιρουμένων,
3403 5044 3534 5112 μηδὲ
3562 5041 3716 5091 δανειο

2171 5150 2301 5210 στὰς
2332 5142 2472 5200 εἰναι
2503 5142 2783 5204 δύνασθαι,
2826 5142 2930 5194 κᾶν
2969 5141 3116 5202 εἰκὸς
3144 5135 3210 5209 ἦν
3252 5137 3351 5208 τὴν
3380 5137 3552 5187 αἰτίαν
3579 5133 3714 5194 ἄγειν

2170 5245 2260 5296 επὶ
2289 5242 2377 5296 τὸν
2409 5242 2590 5308 νόμον,
2638 5238 2696 5299 ὃς
2727 5237 2827 5289 οὐκ
2855 5235 3100 5305 ἀπήλασε
3144 5235 3240 5302 μὲν
3277 5230 3577 5289 δανειστὰς,
3618 5236 3714 5274 at:-

2171 5338 2368 5406 ήνεγκε
2399 5335 2454 5387 δὲ
2488 5333 2553 5386 δι’
2580 5327 2653 5386 ὧν
2679 5332 2738 5395 ἐξ
2761 5331 3004 5398 ἀνάγκης
3036 5327 3339 5397 ἀπήλασεν.
3363 5325 3424 5375 Et
3450 5317 3709 5421 Edidi.qu

2171 5430 2269 5498 μὲν
2295 5425 2530 5490 τοκίζειν
2557 5424 2664 5479 οὐδ’
2697 5420 2939 5492 ἡτισοῦν,
2972 5422 3006 5490 ἦ
3035 5437 3093 5472 τε
3124 5418 3282 5489 φύσις
3315 5415 3465 5468 οὐδὲν
3494 5409 3709 5464 ἐκώλυσε

2171 5521 2374 5590 προῖκα
2394 5518 2666 5586 γενέσθαι,
2693 5517 2786 5570 καὶ
2816 5511 3191 5584 μαρτυροῦσιν
3213 5509 3488 5580 ἄνθρωποι
3512 5509 3710 5559 πάντες,

2169 5615 2218 5670 οἳ
2245 5615 2342 5687 τὴν
2375 5615 2474 5687 σὴν
2505 5612 2833 5683 ἀτιμάζουσι
2862 5610 3065 5682 ψῆφον,
3106 5609 3169 5664 σὺ
3201 5607 3256 5662 δὲ
3279 5604 3500 5677 went);
3525 5596 3710 5670 μοκθτῖ·
