3982 6208
272 327 376 390 737

1299 330 1584 391 ORATIO
1628 332 1934 392 CONTRA
1978 328 2565 393 FENERATORES.

3419 334 3528 401 738

266 444 360 515 ρία
390 444 616 515 κέρδους
647 443 815 514 χωρὶς
842 445 902 497 οὐ
931 444 1131 515 χρῆσαι
1158 445 1362 517 τολμᾷς
1383 461 1398 478 ο
1422 448 1476 500 τί
1508 450 1609 516 τὴν
1639 448 1839 517 προαί-

1947 455 2124 500 autem
2155 446 2424 514 pravitate
2472 445 2640 499 animi
2688 446 2898 515 absque
2925 461 3020 517 spe
3051 447 3187 525 lucri
3221 463 3329 504 non
3355 452 3526 505 audes

266 552 419 604 ρεσιν
448 536 607 603 ἀφεὶς
642 537 743 604 τῆς
788 536 986 601 αίτίας,
1019 530 1094 589 ὧν
1129 537 1236 589 ἔδει
1269 542 1458 591 κακῶν
1488 541 1705 603 σαυτὸν,
1738 541 1832 593 τὸν

261 627 431 693 νόμον
461 626 751 693 ὲγκαλεῖς;
785 627 879 680 καὶ
906 626 1180 697 δημοσίων
1210 628 1567 699 ἀδικημάτων
1599 630 1840 693 διώκεις,

260 712 343 769 ὧν
371 717 534 775 αὐτὸς
559 719 734 778 αἴτιος
766 713 853 777 εἷς
892 717 954 769 El
991 717 1092 786 μὲν
1126 719 1235 787 γὰρ
1268 718 1481 789 ἄμαχόν
1521 738 1642 774 τινα
1668 721 1847 773 κεκώ-

262 810 396 863 λυκε
430 811 679 880 χρήστην
705 804 846 862 εἶναι
877 810 973 861 καὶ
1007 812 1142 877 προς
1174 812 1447 874 τοιούτους
1482 813 1672 879 λόγους
1697 810 1842 883 εἶχεν

265 902 595 970 ἀναχωρεῖν,
630 899 753 953 ὅθεν
784 900 849 953 ἂν
884 901 1149 973 ἐβείκνυς.
1179 904 1275 971 οὐχ
1307 903 1448 956 ἑκὼν
1479 904 1843 973 ἁμαρτάνεις,

265 992 501 1053 εἰκότως
552 991 618 1043 ἂν
681 991 951 1062 παρῃτοῦ,
1012 993 1327 1060 μετατιθεὶς
1358 995 1466 1046 ἀπὸ
1512 996 1710 1049 σαυτοῦ
1746 996 1844 1065 τὴν

268 1082 478 1150 μέμψιν
505 1083 764 1151 ἑτέρωσε.
802 1079 914 1134 Νῦν
944 1083 999 1136 δὲ
1024 1083 1121 1152 τὴν
1154 1086 1478 1154 προαίρεσιν
1508 1088 1841 1156 προϊσχόμε-

266 1190 378 1237 νος,
412 1174 507 1227 καὶ
531 1173 592 1225 τὸ
626 1174 765 1238 πρὸς
789 1173 981 1241 κέρδος
1008 1175 1278 1238 δανείζειν
1307 1176 1594 1245 βούλεσθαι
1627 1180 1748 1247 μὲν,
1777 1183 1839 1234 οὐ

270 1262 674 1333 συγχωρεῖσθαι
701 1263 760 1316 δὲ
794 1264 990 1332 κομιδῆ
1024 1266 1254 1331 γελοῖον,
1288 1268 1336 1318 εί
1370 1268 1610 1336 νομίζεις
1640 1270 1841 1321 ἀπολο-

267 1352 505 1419 γεῖσθαι,
538 1351 607 1405 τὰ
632 1353 801 1422 ὲγκλή
812 1370 963 1422 ματα
988 1354 1128 1407 λύων
1154 1356 1339 1418 αὐτοῖς
1368 1358 1481 1418 τοῖς
1506 1358 1838 1427 ἐγκλήμασι,

271 1447 363 1499 καὶ
397 1446 538 1514 ὑπὲρ
565 1437 626 1497 οὗ
648 1445 818 1516 διώκῃ
849 1445 943 1499 τοῦ
987 1444 1178 1517 γνώμῃ
1217 1447 1454 1518 πονηρὸς
1486 1446 1648 1516 εἶναι,
1692 1451 1841 1505 τοῦθ’

268 1538 407 1607 ἡμῖν
441 1538 557 1590 ἀντ’
586 1536 754 1605 ἄλλης
782 1536 1082 1604 ἀπολογίας
1129 1539 1553 1609 προϐάλλεσθαι.
1605 1542 1679 1596 Οὐ
1709 1543 1839 1613 γὰρ,

269 1631 355 1681 ὅτι
380 1628 651 1692 δανείζειν
683 1628 761 1697 μὴ
787 1628 1039 1688 δύνασαι.
1083 1628 1264 1697 λέγειν
1295 1630 1465 1699 ἔχεις,
1497 1630 1615 1684 ἀλλ’
1650 1632 1732 1684 ὅτι
1766 1631 1841 1701 μὴ

270 1722 455 1789 βούλει
491 1723 652 1776 τόκου
683 1722 876 1792 χωρίς.
914 1722 1074 1776 Οῦτω
1099 1723 1156 1776 δὲ
1199 1725 1292 1776 καὶ
1324 1724 1418 1776 τὸν
1466 1724 1655 1794 μοιχὸν
1684 1724 1839 1794 ὲροῦ·

1945 538 2072 591 dare
2110 548 2358 592 mutuum
2395 554 2410 603 ;
2452 536 2584 605 quid
2613 539 2944 591 voluntatem
2992 547 3134 593 tuam
3163 541 3394 596 crimine
3430 558 3529 595 an-

1946 628 2139 689 solvis.
2174 635 2230 681 et
2257 641 2495 695 quorum
2530 636 2583 681 te
2628 626 2803 694 ipsum
2838 626 3098 691 debebas,
3130 644 3318 683 eorum
3358 630 3526 698 legem

1946 732 2198 782 accusas,
2228 717 2686 785 publicorumque
2716 718 2984 772 malorum
3010 721 3264 784 arcessis,
3291 736 3525 789 quorum

1949 817 2001 862 tu
2040 808 2153 875 ipse
2187 822 2314 863 reus
2345 806 2443 860 es?
2469 806 2523 858 Si
2549 810 2692 859 enim
2724 806 2926 876 aliquid
2961 809 3377 877 inexpugnabile
3402 826 3535 875 pro-

1947 899 2157 953 biberet
2210 899 2542 953 creditorem
2586 914 2728 963 esse,
2762 908 2816 953 et
2857 914 2922 954 eo
2967 915 3156 968 posses
3207 902 3527 971 conlngere,

1948 993 2091 1045 unde
2122 992 2447 1047 ostenderes
2493 1001 2542 1045 te
2588 1006 2696 1045 non
2726 992 2995 1046 volentem
3038 1008 3287 1061 peccare,
3321 996 3522 1049 merito

1945 1084 2163 1137 veniam
2199 1083 2547 1153 impetrares,
2585 1092 2637 1136 et
2672 1084 3156 1151 reprehensionem
3196 1085 3527 1141 amolireris.

1944 1171 2103 1228 Nunc
2130 1173 2471 1228 voluntatem
2518 1183 2841 1241 praetexens,
2872 1184 2926 1228 et
2970 1176 3176 1243 absque
3208 1176 3361 1231 lucro
3392 1177 3528 1231 vrlle

1947 1273 1999 1319 te
2025 1264 2246 1333 quidem
2277 1264 2410 1318 dare
2441 1273 2694 1317 mutuum
2721 1262 3009 1336 promens,
3047 1281 3153 1319 non
3192 1274 3376 1321 autem
3410 1281 3531 1335 per-

1945 1356 2110 1421 mitti,
2162 1370 2277 1410 rem
2325 1356 2615 1410 ridiculam
2663 1356 2960 1410 admodum
2998 1357 3155 1419 facis.
3207 1359 3253 1414 si
3300 1359 3529 1414 crimina

1944 1444 2269 1500 criminibus
2306 1447 2508 1501 tuendo
2544 1456 2595 1500 te
2622 1446 2897 1513 defendis,
2915 1457 2970 1502 et
3004 1449 3055 1502 in
3085 1463 3194 1518 quo
3218 1451 3531 1513 accusatis,

1943 1537 2091 1606 quod
2123 1538 2311 1592 animo
2342 1537 2420 1593 sis
2448 1538 2721 1607 improbo,
2754 1538 2806 1594 id
2848 1540 3008 1596 nobis
3039 1556 3135 1610 pro
3171 1542 3531 1611 responsione

1943 1626 2107 1695 objici
2160 1642 2320 1696 posse
2353 1627 2661 1682 existimas.
2690 1626 2810 1682 Non
2847 1630 2995 1683 enim
3035 1638 3190 1699 potes
3228 1630 3434 1697 dicere,
3474 1638 3529 1684 te

1945 1733 2052 1772 non
2087 1732 2249 1787 posse
2281 1716 2412 1772 dare
2442 1728 2716 1783 mutuum,
2743 1718 2839 1773 sed
2871 1734 2976 1773 non
3010 1720 3147 1779 velle
3203 1720 3413 1792 absque
3446 1721 3530 1776 le-

270 1831 395 1884 μεν,
457 1816 675 1869 καὶτὸν
712 1813 1073 1885 ἀνδροφόνον,
1116 1815 1199 1869 ὅτι
1254 1818 1468 1886 πονηρᾷ
1520 1816 1716 1887 γνώμῃ
1774 1817 1842 1869 τὰ

1947 1823 2106 1861 nore.
2143 1804 2235 1862 Sic
2267 1821 2433 1878 porro
2468 1818 2522 1863 et
2563 1808 2869 1864 adulterum
2899 1819 2951 1864 et
2980 1810 3308 1867 homicidam
3340 1813 3528 1884 appel-

266 1905 495 1959 τοιαῦτα
529 1905 794 1975 τολμῶσι,
843 1910 938 1957 καὶ
969 1905 1200 1973 οὐδεμία
1238 1908 1571 1979 παραίτησις
1595 1947 1611 1971 ,
1664 1909 1725 1961 τὸ
1765 1908 1842 1979 μὴ

267 1998 624 2070 προῃρῆσθαι
656 1999 913 2067 γενέσθαι
944 2001 1205 2068 χρηστόν.

344 2171 554 2237 ’Δλλως
579 2190 639 2226 τε
674 2176 722 2226 εί
770 2172 871 2244 μὲν
910 2174 1020 2227 τῶν
1073 2174 1487 2245 ἐπαινουμένων
1534 2177 1564 2230 6
1611 2177 1788 2241 τόκος,
1814 2178 1843 2230 6

271 2264 371 2333 μὶν
400 2265 565 2333 νόμος
611 2265 669 2317 ἐν
718 2266 941 2332 αίτίαις,
997 2266 1333 2321 ἐκϐάλλωνδ
1368 2267 1579 2321 τιθέναι
1634 2268 1840 2337 ὲχρῆνο

270 2355 429 2424 σοὶ,δ’
457 2357 558 2409 οὐκ
595 2357 660 2412 ἄν
688 2374 774 2419 τις
816 2360 1152 2429 ἐπιτιμῆσαι
1199 2359 1574 2429 περιεχομένῳ
1604 2358 1841 2429 χρηστοῦ

268 2448 616 2518 πράγματος.
642 2449 704 2503 El
726 2451 772 2503 δ’
796 2451 1163 2522 ἀπάνθρωπόν
1189 2469 1243 2505 τι
1273 2452 1368 2505 καὶ
1392 2451 1648 2522 πονηρὸν,
1668 2454 1696 2505 6
1718 2453 1842 2521 μὲν,

268 2539 381 2592 τῶν
408 2540 653 2609 αἰσχρῶν
683 2543 942 2609 ἀπάγων,
974 2542 1077 2596 κᾶν
1119 2544 1397 2597 ἑπαινοῖτο
1421 2558 1433 2571 '
1469 2544 1532 2597 σὺ
1565 2543 1609 2597 δ’
1635 2545 1844 2597 ἐκεῖθεν

269 2632 364 2684 ἐπ’
384 2631 511 2685 ἀλλο
540 2633 751 2703 τρέχων
774 2634 967 2696 κακὸν,
988 2633 1082 2687 καὶ
1107 2633 1280 2688 κακοῦ
1316 2635 1483 2687 κακὸν
1509 2635 1844 2704 ἀλλαττόμε-

269 2740 382 2787 νος,
416 2722 514 2777 τοῦ
548 2727 788 2791 τοκίζειν
832 2727 894 2779 τὸ
943 2725 1019 2797 μὴ
1067 2727 1369 2792 δανείζειν,
1424 2727 1581 2797 δῆλος
1632 2729 1843 2783 οἴκοθεν

269 2815 364 2865 καὶ
415 2815 568 2883 παρὰ
621 2815 823 2869 σαυτοῦ
879 2817 1005 2887 γίνῃ
1062 2820 1300 2888 πονηρὸς
1356 2817 1454 2873 ὧν.
1504 2820 1565 2872 El
1595 2820 1725 2890 γὰρ,
1761 2821 1842 2875 ὅτι

270 2905 438 2958 τῶνδε
489 2906 598 2960 τῶν
630 2909 820 2961 κακῶν
866 2909 1271 2978 ἀποκρουσθεὶς
1304 2910 1392 2962 ἐπ’
1421 2909 1558 2964 ἄλλα
1595 2928 1844 2983 μεταχωο

271 2998 411 3065 ρεῖς,
447 2998 542 3050 τὸν
578 2998 988 3069 δκκεκρουκὸτα
1041 3001 1154 3052 τῶν
1208 3002 1491 3070 προτέρων
1526 3005 1681 3073 αἰτιᾷ
1734 3004 1865 3057 τῶν·

270 3091 563 3160 δευτέρων,
594 3093 816 3146 κάκεῖνο
842 3092 909 3163 δὴ
954 3094 1354 3163 συγχωρήσεις,
1402 3095 1497 3163 τῆς
1534 3095 1838 3149 λωποδύτου
1869 3132 1912 3190 c

271 3185 367 3235 καὶ
412 3186 753 3257 τοιχωρύχον
787 3187 1125 3256 φαυλότητος
1171 3188 1298 3249 τοὺς
1343 3189 1544 3258 νόμους
1583 3190 1840 3261 κληρονο-

276 3277 420 3343 μεῖν,
465 3276 515 3328 οῖ
556 3278 807 3347 φανερῶς
842 3279 1041 3339 αὐτοὺς
1082 3278 1192 3345 ,οὐκ
1231 3279 1428 3343 ἐῶντες
1479 3280 1842 3349 ἐμφορεῖσθαι

269 3365 378 3417 τῶν
421 3364 741 3435 ἀλλοτρίων,
794 3371 886 3419 ἐπὶ
930 3360 1031 3436 τὴν
1083 3370 1406 3438 νυκτερινὴν
1457 3370 1843 3424 συνελαύνουσι

272 3458 561 3527 πονηρίαν.
588 3460 698 3513 Καὶ
723 3458 920 3531 λῃσταὶ
953 3459 1061 3530 γὰρ
1101 3460 1202 3513 οὐκ
1230 3458 1297 3513 ἂν
1327 3461 1425 3531 τὴν
1461 3462 1717 3532 ἐσχατιὰν
1745 3464 1844 3517 καὶ

269 3550 336 3602 τά
368 3548 473 3622 ὅρη
527 3551 917 3619 κατειληφότες
972 3552 1085 3613 τοῖς
1121 3552 1415 3621 παριοῦσιν
1461 3552 1659 3625 ἑθηξαν
1687 3554 1839 3624 ξίφη,

270 3643 387 3708 εἴγε
417 3642 550 3710 ἐξῆν
578 3644 764 3707 αὐτοῖς
791 3644 891 3705 τὰς
930 3641 1119 3706 πόλεις
1163 3644 1376 3698 οίκοῦσι
1409 3647 1504 3699 καὶ
1540 3649 1609 3717 τῇ
1648 3647 1843 3718 γνώμῃ

270 3734 596 3802 χρωμένοις,
645 3735 991 3803 κρε-ίίττουσιν
1026 3731 1168 3788 εἶναι
1212 3737 1581 3806 δικαστηρίων
1613 3741 1710 3791 καὶ
1754 3740 1844 3792 νό-

272 3842 413 3892 μων.
446 3824 551 3877 Τὸν
585 3823 698 3877 ἴσον
743 3827 946 3897 τρόπον
996 3827 1091 3881 καί⁵
1138 3827 1527 3897 τυμϐωρύχοις
1567 3828 1621 3881 τί
1649 3829 1844 3892 νυκτὸς

269 3916 375 3968 ἔδει
402 3916 499 3967 καὶ
525 3916 622 3985 τῆς
657 3918 797 3968 κατα
828 3916 1127 3986 οἰχομένων
1162 3915 1382 3986 μανίας,
1411 3918 1459 3969 εί
1485 3917 1610 3980 τοὺς
1635 3917 1843 3983 ζῶντας

268 4009 295 4058 6
328 4008 495 4075 νόμος
525 4008 742 4077 ἡμέρας
769 4007 939 4061 ἐδίδου
964 4008 1295 4078 πολιορκεῖν,
1324 4010 1419 4061 καὶ
1449 4009 1725 4077 περιδύειν
1753 4008 1845 4075 οὓς

268 4099 585 4165 ἠϐούλοντο,
622 4099 787 4168 μηδὲν
818 4098 1128 4162 δεδοικότας
1155 4114 1172 4164 ;
1201 4101 1311 4154 Kal.
1364 4100 1500 4160 ὅλως
1535 4102 1723 4154 οὐδένα
1780 4100 1847 4153 ἂν

269 4193 452 4263 εὕροις
478 4193 584 4245 τῶν
610 4192 850 4261 ὀλέθρων
881 4194 1087 4247 τούτων
1115 4195 1208 4247 καὶ
1238 4194 1511 4263 πονηρῶν,
1541 4193 1597 4255 ὃς
1639 4195 1700 4246 οὐ
1742 4194 1849 4247 τῶν

273 4286 369 4352 μὲν
384 4285 665 4353 ἀνετράπη
683 4286 750 4352 τῇ
774 4284 879 4336 τῶν
892 4284 1224 4353 παρανόμων
1250 4285 1482 4354 ἀνάγκη,
1506 4287 1615 4346 τοῖς
1634 4284 1691 4336 δὲ
1707 4284 1851 4351 γνώ-

273 4392 350 4448 μῃ
370 4374 758 4446 προσεχώρησε
778 4392 885 4427 τιυν
910 4376 1092 4428 κακῶν
1110 4373 1203 4445 [an
1226 4374 1483 4445 καλῶνῖι.
1498 4375 1561 4427 Τί
1577 4369 1670 4428 οῦν
1693 4392 1708 4441 ;
1728 4378 1850 4439 τοὺς

1944 1899 2203 1965 labimus,
2239 1901 2500 1969 quoniam
2537 1916 2794 1969 perversa
2829 1902 3111 1958 voluntate
3137 1904 3268 1958 talia
3297 1920 3405 1961 non
3439 1922 3529 1961 re-

1943 1989 2266 2056 formidant,
2289 2000 2349 2047 et
2403 1993 2701 2064 quominus
2733 1993 2910 2050 bonus
2938 1998 3060 2051 esse
3093 1996 3244 2064 velit,
3273 1999 3525 2055 excusari

1945 2098 2107 2139 nemo
2139 2092 2337 2153 potest.

2016 2175 2239 2241 Adhaec,
2277 2177 2551 2247 siquidem
2602 2177 2751 2233 laudi
2808 2178 2988 2235 danda
3041 2190 3186 2238 esset
3238 2181 3526 2250 feneratio,

1944 2266 1999 2320 in
2042 2266 2506 2336 vituperationem
2533 2271 2751 2324 caderet
2783 2269 2888 2335 lex,
2921 2286 3064 2340 quae,
3096 2272 3243 2340 quod
3300 2275 3523 2330 sancire

1946 2359 2254 2428 oportebat,
2296 2359 2349 2413 id
2388 2359 2639 2429 rejiceret
2660 2376 2675 2414 :
2696 2374 2761 2415 ac
2790 2368 2842 2415 te
2872 2376 2983 2415 rem
3011 2377 3116 2416 non
3150 2363 3348 2417 malam
3370 2378 3529 2419 com-

1944 2449 2267 2519 plectentem
2294 2451 2435 2505 haud
2467 2451 2755 2521 quisquam
2804 2451 2856 2505 in
2893 2453 3026 2507 vitio
3060 2462 3306 2522 poneret.
3339 2454 3396 2509 Si
3420 2472 3524 2510 auo

1947 2552 2052 2596 tem
2080 2543 2336 2611 quiddam
2388 2543 2458 2597 ab
2484 2544 2831 2601 humanitate
2862 2544 3100 2599 alienum
3131 2554 3296 2616 atque
3323 2547 3526 2617 improc

1944 2633 2077 2688 bum
2105 2643 2209 2697 est,
2242 2636 2333 2703 qui
2367 2649 2395 2686 a
2422 2634 2673 2703 turpibus
2704 2643 2758 2690 te
2805 2635 3048 2696 abducit.
3105 2637 3318 2692 laudem
3383 2638 3526 2692 fer-2t

1944 2723 2133 2777 etiam.
2167 2724 2441 2779 Caeterum
2486 2734 2540 2779 tu
2574 2728 2701 2780 inde
2725 2726 2790 2780 ad
2821 2727 2970 2782 aliud
3008 2726 3221 2784 facinus
3270 2744 3521 2794 currens,

1949 2816 2264 2884 malumque
2300 2818 2443 2871 man
2478 2826 2842 2877 comnmtans.
2883 2816 3115 2874 lenerari
3163 2820 3371 2875 scilicet
3397 2837 3523 2877 cum

1946 2920 2014 2960 eo
2086 2907 2230 2975 quod
2295 2916 2382 2962 est
2440 2922 2547 2961 non
2603 2908 2735 2962 dare
2796 2918 3088 2977 mutuum,
3143 2926 3172 2964 a
3235 2912 3525 2981 trmetipso

1947 3008 2149 3077 apertae
2179 2999 2434 3067 nequitia:
2474 3000 2820 3067 eoargneris.
2869 3000 3003 3055 Nam
3035 3001 3103 3063 si,
3130 3004 3286 3071 quod.
3309 3005 3378 3055 ab
3401 3004 3523 3057 istis

1947 3090 2251 3143 sceleribus
2276 3090 2535 3159 depulsus
2562 3105 2646 3152 es,
2674 3091 2741 3145 ad
2770 3092 2875 3145 alia
2901 3092 3129 3156 transis,
3158 3093 3365 3163 quique
3402 3103 3453 3148 te
3485 3110 3516 3149 a

1946 3182 2225 3251 prioribus
2250 3182 2519 3243 cohibuit,
2566 3196 2693 3236 eum
2758 3190 2818 3235 ut
2879 3197 3102 3236 causam
3154 3184 3518 3252 ρθδιυεὶοιιιιιι

1945 3288 2195 3335 accusas,
2232 3273 2396 3327 etiam
2430 3272 2561 3326 illud
2588 3273 2880 3336 concedes,
2918 3273 3309 3343 improbitatis,
3365 3292 3521 3346 gras-

1946 3377 2216 3429 satorum,
2246 3375 2299 3418 et
2327 3364 2763 3419 eﬂ'ractariorum
2790 3365 2935 3433 leges
2976 3380 3200 3419 causam
3227 3380 3369 3430 esse,
3401 3383 3524 3433 quae

1945 3458 2073 3511 dum
2110 3457 2287 3524 palam
2318 3456 2515 3511 alienis
2558 3456 2914 3511 facultatibus
2944 3455 3108 3510 ditari
3154 3472 3263 3510 non
3295 3458 3518 3525 patiun-

1947 3556 2058 3614 tur,
2085 3550 2150 3604 ad
2176 3557 2504 3609 nocturnam
2537 3551 2858 3618 pravitatem
2899 3565 2996 3604 eos
3027 3551 3377 3619 compellant.
3405 3550 3513 3605 Ne-

1946 3655 2055 3709 que
2092 3638 2237 3692 enim
2280 3639 2529 3692 latrones
2572 3639 2963 3692 solitudinibus
3020 3649 3075 3694 et
3130 3640 3407 3693 montibus
3463 3656 3521 3694 se

1946 3729 2261 3793 credentes,
2299 3727 2541 3797 gladium
2578 3728 2633 3780 in
2666 3729 2902 3781 viatores
2928 3730 3283 3796 stringerent.
3315 3729 3358 3782 si
3388 3732 3521 3796 ipsis

1947 3822 2114 3874 urbes
2140 3819 2540 3881 habitantibus,
2566 3829 2618 3872 et
2662 3818 2943 3887 cupiditati
2972 3820 3402 3889 indulgeutibus,
3426 3820 3521 3890 ju-

1946 3918 2088 3971 dicia
2120 3928 2171 3970 et
2201 3918 2381 3983 legum
2409 3916 2534 3985 jura
2561 3915 2753 3969 liceret
2802 3924 3180 3968 contemnere.
3227 3913 3517 3967 Consimili

1949 4007 2110 4061 modo
2138 4006 2404 4075 parietum
2434 4006 2840 4075 perfossoribus
2856 4004 2987 4074 quid
3011 4012 3170 4058 nocte
3200 4019 3337 4073 opus
3373 4014 3517 4066 erat,

1949 4104 2002 4152 et
2041 4101 2251 4152 insania
2275 4100 2565 4152 adversum
2601 4108 2876 4163 mortuos,
2902 4098 2950 4153 si
3009 4098 3160 4151 vivos
3210 4112 3306 4169 per
3364 4098 3510 4152 diem

1949 4189 2223 4254 obsidere,
2265 4199 2319 4242 et
2344 4203 2486 4257 quos
2514 4188 2707 4241 liberet
2738 4189 2855 4242 suis
2888 4190 3052 4243 rebus
3112 4188 3252 4242 citra
3307 4199 3512 4242 metum

1956 4294 2162 4335 exuere
2185 4293 2249 4333 ac
2272 4279 2507 4349 spoliare
2537 4277 2619 4332 lex
2650 4277 3031 4347 permitteret?
3059 4276 3121 4331 Et
3173 4278 3332 4347 plane
3386 4279 3515 4332 nul-
3580 4336 3586 4342 ,

1952 4369 2063 4423 lum
2093 4369 2533 4438 perniciosorum
2576 4382 2640 4421 ac
2670 4369 3061 4422 sceleratorum
3106 4367 3375 4432 invenias,
3420 4369 3517 4436 qui

274 4471 370 4536 μὲν
397 4468 630 4537 ἀφῶμεν
673 4470 851 4529 αἰτίας
874 4506 889 4531 ,
920 4467 1044 4527 τοὺς
1078 4469 1275 4535 νόμους
1314 4466 1370 4518 δὲ
1400 4466 1666 4519 τάκείνων
1698 4482 1839 4535 μεμε

1955 4474 2061 4511 non
2090 4458 2206 4526 lege
2228 4465 2480 4519 coactus,
2526 4456 2595 4511 ab
2656 4457 2765 4511 illis
2830 4456 3111 4511 tnaleliciis
3164 4457 3518 4524 abstinuerit,

272 4557 541 4626 ψώμεθας
576 4556 671 4610 καὶ
704 4557 828 4619 τοὺς
861 4557 960 4627 μὲν
987 4558 1174 4610 κακῶν
1214 4559 1445 4620 ἀπαθεῖς
1473 4557 1653 4627 ἐῶμεν
1685 4574 1845 4626 περι-

276 4651 505 4710 νοστεῖν,
541 4650 802 4710 δικαστὰς
834 4648 889 4701 δὲ
936 4648 1030 4700 καὶ
1077 4650 1273 4717 νόμους
1307 4654 1401 4700 καὶ
1435 4648 1607 4710 δίκας,
1655 4649 1749 4699 καὶ
1779 4648 1846 4700 τὰ

279 4741 529 4809 βέλτιστα
561 4743 625 4811 δὴ
656 4741 768 4794 τῶν
794 4743 853 4794 ἐν
882 4740 1208 4810 ἀνθρώποις,
1241 4739 1315 4801 ὡς
1356 4741 1463 4809 ἄγη
1493 4740 1601 4792 τῶν
1639 4740 1847 4794 πόλεων

280 4830 655 4899 ἁπελάσομενς
702 4832 761 4883 Ei
790 4832 847 4884 δὲ
876 4830 1033 4883 τοῦτο
1082 4831 1183 4900 μὲν
1226 4829 1337 4884 οὐδ’
1377 4830 1443 4883 ἂν
1476 4834 1666 4899 μανεὶς
1703 4834 1846 4885 εἴποι

278 4939 391 4984 τις·
419 4924 511 4991 ὅγε
561 4923 672 4978 οὐδ’
713 4925 895 4985 αὐτοῖς
931 4924 1182 4993 ἀρέσειεν
1222 4922 1311 4985 ἂν,
1359 4919 1534 4990 οἶμαι,
1581 4927 1693 4986 τοῖς
1737 4928 1847 4976 τῶν

279 5015 460 5067 κακῶν
490 5015 811 5084 τολμηταῖς.
864 5011 1006 5066 Ἀλλ’
1051 5013 1102 5065 οἰ
1159 5013 1258 5082 μὲν
1309 5015 1461 5081 νόμοι
1492 5015 1604 5077 τοῖς
1634 5014 1845 5084 ἀνθρώ-

282 5118 399 5165 ποις
448 5103 638 5155 κακῶν
687 5104 920 5155 ἀναίτιοι
961 5102 1269 5171 πανταχοῦ·
1307 5101 1355 5156 οἳ
1404 5104 1451 5157 δ’
1481 5104 1557 5160 ὡν
1591 5105 1843 5176 ἁμαρτά-

282 5209 455 5246 νουσιν
478 5195 882 5249 ἀπολαύσουσιν
911 5194 946 5248 ἃ
978 5194 1248 5264 προσῆκε,
1275 5196 1368 5248 καὶ
1392 5195 1491 5258 τὴν
1513 5197 1843 5265 γιγνομένην

280 5284 504 5339 δώσουσι
539 5287 730 5357 δίκηνο
771 5288 823 5340 τί
854 5287 919 5340 σὺ
957 5287 1156 5339 σαυτὸν
1186 5288 1484 5355 ἀπολογίας
1510 5290 1843 5359 ἐξαιρεῖσθαι

281 5377 537 5445 νομίζεις,
570 5374 646 5431 ὦν
678 5378 853 5441 οὐδεὶς
890 5378 1148 5432 ἀπώνατο
1180 5383 1450 5449 πονηρός
1494 5379 1618 5433 οὔτε
1664 5383 1843 5433 τοίνυν

280 5471 500 5533 τοκίζων
544 5472 785 5541 ἐκφεύξῃ
820 5471 919 5542 τὴν
969 5472 1146 5543 δίκην,
1198 5471 1321 5525 οὔτε
1374 5474 1450 5543 τῷ
1497 5475 1571 5542 μὴ
1602 5473 1840 5538 τοκίζειν

282 5560 472 5623 ἐξεῖναι
511 5563 573 5614 τὸ
603 5564 875 5626 δανείζειν
915 5564 1271 5634 ἀρνούμενος,
1303 5568 1397 5618 καὶ
1420 5570 1518 5637 τὴν
1554 5569 1841 5620 κοινωνίαν

284 5651 534 5721 ἀναιρῶν,
584 5655 618 5726 ἢ
673 5655 956 5724 συνῴκησε
1002 5658 1063 5708 τὸ
1097 5659 1273 5723 γένος,
1311 5659 1402 5709 καὶ
1450 5660 1662 5727 ἥμερον
1695 5663 1841 5710 ποιεῖ

283 5739 365 5790 τὸν
390 5742 693 5812 ανῠρωπον,
725 5744 822 5795 καὶ
849 5743 1020 5815 ταύτῃ
1050 5745 1108 5796 τὸ
1155 5748 1337 5798 κοινὸν
1372 5745 1590 5809 ἀδικῶν,
1633 5746 1835 5799 ἀπολο-

1948 4553 2017 4605 ad
2044 4550 2157 4604 haec
2189 4559 2371 4603 autem
2403 4559 2598 4618 sponte
2627 4564 2692 4602 ac
2730 4549 2916 4604 volens
2942 4563 3237 4618 aggressus
3253 4551 3345 4605 sit.
3373 4553 3515 4618 Quid

1945 4656 2075 4711 ergo
2103 4641 2125 4693 ?
2162 4641 2357 4694 illosne
2383 4649 2441 4693 ιιι
2466 4641 2711 4694 insontes
2741 4640 3104 4703 dimittemus,
3134 4639 3186 4693 in
3224 4644 3370 4711 leges
3422 4658 3516 4696 ve-

1947 4745 2009 4783 ro
2040 4730 2107 4782 ab
2142 4730 2250 4783 illis
2291 4727 2500 4781 nefarie
2524 4730 2950 4782 commissorum
3004 4728 3220 4798 culpam
3267 4731 3517 4786 confere-

1950 4820 2111 4875 mus?
2139 4820 2203 4873 Et
2235 4820 2355 4873 illos
2383 4819 2601 4888 quidem
2649 4833 2935 4889 ptenarum
2998 4821 3271 4885 immunes
3326 4822 3516 4892 vagari

1946 4915 2115 4968 libere
2168 4910 2440 4977 sinemus,
2466 4908 2687 4980 jmlices
2723 4918 2930 4975 autem,
2960 4924 3014 4967 et
3065 4914 3229 4983 leges,
3264 4921 3317 4967 et
3365 4914 3515 4985 jura,

1945 5005 2149 5073 quibus
2178 5002 2315 5056 nihil
2342 5012 2426 5058 est
2455 5003 2510 5056 in
2545 5002 2834 5057 hominum
2866 5004 2974 5057 vita
3003 5004 3327 5069 salutarius,
3384 5018 3510 5061 tan-

1944 5109 2108 5164 quam
2143 5093 2359 5163 piacula
2393 5110 2422 5149 e
2450 5093 2770 5150 civitatibus
2824 5095 3205 5164 expellemus?
3262 5096 3416 5161 Quod
3465 5096 3513 5150 si

1938 5189 2050 5243 hoc
2088 5202 2192 5241 nec
2219 5194 2397 5240 mente
2421 5196 2612 5257 Captus
2640 5187 2862 5252 dixerit,
2926 5204 3028 5243 nec
3073 5188 3325 5257 ipsisinet
3384 5188 3512 5241 talia

1945 5280 2526 5343 audcntibus,credo,
2582 5280 2886 5350 placuerit;
2950 5283 3044 5335 sed
3107 5281 3253 5350 leges
3307 5280 3513 5348 ubique

1944 5375 2186 5444 gentium
2246 5372 2563 5428 hominibus
2614 5373 2880 5428 scelerato
2939 5375 3129 5444 agendi
3185 5387 3347 5426 causa
3401 5387 3508 5424 non

1943 5474 2097 5532 sunt,
2135 5475 2191 5520 ct
2216 5465 2309 5534 qui
2367 5475 2617 5534 peccant,
2673 5466 2889 5534 przrmia
2946 5465 3211 5532 condigna
3269 5461 3513 5517 referunt

1941 5573 1996 5615 et
2017 5557 2305 5615 conﬂatam
2337 5557 2440 5611 sibi
2468 5571 2680 5625 pmnam
2706 5559 2882 5618 luunt,
2912 5572 3005 5608 rur
3035 5565 3087 5609 tu
3113 5554 3380 5622 ejusmodi
3413 5557 3505 5611 de-

1942 5654 2192 5708 fensione
2221 5648 2511 5703 innoxium
2548 5659 2598 5701 te
2635 5648 2750 5701 fore
2779 5646 3027 5708 conlidis,
3080 5660 3198 5714 tium
3229 5647 3361 5700 nulli
3400 5647 3508 5703 im-

1945 5747 2116 5815 probo
2151 5759 2391 5815 unquam
2423 5741 2670 5813 proluit?
2695 5739 2880 5809 Neque
2927 5738 3091 5809 igitur
3122 5738 3187 5794 ad
3233 5739 3392 5799 [cutis
3423 5740 3512 5796 fa.
