3920 6206
569 252 672 315 7119

1825 259 2134 321 NICOLAI
2171 262 2556 323 CABASlL/E
3614 285 3684 348 7ίῦ

561 362 818 419 ciendum
845 364 1174 420 incumbens
1227 365 1557 435 supplicium
1617 369 1881 438 cﬂugies:
1958 386 2120 441 nequ<

2239 375 2364 442 γεαν
2422 375 2572 438 ἕξεις
2623 375 2716 428 τὸν
2763 379 2948 446 νόμον,
2987 379 3099 431 ἀλλ’
3145 381 3377 452 ὁπότερον
3424 388 3692 460 ἁμαρτάνεις,

563 468 781 525 propter
812 458 1168 512 interdictum
1201 457 1359 514 fenus
1394 461 1616 516 credere
1662 465 1944 531 pecuniam
1980 480 2134 519 recu~

559 563 710 609 sans.
739 558 792 604 et
821 549 1256 604 communionem
1315 551 1587 621 dissipans
1640 558 1781 624 (quae
1832 573 2002 626 genus
2037 558 2140 610 hu-

2242 467 2640 536 ἀπανθρωπίας
2667 469 2886 541 ἁλίσκῃ.
2925 469 3016 539 Τῷ
3054 473 3161 542 γὰρ
3206 475 3271 543 μὴ
3313 477 3461 543 φιλεῖν
3494 483 3568 535 τὸν
3599 489 3692 552 δμά.

2244 556 2430 624 φυλον,
2463 560 2556 612 καὶ
2585 560 2741 613 τοῦτο
2771 562 2995 618 κάκεῖνο
3026 564 3199 633 δήπου
3226 566 3425 638 τολμᾷς.

558 656 780 694 manum
805 644 1193 711 congregavit,
1227 655 1281 699 et
1308 645 1563 702 homines
1591 650 1656 700 ad
1682 649 1897 702 civilem
1928 648 2135 703 cultum
2176 648 2444 722 deduxit),
2478 663 2642 720 atque
2686 653 2760 707 ita
2799 655 3108 724 reipublicm
3175 658 3409 716 damnum
3463 663 3698 736 injungens,

558 748 655 802 per
683 733 826 802 leges
858 737 994 790 tueri
1019 747 1071 791 te
1098 738 1322 808 poteris,
1378 756 1561 794 verum
1602 746 1870 800 utrumvis
1912 746 2247 816 peccaveris,
2276 747 2690 804 inhumanitatis
2730 751 3090 806 convinceris.
3154 751 3279 808 Nam
3333 757 3445 825 quia
3467 733 3702 825 proximum

559 843 665 880 non
696 843 866 894 amas,
921 831 1101 886 ethoc
1129 841 1182 886 et
1207 832 1336 888 illud
1368 836 1556 891 audes.

629 922 697 976 Et
729 925 859 993 quid
890 926 1029 981 labis
1067 928 1247 993 habet,
1282 931 1477 999 inquit,
1508 935 1552 985 si
1587 950 1615 987 a
1651 949 1889 1003 paupere
1917 935 2074 995 niltil,
2104 949 2138 988 ιι

557 1011 727 1065 divite
763 1025 940 1068 autem
989 1018 1141 1069 renus
1165 1017 1473 1085 exigamus?
1491 1018 1718 1074 Multum
1745 1025 2004 1091 profecto.
2027 1024 2141 1078 Hoc

2309 934 2419 988 Καὶ
2453 935 2506 987 τί
2536 934 2729 998 δεινὸν,
2767 937 2955 1005 φησὶν,
2984 935 3050 989 ἂν
3084 937 3306 1007 πένητος
3344 941 3431 1010 μὲν
3454 942 3578 994 οὐδὲν
3608 944 3704 1006 ἀρέ-

2236 1025 2438 1094 λωμεν,
2473 1025 2753 1087 πλουσίοις
2791 1027 2846 1079 δὲ
2888 1028 3051 1080 τόκου
3093 1033 3312 1099 χρήσιος
3349 1033 3476 1084 Πάνυ
3505 1034 3584 1100 μὲν
3618 1031 3702 1086 οὖν.

557 1105 700 1158 enim
752 1117 834 1159 est
866 1118 1052 1162 contra
1093 1109 1234 1178 leges
1275 1127 1455 1178 agere,
1494 1114 1776 1181 pecuniam
1832 1117 2120 1170 commoda

2239 1115 2412 1168 Τοῦτο
2437 1118 2546 1185 γάρ
2572 1118 2686 1168 ἐστι
2722 1117 2781 1169 τὸ
2815 1122 3174 1188 παρανομεῖν,
3204 1121 3260 1171 τὸ
3283 1122 3552 1190 χρήταντας
3578 1125 3707 1193 ἀργύ-

557 1205 664 1249 tam
684 1213 806 1250 cum
835 1199 1081 1252 auctario
1105 1202 1366 1269 recipere.
1401 1201 1696 1271 Pauper-em
1751 1222 1884 1258 vero
1917 1209 2140 1276 elidere,

554 1287 697 1341 fame
726 1305 994 1356 premere,
1037 1277 1279 1346 vestibus
1332 1296 1588 1360 spoliare,
1618 1297 1719 1350 hoc
1768 1297 1876 1366 jam
1915 1316 2020 1352 non
2053 1301 2132 1352 fe-

554 1398 677 1442 nus,
712 1384 801 1436 sed
855 1386 1074 1450 gravius
1134 1388 1404 1450 quoddam
1441 1390 1616 1442 scelus
1646 1401 1727 1442 est
1753 1409 1765 1442 :
1796 1394 2131 1461 quandoqui'

553 1476 674 1524 dent
696 1483 746 1525 et
769 1475 914 1526 fures
938 1475 1259 1542 delinquunt
1288 1478 1562 1530 crudelius
1591 1480 1634 1532 si
1664 1492 1903 1548 egentem
1932 1482 2132 1548 spolia—

553 1565 810 1624 verint,et
843 1567 1010 1619 multo
1039 1567 1293 1635 amplius.
1334 1569 1376 1619 si
1430 1570 1530 1637 ipsi
1573 1571 1777 1637 cupiosi
1811 1572 2031 1636 fuerint;
2077 1581 2130 1626 et

2246 1226 2381 1278 ριον,
2417 1210 2554 1276 μετά
2610 1209 2932 1279 προσθήκης
2985 1212 3309 1264 ἀπολαϐεῖνο
3351 1216 3403 1264 τὸ
3439 1215 3477 1267 δ’
3523 1216 3707 1282 ἀπάγξαι

2242 1300 2467 1368 πένητα,
2506 1300 2566 1352 τὸ
2599 1299 2741 1370 λιμῷ
2798 1302 3004 1362 πιέσαι,
3049 1302 3106 1354 τὸ
3162 1305 3464 1372 περιδῦσαι,
3496 1306 3611 1358 τοῦτ’
3634 1308 3711 1375 ἥδη

2235 1388 2394 1449 τόκος
2436 1389 2614 1441 οὐκέτ’
2639 1389 2808 1450 ἔστιν,
2855 1390 2990 1444 ἀλλά
3021 1408 3071 1443 τι
3112 1392 3292 1459 μεῖξον
3323 1394 3501 1445 κακόν·
3525 1394 3710 1445 insint

2236 1480 2590 1548 τοιχωρύχοις
2630 1482 2690 1533 τὸ
2719 1482 2972 1551 ἔγκλημα
3000 1484 3202 1552 χεῖρον,
3233 1483 3295 1536 ἂν
3322 1485 3515 1553 πένηςὸ
3540 1484 3713 1552 σεσυλη·

2241 1570 2399 1636 μένος
2430 1566 2484 1640 ᾖ,
2515 1572 2608 1622 καὶ
2639 1572 2774 1623 πολὺ
2811 1572 3012 1641 μᾶλλον
3064 1575 3179 1639 είγε
3225 1574 3548 1635 πλουτοῦντες
3569 1574 3713 1642 ἔτυχον

553 1656 1136 1726 scelestioresinsuper
1173 1671 1481 1722 censemur,
1507 1662 1572 1719 si.
1611 1677 1638 1713 a
1685 1663 1885 1730 quibus
1922 1663 2120 1716 benefi-

2233 1661 2405 1714 αὐτοί.
2433 1663 2541 1713 Καὶ
2572 1661 2654 1714 ἐτι
2688 1664 3023 1733 μιαρώτεροι
3061 1663 3159 1718 καὶ
3184 1666 3418 1731 κακίους,
3446 1667 3489 1719 εί
3521 1666 3600 1718 καὶ
3619 1666 3714 1730 παρ’

552 1747 636 1800 cia
662 1757 1008 1817 acceperunt,
1043 1751 1092 1803 in
1117 1763 1210 1804 cos
1241 1749 1388 1818 ipsos
1414 1752 1644 1806 malefici
1674 1755 2130 1808 exstiterint.'\le-

552 1852 672 1890 rum
708 1841 853 1892 enim
892 1855 1019 1894 vero
1081 1841 1283 1896 leviora
1335 1843 1561 1896 crimina
1599 1858 1821 1912 promer
1881 1847 2126 1915 graviora

549 1933 730 2000 poenis
753 1948 858 1985 non
891 1935 1171 1988 carebunt.
1215 1933 1351 1989 Cum
1394 1936 1556 2004 igitur
1608 1941 1692 1990 lex
1725 1940 1776 1991 in
1819 1939 1906 1992 illa
1946 1940 2124 1992 vindi-

553 2031 660 2084 cet,
693 2025 810 2076 sine
837 2022 1177 2080 dubitatione
1207 2026 1321 2081 haec
1348 2028 1603 2083 infestius
1637 2031 1772 2092 odit,
1800 2041 1853 2084 et
1883 2032 2128 2087 severius

553 2117 770 2170 multat.
803 2115 936 2170 Nam
969 2119 1013 2171 si
1047 2119 1099 2171 iu
1125 2122 1732 2188 quacunquepravitate
1767 2122 1892 2174 aliis
1923 2123 2126 2176 tolera-

551 2205 738 2267 bilius,
775 2207 895 2260 aliis
932 2209 1249 2264 sceleratius
1275 2211 1644 2279 peccantibus.
1679 2212 1773 2265 ltos
1799 2221 2004 2266 tantum
2035 2214 2129 2268 de-

553 2299 852 2366 prehensos
890 2300 1108 2366 puniret
1137 2301 1430 2371 legislator,
1464 2303 1738 2356 videretur
1763 2304 1884 2357 aliis
1917 2313 2125 2373 patrata

551 2389 854 2458 ignoscere.
909 2390 1174 2455 Quoniam
1225 2403 1406 2446 autem
1460 2393 1705 2461 judicum
1760 2396 2042 2450 sententia:
2075 2405 2128 2450 et

551 2478 650 2531 bos
677 2489 730 2533 et
783 2480 905 2534 illus
935 2481 1218 2545 damnant,
1253 2494 1419 2551 patet,
1453 2486 1620 2552 leges.
1659 2485 1956 2539 secundum
1989 2501 2126 2554 quas

547 2572 894 2643 adjudicium
916 2583 968 2628 et
984 2592 1173 2646 ρωπος
1194 2579 1409 2647 utrique
1433 2578 1740 2646 rapiuntur,
1757 2588 1942 2634 contra
1960 2579 2126 2633 levio-

545 2677 608 2715 ra
652 2663 780 2716 item
799 2664 934 2717 latas
956 2680 1098 2720 esse.
1120 2667 1293 2721 Porro
1327 2681 1424 2721 nec
1445 2667 1725 2721 definitum
1748 2679 1831 2724 est
1862 2670 2127 2724 commis-

546 2767 670 2809 sum
691 2757 970 2825 grandius,
991 2772 1088 2810 nec
1105 2758 1288 2822 datur,
1307 2773 1534 2826 quonon
1561 2759 1720 2812 detur
1743 2759 1936 2828 majus.
1953 2760 2127 2825 Quor-

550 2861 670 2898 sum
696 2847 856 2914 igitur
889 2846 996 2912 lex,
1038 2863 1163 2902 cum
1192 2864 1298 2903 non
1334 2851 1424 2912 sit,
1455 2850 1507 2902 iu
1543 2865 1651 2918 quo
1683 2850 1960 2918 ponatur?
1988 2850 2122 2905 Nam

547 2937 668 2992 fure
735 2938 990 2993 efi‘raetor
1058 2943 1244 3010 utique
1280 2940 1430 3009 pejor
1485 2950 1588 2994 est.
1625 2941 1827 3010 Itaque,
1852 2942 1896 2995 si
1931 2943 2123 3010 placet,
2152 2967 2195 3030 ρ

543 3029 691 3083 hunc
745 3031 798 3083 in
854 3046 1071 3085 crucem
1125 3047 1373 3102 agamus,
1423 3033 1573 3086 illum
1609 3043 1661 3085 ut
1702 3034 2121 3086 tolerabiliorem

542 3121 889 3175 absolvemus
915 3123 937 3174 ?
970 3122 1060 3176 Sic
1084 3124 1164 3177 lex
1188 3139 1398 3192 semper
1417 3124 1731 3192 procedens,
1771 3135 1980 3177 sontem
2013 3141 2120 3179 non

538 3209 802 3265 inveniet.
823 3210 974 3266 Sicut
995 3227 1120 3282 ergo
1143 3212 1250 3273 lex,
1275 3211 1420 3266 «Non
1453 3213 1686 3276 occides,
1717 3232 1733 3263 ι
1756 3229 1864 3267 non
1895 3214 2123 3282 parrici-

541 3303 692 3363 dam.
743 3319 845 3358 nec
898 3305 1255 3369 fratricidam,
1313 3315 1406 3358 aut
1464 3320 1848 3375 quemcunque
1909 3314 2118 3358 certum

540 3391 966 3460 interfectorem,
1002 3396 1093 3449 sed
1134 3396 1451 3466 simpliciter
1494 3396 1816 3451 homicidam
1849 3395 2122 3464 persequi-

535 3495 630 3537 tur
657 3503 668 3536 :
695 3485 768 3538 ita
794 3501 1009 3555 quoque
1027 3496 1082 3542 et
1105 3487 1298 3550 furem,
1318 3498 1368 3542 et
1392 3488 1716 3547 adulterum,
1739 3496 1792 3540 et
1813 3487 2117 3540 maleficum

533 3588 834 3642 quemque.
865 3574 1067 3630 Eodem
1100 3577 1260 3631 modo
1284 3577 1437 3640 illud,
1470 3596 1486 3628 ‹
1515 3576 1631 3632 Νοιι
1661 3575 1991 3630 feneraberis
2019 3574 2124 3628 fra-

533 3666 609 3719 tri
631 3664 770 3729 tuo“,
786 3685 803 3717 ι
825 3682 931 3721 nutt
951 3676 1034 3722 est
1051 3684 1270 3723 usuram
1292 3669 1668 3734 dividentis,et
1687 3682 1846 3722 unam
1869 3666 2120 3729 vetantis,

529 3758 764 3812 alteram
779 3763 1087 3826 statuentis,
1105 3764 1195 3817 sed
1216 3778 1430 3817 omnem
1452 3778 1673 3818 usuram
1687 3759 2122 3815 exterminautis.

2232 1744 2305 1803 ὧν
2334 1752 2392 1804 εὖ
2441 1753 2767 1812 πεπόνθασι.
2802 1754 3018 1818 τούτοις
3061 1757 3312 1822 ἐγένοντο
3350 1757 3567 1824 πονηροί.
3612 1754 3715 1808 Ἀλλ’

2226 1842 2380 1894 ὀὐδὲν
2427 1844 2630 1907 μᾶλλον
2669 1845 3020 1913 ἀπήλλακται
3059 1847 3216 1916 δίκης
3249 1847 3334 1899 διὰ
3369 1847 3432 1900 τὰ
3473 1849 3631 1916 χείρω,
3669 1847 3720 1898 τὰ

2230 1935 2540 2003 κουφότερα
2568 1936 2676 1988 τῶν
2702 1937 2914 1991 κακῶν.
2943 1936 3164 1991 Τούτων
3200 1939 3298 2008 μὲν
3323 1936 3412 1991 οὖν
3434 1940 3460 1990 ὁ
3492 1939 3627 2005 νόμος
3648 1940 3720 1999 τὰς

2228 2025 2382 2088 δίκας
2418 2029 2783 2094 εἰσπράττων,
2821 2031 2935 2090 τοῖς
2975 2031 3188 2099 χείροσι
3238 2031 3390 2097 δῆλὸς
3421 2031 3521 2082 ἐστι
3545 2028 3722 2097 σφοδρό-

2227 2133 2386 2185 τερον
2437 2118 2712 2186 πολεμῶν,
2776 2120 2845 2172 δι’
2891 2114 2966 2174 ὧν
3020 2121 3196 2176 ταῦτα
3233 2121 3466 2187 κολάζει,
3513 2120 3724 2190 μειζόνων

2231 2211 2413 2262 ἐκεῖνα
2441 2211 2752 2278 τιμώμενα.
2801 2213 2862 2264 El
2893 2213 3000 2282 γὰρ
3028 2215 3124 2268 ἐπὶ
3156 2214 3336 2283 πάσης
3357 2210 3631 2284 ἡστινοσοῦν
3650 2226 3724 2261 τιο-

2229 2301 2440 2370 νηρίας,
2468 2304 2576 2355 τῶν
2600 2304 2699 2372 μὲν
2718 2304 3093 2374 ἀνεκτότερον,
3127 2305 3238 2357 τῶν
3266 2305 3320 2358 δὲ
3337 2306 3502 2373 χεῖρον
3525 2303 3724 2371 ἑχόντων,

2227 2391 2352 2454 τοὺς
2381 2391 2631 2462 χείρονας
2677 2393 2937 2457 ἐκόλαζεν
2970 2396 3000 2446 ὁ
3031 2395 3331 2464 νομοθέτης
3357 2391 3632 2457 ἀπολαϐὼν,
3650 2391 3725 2442 κᾶν

2229 2483 2404 2535 ἐδόκει
2434 2485 2560 2544 τοὺς
2585 2485 2782 2547 ἄλλους
2817 2485 2918 2554 τὴν
2949 2487 3218 2557 πονηρίαν
3245 2487 3465 2555 ἐφεῖναι,
3498 2485 3602 2537 ἐπεὶ
3628 2483 3663 2534 δ’
3685 2483 3724 2534 ai
3761 2558 3766 2560 _

2225 2573 2400 2642 ψῆφοι
2430 2572 2539 2624 τῶν
2568 2573 2844 2626 δικαστῶν
2893 2576 2991 2627 καὶ
3029 2574 3260 2638 τούτους
3315 2575 3587 2635 κάκείνους.
3621 2573 3726 2624 titti-

2227 2681 2419 2732 γουσι,
2447 2663 2599 2732 δῆλοι
2634 2663 2968 2717 καθεστᾶσιν
2999 2665 3049 2719 οε
3076 2665 3307 2729 τούτους
3350 2665 3556 2733 ἄγοντες
3592 2661 3727 2730 vlim.

2229 2756 2372 2810 κατὰ
2400 2755 2753 2825 κουφοτέρων
2785 2757 3033 2825 κείμενοι
3060 2773 3074 2787 '
3127 2759 3227 2811 καὶ
3275 2759 3380 2827 μὴν
3418 2756 3518 2809 οὐδ’
3550 2755 3730 2822 ὥρισται

2226 2847 2286 2899 τὸ
2319 2849 2499 2916 χεῖρον
2533 2846 2724 2911 κακὸν,
2756 2847 2866 2900 οὐδ’
2897 2846 3013 2900 ἐστι
3043 2848 3235 2901 λαϐεῖν
3282 2849 3432 2902 οὐδὲν
3459 2847 3731 2916 περαιτέρω.

2228 2939 2385 2994 Κατά
2415 2941 2554 3002 τίνος
2582 2939 2762 2992 τοίνυν
2791 2942 2818 2993 ὁ
2846 2941 3030 3008 νόμος,
3063 2942 3170 2995 οὐκ
3195 2940 3347 3003 ὄντος
3389 2934 3447 2992 οὖ
3491 2939 3731 3004 stipam;

2229 3031 2337 3083 Ἧοῦ
2391 3031 2503 3102 γὰρ
2552 3030 2647 3083 νῦν
2701 3031 2911 3102 κλοπῆς
2945 3031 3191 3094 ἁλόντος,
3242 3033 3412 3102 χείρω
3457 3025 3735 3096 τοιχωρύχον

2229 3121 2344 3173 ἐστι
2381 3121 2588 3185 λαϐεῖν,
2626 3123 2721 3172 καὶ
2761 3122 2825 3191 δὴ
2875 3123 3304 3192 μεταστήσομεν
3333 3123 3419 3174 ἐπ’
3452 3123 3636 3173 ἐκεῖνον.
3661 3117 3734 3182 τὴν

2226 3212 2405 3280 δίκην,
2448 3215 2541 3265 καὶ
2573 3204 2764 3265 τοῦτον
2807 3214 3180 3281 ἀνεκτότερον.
3200 3215 3390 3284 ἑτέρου
3426 3212 3652 3282 φανέντα,
3670 3206 3740 3256 λύ’

2227 3319 2434 3371 σομεν;
2473 3305 2580 3354 Καὶ
2612 3303 2783 3366 οὕτως
2817 3305 2844 3356 ὁ
2873 3305 3038 3374 νόμος
3065 3307 3158 3358 ἀεὶ
3195 3305 3448 3374 βαδίζων,
3485 3303 3577 3355 οὐκ
3597 3300 3650 3353 ἂν
3670 3296 3736 3348 εὖ·

2227 3412 2312 3464 ροι
2337 3396 2426 3447 τὸν
2459 3395 2782 3449 ὑπεύθυνον.
2813 3396 3082 3465 Καθάπερ
3112 3398 3301 3451 τοίνυν
3330 3399 3410 3455 τὸ.
3440 3381 3458 3448 ι
3494 3397 3576 3462 Μὴ
3598 3390 3740 3459 φονεῦ-

2231 3500 2364 3547 σεις,
2414 3500 2434 3534 ι
2467 3485 2528 3535 ού
2559 3483 2652 3535 τὸν
2687 3487 3075 3554 πατροκτόνον,
3108 3487 3144 3556 ἢ
3176 3484 3558 3554 ἀδελφοκτόνον
3580 3483 3609 3550 ἢ
3634 3481 3741 3529 ὁντι-

2227 3573 2357 3630 νοῦν¹
2401 3573 2512 3628 τῶν
2566 3573 2891 3642 μιαιφόνων,
2942 3576 3060 3628 ἀλλ’
3086 3577 3284 3641 ἁπλῶς
3334 3577 3425 3630 τὸν
3476 3571 3744 3648 ἀνδροφόνον

2229 3665 2464 3730 ἐλαύνει,
2496 3667 2639 3719 κατὰ
2669 3667 2738 3720 τὰ
2772 3667 2913 3721 αὐτὰ
2943 3668 3007 3738 δὴ
3035 3672 3135 3722 καὶ
3187 3670 3284 3723 τὸν
3333 3665 3637 3735 τοιχωρύχον
3673 3661 3743 3712 καὶ

2229 3757 2323 3810 τὸν
2354 3756 2538 3825 μοιχὸν
2574 3757 2668 3811 καὶ
2699 3758 2808 3810 τῶν
2833 3757 3090 3828 πονηρῶν
3117 3759 3361 3812 ἕκαστον
3379 3776 3396 3791 ⁶
3419 3759 3508 3811 τὸν
3538 3758 3635 3808 ίσον
3652 3749 3748 3821 τρό-

535 3865 659 3914 πον,
692 3853 783 3904 καὶ
818 3852 898 3919 τὸ,
935 3872 954 3906 ι
1001 3855 1092 3925 Μὴ
1132 3856 1437 3920 ὲκτοκίσεις
1478 3855 1555 3925 τῷ
1588 3853 1801 3923 ἀδελφῷ
1834 3870 1928 3906 σου
1957 3851 2021 3904 τὸ
2062 3849 2350 3921 ἀργύριον,
2395 3870 2414 3903 ι
2485 3852 2548 3906 οὐ
2588 3851 2747 3906 τόκον
2800 3850 2917 3904 ἐστὶ
2964 3851 3335 3923 διαιροῦντος,
3389 3851 3481 3904 καὶ
3528 3847 3606 3900 τὸν
3671 3844 3746 3913 μὲν

536 3947 796 4012 τιθέντος,
829 3953 921 4005 τὸν
951 3952 1008 4005 δὲ
1038 3951 1408 4022 ἀναιροῦντος,
1441 3951 1580 4004 ἀλλὰ
1621 3951 1798 4004 πάντα
1829 3949 1987 4002 τόκον
2011 3946 2387 4008 ὲκὸάλλοντος.

608 4046 773 4116 Atqui
793 4047 876 4102 lex
902 4048 1248 4118 imperatoria
1268 4049 1536 4120 (occurrit
1556 4047 1664 4115 illc)
1685 4048 1783 4099 hac
1803 4047 1885 4098 via
1908 4045 2116 4098 lucrum

537 4140 848 4194 consectari
902 4141 1320 4209 permisit,quod
1379 4155 1658 4207 nunquam
1719 4139 1958 4198 fecisset,
1989 4137 2033 4190 si
2061 4136 2113 4188 in

536 4242 910 4301 eepeccatum
954 4231 1179 4284 inesset.
1221 4231 1506 4296 Quomodo
1541 4245 1645 4282 non
1677 4231 1900 4282 stultum
1927 4238 2011 4283 est
2033 4228 2115 4283 sic

535 4323 878 4377 ratiocinari:
913 4322 1172 4376 llomines
1202 4324 1340 4375 istuc
1371 4323 1755 4391 permiserunt:
1798 4332 1851 4374 et
1883 4337 1986 4374 non
2014 4338 2111 4376 co-

2291 4042 2402 4096 Καὶ
2424 4042 2530 4110 μὴν
2551 4043 2580 4096 δ
2598 4041 2709 4096 τῶν
2727 4042 3150 4112 αὐτοκρατόρων
3190 4042 3341 4096 οὕτω
3361 4039 3653 4112 κερδαίνειν,
3674 4053 3749 4103 φτ,-

2221 4135 2326 4201 σὶν,
2373 4135 2644 4204 ἐπέτρεψε
2693 4135 2876 4201 νόμος,
2930 4134 3031 4188 οὐκ
3087 4134 3158 4188 ἂν
3205 4138 3258 4189 εί
3304 4135 3533 4204 πονηρὸν
3562 4128 3750 4202 {Italici

2216 4225 2333 4286 πῶς
2364 4229 2426 4277 οὐ
2453 4225 2660 4287 σκαιὸν,
2697 4225 2746 4276 εί
2777 4225 2874 4293 μὲν
2902 4224 3186 4294 ἄνθρωποι
3213 4224 3392 4279 ταῦτα
3417 4220 3749 4291 συνεχώρησαν

2214 4315 2549 4384 λογίζεσθαι,
2585 4317 2667 4370 ὅτι
2700 4316 2757 4370 δὲ
2793 4317 3018 4386 φεύγειν
3060 4319 3089 4370 ὁ
3115 4317 3259 4381 Θεὸς
3295 4316 3525 4383 ἐπέταξε
3559 4312 3622 4382 μὴ
3650 4324 3750 4362 axo-

534 4415 714 4483 gi'tare
766 4414 970 4483 potius,
1039 4413 1206 4466 Deum
1251 4416 1352 4466 huc
1414 4413 1597 4481 fugere
1620 4412 1870 4481 jussisse,
1908 4424 1960 4468 et
2001 4431 2108 4468 non

2222 4412 2337 4461 πεῖν
2359 4425 2372 4474 ;
2393 4409 2488 4461 καὶ
2515 4408 2610 4462 τοῦ
2635 4409 2734 4472 μὲν
2759 4409 2834 4478 μὴ
2860 4410 3094 4480 πονηρὸν
3121 4406 3268 4464 εἷναι
3289 4411 3351 4463 τὸ
3378 4409 3559 4478 κέρδος
3571 4404 3646 4457 τὸν

531 4521 659 4560 esse
690 4507 940 4560 vitiosum
973 4507 1072 4560 hoc
1104 4506 1237 4560 lucri
1272 4521 1442 4575 genus
1478 4521 1540 4558 ex
1572 4507 1684 4573 lege
1715 4507 1948 4560 humana
1978 4524 2105 4562 cuu-

533 4597 722 4664 iicere,
753 4608 805 4652 et
840 4613 961 4651 cum
993 4598 1136 4652 Deus
1163 4599 1263 4652 hoc
1292 4600 1408 4666 ipso
1454 4599 1597 4666 quod
1626 4597 1924 4667 prohibuit,
1959 4599 2115 4655 vitio-

534 4689 810 4742 sissimum
836 4704 954 4743 esse
979 4699 1222 4753 testetur,
1257 4689 1424 4744 nibilu
1451 4697 1630 4743 tamen
1664 4691 1833 4758 magis
1858 4691 2110 4746 vitiosum

533 4779 817 4833 arbitrari?
852 4779 1064 4846 Quanto
1097 4783 1291 4836 melius
1321 4782 1632 4853 judicires,
1661 4783 1813 4850 juxta
1845 4780 1935 4836 Dei
1965 4785 2112 4852 judi-

529 4871 677 4924 cium
730 4870 907 4925 ferens
951 4877 1292 4938 sententiam,
1327 4889 1488 4940 quam
1541 4874 1746 4942 legibus
1821 4873 2104 4930 hominum

530 4963 836 5017 asseutieus
860 4962 882 5015 ?
908 4962 1032 5017 Mihi
1061 4981 1186 5019 vero
1212 4975 1266 5020 et
1315 4979 1634 5034 comparare
1657 4963 1954 5034 quidquam
2000 4968 2099 5038 legi

531 5053 731 5107 divina:
761 5064 1015 5109 extremae
1067 5057 1278 5111 videtur
1305 5058 1566 5122 audacisc,
1605 5067 1658 5112 et
1693 5070 1906 5132 egestas
1941 5063 2104 5114 ratio-

531 5146 637 5198 nis:
671 5147 865 5200 ncdum
919 5147 1166 5202 laborare
1199 5151 1342 5217 apud
1374 5149 1621 5205 homines
1652 5168 1841 5221 parum
1878 5152 2014 5220 pios,
2044 5163 2102 5207 ttt

527 5239 610 5292 eis
639 5239 984 5306 persuadeas.
1018 5242 1122 5293 utri
1167 5242 1341 5310 legum
1376 5242 1552 5310 potius
1569 5243 1960 5312 obtemperent.
1995 5247 2106 5309 Age

2218 4502 2526 4572 ἀνθρώπων
2551 4501 2716 4570 νόμον
2758 4501 2942 4554 ἱκανὸν
2975 4503 3265 4556 ποιεῖσθαι.
3318 4504 3563 4573 σημεῖον,
3586 4493 3748 4549 ἒπεὶδὲ

2214 4595 2243 4646 ὁ
2273 4594 2406 4656 Θεὸς
2436 4593 2505 4646 δι’
2537 4587 2613 4648 ὧν
2643 4595 2844 4645 ἀπεῖπε
2875 4592 3076 4662 πολλὴν
3123 4593 3287 4664 αύτῷ
3312 4593 3614 4662 φαυλότητα
3641 4599 3746 4655 μαρ-

2214 4689 2387 4756 τυρεῖ,
2433 4685 2589 4740 οὐδὲν
2633 4683 2836 4754 μᾶλλον
2872 4686 3118 4753 νομίζειν
3173 4683 3322 4739 εἶναι
3360 4683 3650 4755 μοχθηρόι;
3676 4674 3744 4728 καὶ

2213 4778 2364 4847 πόσῳ
2397 4777 2605 4848 βέλτιον
2633 4776 2805 4845 ἔγνως
2837 4776 2903 4829 ἂν
2942 4776 3050 4829 ἀπὸ
3075 4777 3194 4830 τῶν
3224 4778 3306 4847 τῷ
3337 4776 3457 4845 Θεῷ
3497 4770 3740 4826 δοκούντων

2211 4866 2462 4938 ἐκφέρων
2491 4867 2586 4930 τὰς
2619 4866 2834 4937 ψήφους
2869 4865 2902 4936 ἢ
2938 4869 3050 4928 τοῖς
3099 4867 3219 4920 τῶν
3249 4869 3554 4940 ἀνθρώπων
3603 4865 3741 4926 νέμεις

2212 4961 2558 5022 ἀκολουθῶνς
2604 4961 2760 5032 Ἐμοὶ
2810 4963 2909 5032 μὲν
2945 4958 3038 5014 οὖν
3081 4963 3185 5014 καὶ
3217 4963 3282 5014 τὸ
3317 4957 3666 5030 παραϐάλλειν
3690 4945 3746 5014 τῷ

2211 5053 2362 5123 νόμῳ
2392 5055 2597 5123 τόλμης
2633 5051 2775 5108 εἶναι
2799 5054 2900 5122 τῆς
2931 5055 3174 5123 ἐσχάτης
3207 5057 3383 5116 δοκεῖ,
3425 5049 3596 5105 καὶτὸ
3620 5045 3746 5110 λόγου

2209 5145 2416 5199 δεῖσθαί
2441 5162 2584 5208 τινος
2643 5145 2718 5215 μὴ
2767 5146 2931 5210 ὃτιγε
2970 5147 3292 5214 κάμνοντας
3324 5145 3532 5197 πείθειν
3575 5137 3746 5200 ποτέρῳ

2209 5238 2292 5290 δεῖ
2328 5238 2562 5307 χρῆσθαι
2606 5237 2714 5290 τῶν
2755 5239 2938 5307 νόμων
2993 5237 3068 5308 μὴ
3100 5240 3245 5308 πρ³.-ς
3283 5238 3485 5306 ἄνδρας
3531 5235 3584 5285 ού
3626 5225 3747 5298 μάλα

2207 5330 2414 5392 εἰδότας
2441 5329 2706 5383 εὐσεϐεῖν.
2727 5330 2865 5398 Φέρε
2898 5330 3004 5397 γὰρ
3029 5329 3093 5381 ἂν
3123 5329 3224 5400 δὲῃ
3254 5329 3451 5398 μαθεῖν
3477 5329 3522 5378 εἰ
3550 5315 3746 5387 πονηρδν

2202 5421 2250 5472 οἱ
2277 5421 2425 5473 τόκοι
2457 5423 2711 5490 πρᾶγμα,
2749 5421 2974 5488 πότερον
3009 5419 3073 5473 ἂν
3106 5421 3260 5473 εἵλου
3318 5414 3656 5473 διδάσκαλονῖ
3695 5404 3743 5456 οὗ

2199 5516 2292 5570 τὸν
2332 5515 2485 5581 Θεὸν,
2523 5517 2586 5570 ἂν
2645 5515 2890 5570 ὁπωσοῦν
2922 5517 3211 5584 σωφρονῇς
3239 5531 3253 5576 ;
3293 5515 3352 5567 Ei
3383 5514 3424 5566 δ’
3457 5509 3589 5563 οὕτω
3616 5501 3745 5554 πολε-

524 5332 698 5393 euim,
742 5331 786 5384 si
841 5333 1155 5387 diSCendum
1200 5334 1357 5399 foret,
1397 5351 1523 5388 num
1570 5351 1733 5389 usura
1767 5337 1820 5390 in
1862 5339 2100 5406 peccatis

526 5423 799 5484 ducenda,
833 5430 1008 5475 utrum
1057 5433 1111 5476 tu
1150 5426 1466 5493 magistrum
1500 5427 1753 5496 eligeres?
1789 5443 1965 5481 nonne
1997 5427 2094 5480 υς,-

528 5525 642 5576 um,
679 5512 722 5564 si
743 5511 826 5563 νει
857 5512 1122 5567 tantillum
1155 5515 1396 5584 sapercs?
1415 5513 1531 5568 Jam
1561 5515 1605 5569 si
1641 5515 1846 5586 legibus
1884 5516 1955 5568 ita
1998 5532 2094 5586 pu-

600 5684 620 5713 ⁶
655 5686 806 5740 Deut.
849 5705 992 5758 unt,
1031 5688 1109 5744 19.
