3982 6208
271 325 373 390 7&1

1212 367 1217 373 -
1305 331 1592 395 ORATIO
1628 332 1932 419 CONTRA
1976 333 2553 397 FENERATORES.

3440 334 3548 400 74?.

277 441 528 514 μούντων
560 443 813 517 ἀλλήλοις
843 441 952 496 τῶν
1002 442 1201 513 νόμων,
1238 442 1479 506 σώζοντα
1527 445 1619 497 τὸν
1665 445 1847 517 ἕτερον

1956 443 2250 515 gnantibus
2270 443 2494 499 alteram
2515 444 2785 499 servando
2804 460 3033 503 necesse
3056 456 3140 501 est
3181 447 3407 503 alteram
3430 449 3559 504 Hoc.

274 527 497 606 ἀνάγκη
530 535 764 605 θατέρου
790 536 1182 604 καταφρονεῖν,
1236 533 1469 603 πότερον
1500 534 1854 606 ὑπερϐαίνων

278 626 580 697 ἀπολογίαν
628 626 773 691 ἕξεις
821 625 914 678 τὸν
966 626 1178 697 ἕτερον,
1229 625 1290 690 οὐ
1341 626 1434 679 τὸν
1478 625 1857 696 ἀνθρώπειον;

276 719 450 773 Τοῦτο
486 718 586 791 μὲν
613 718 719 791 γὰρ
756 718 1022 785 ἀπολογία
1065 716 1174 789 τῶν
1215 719 1479 793 ἡττόνων,
1525 718 1580 768 εί
1604 734 1691 782 τις
1724 719 1860 787 φαίη

274 814 368 873 διὰ
396 815 523 875 τοὺς
550 811 834 881 κρείττους
863 811 1249 880 καταφορνεῖν,
1282 808 1356 875 ὡς
1378 814 1441 863 τό
1487 826 1551 879 γε
1590 815 1717 873 τοὺς
1744 810 1861 880 χεί-

277 923 442 979 ρονας
487 904 846 975 αἰδουμένους
886 900 1179 973 προδοῦναι
1226 902 1353 964 τοὺς
1393 900 1703 971 κρείττους,
1740 901 1859 963 πῶς

272 997 343 1073 ᾆν
376 996 491 1070 ἔχοι
524 997 639 1058 τοῖς
700 995 1169 1066 παραιτουμένοις
1219 992 1574 1063 συγγνώμην,
1603 992 1765 1045 ὁπότε
1799 993 1860 1045 τὸ

270 1087 531 1159 ἔγκλημα
584 1090 767 1158 χεῖρον
804 1087 1053 1155 γίνεται;
1098 1086 1351 1155 καθάπερ
1407 1086 1544 1148 είτις
1592 1084 1859 1154 βασιλέως

271 1162 661 1245 ὲπιτάττοντος
712 1177 1031 1248 ὑπερεώρα,
1063 1178 1147 1231 ὅτι
1173 1177 1283 1230 τῶν
1325 1175 1684 1247 στρατιωτῶν
1708 1170 1788 1239 εἷς
1818 1175 1852 1245 ἢ

269 1270 384 1331 τῶν
413 1270 764 1340 σκευοφόρων
782 1268 1062 1324 ἐκέλευσε.
1083 1267 1291 1324 Πολλοῦ
1323 1267 1424 1337 μὲν
1448 1266 1554 1340 γὰρ
1580 1266 1646 1320 ἂν
1664 1266 1854 1337 ἐδέησε

278 1363 352 1437 μὴ
393 1366 488 1420 καὶ
519 1366 619 1433 τῆς
649 1362 950 1430 ἀπολογίας
982 1362 1139 1424 δίκας
1185 1360 1467 1431 ὀφλήσειν,
1510 1360 1604 1433 καὶ
1641 1360 1857 1429 προσῆν

266 1457 328 1522 τὸ
354 1455 572 1515 δικαίαις
594 1456 683 1511 ὅτε
733 1453 808 1526 μὴ
841 1454 1117 1525 ἀγνοήσας
1149 1451 1181 1524 ἦ
1212 1452 1382 1524 λήθης
1408 1452 1590 1527 ἥττων
1619 1451 1854 1522 γενόμε-

267 1565 382 1610 νος,
407 1548 525 1600 ἀλλ’
551 1546 696 1601 οὕτω
721 1547 915 1616 κρίνας
941 1546 1037 1598 καὶ
1065 1543 1156 1597 τὸν
1189 1543 1522 1613 σκευοιρόρον
1570 1542 1666 1596 τοῦ
1702 1543 1857 1615 βασι-

263 1640 404 1704 λέως
433 1640 749 1709 ἔμπροσθεν
779 1636 1003 1705 ἀγαγών
1045 1655 1060 1670 ·
1096 1639 1161 1690 σὺ
1192 1637 1249 1691 δὲ
1274 1638 1433 1707 τίνων
1471 1636 1663 1691 σαυτὸν
1691 1635 1856 1701 ἀξιώ-

264 1712 392 1799 σαις
424 1733 512 1794 ἂν,
546 1733 592 1784 εί
621 1732 690 1786 τὰ
711 1732 895 1810 δίκαια
922 1731 1193 1800 ποιήσεις,
1214 1731 1401 1800 ἐπειδὴ
1439 1748 1458 1783 ι
1498 1728 1663 1782 Πλέον
1691 1727 1852 1781 Σολο-

1964 534 2278 609 eipendere,
2315 544 2491 591 utram
2531 536 2767 607 violans,
2799 552 2897 606 per
2929 538 3156 593 alteram
3193 549 3242 594 te
3268 541 3558 598 defendes?

1962 622 2040 679 Ce
2073 633 2125 701 te
2152 640 2259 679 non
2284 640 2381 696 per
2416 627 2730 701 humanam.
2759 626 2855 683 Est
2885 628 3029 683 enim
3056 629 3330 685 imbecilla
3370 631 3559 687 delen-

1963 715 2067 780 sio,
2105 716 2150 770 si
2182 718 2303 786 quis
2340 717 2507 779 dicat,
2566 719 2690 773 ideo
2728 735 2788 774 se
2818 720 3056 774 divinam
3087 720 3262 791 legem
3303 734 3555 780 contem-

1964 808 2159 888 psisse.
2199 807 2333 863 Nam
2376 810 2664 866 inferiores
2704 814 2962 878 revereri.
2993 822 3051 868 ut
3081 816 3396 884 superiores
3432 834 3557 888 pro-

1964 884 2084 969 das,
2113 912 2277 965 quam
2302 901 2516 955 veniam
2551 915 2850 968 mereatur,
2877 907 3099 974 quando
3139 908 3346 963 crimen
3376 910 3552 980 majus

1963 989 2084 1043 est?
2105 988 2339 1047 Perinde
2369 1000 2427 1045 ut
2453 992 2497 1045 si
2532 992 2656 1061 quis
2680 995 2993 1050 mandatum
3023 998 3165 1070 regis
3209 1001 3553 1069 posthabeat,

1961 1081 2088 1149 quia
2119 1080 2274 1136 miles
2302 1082 2519 1151 aliquis,
2559 1093 2654 1138 aut
2676 1086 2793 1139 calo
2833 1101 2993 1142 secus
3019 1090 3316 1144 mandavit.
3350 1091 3550 1147 Parum

1962 1171 2140 1236 abest,
2184 1174 2318 1241 quin
2350 1175 2476 1228 talis
2504 1175 2668 1228 etiam
2714 1175 3049 1233 delensionis
3084 1179 3247 1250 hujus
3281 1196 3394 1236 suae
3433 1198 3554 1252 pm-

1960 1281 2061 1319 nas
2084 1266 2299 1319 debeat.
2326 1267 2528 1335 Etjure
2559 1268 2802 1336 quidem,
2828 1271 2953 1338 quia
2991 1287 3096 1325 non
3128 1287 3191 1327 ex
3247 1274 3554 1344 ignorantia

1960 1367 2055 1410 aut
2093 1356 2389 1423 oblivione,
2421 1359 2515 1413 sed
2546 1363 2801 1413 Consulto
2838 1361 2889 1414 id
2922 1361 3070 1418 fecit.
3108 1364 3176 1418 At
3204 1375 3282 1428 tu,
3317 1366 3362 1418 si
3404 1377 3553 1422 recte

1961 1445 2370 1518 facias,quibus
2401 1451 2747 1523 tesuppliciis
2768 1452 2994 1521 dignum
3027 1455 3277 1521 deputes.
3302 1459 3553 1525 quando-

1960 1540 2179 1608 quidem
2215 1558 2234 1591 ‹
2265 1538 2389 1593 Plus
2411 1556 2572 1609 quam
2604 1540 2983 1595 Salomonllic.
3004 1542 3206 1611 iinquit
3230 1551 3284 1597 et
3304 1553 3358 1596 tu
3403 1553 3554 1598 tanto

1959 1630 2251 1685 intervallo
2287 1631 2466 1687 minor
2496 1647 2556 1685 es
2587 1631 2720 1697 Deo,
2746 1648 2909 1702 quam
2953 1649 3046 1686 rex
3074 1635 3266 1688 calone
3299 1635 3551 1698 nobilior,

1957 1732 2224 1789 quantum
2257 1721 2363 1776 dici
2389 1732 2483 1776 aut
2517 1723 2665 1777 credi
2697 1725 2906 1793 nequit.
2948 1727 3026 1780 Ac
3050 1728 3280 1795 proinde
3308 1736 3457 1784 tanto
3490 1744 3552 1787 es

501 1819 657 1892 ὧδε,›
694 1825 849 1893 φησι,
868 1800 976 1875 ικαὶ
1002 1795 1224 1875 τοσοῦτο
1256 1822 1356 1892 μὲν
1372 1795 1464 1874 τοῦ
1488 1821 1624 1874 Θεοῦ
1656 1820 1847 1891 μᾶλλον

1962 1812 2300 1881 injuriosior,
2333 1822 2540 1881 quanto
2592 1814 2770 1884 majus
2821 1817 2964 1877 inter
3025 1818 3196 1872 Deum
3252 1835 3314 1875 ac
3364 1836 3547 1887 regem

261 1920 509 1982 ιλάττων
540 1916 573 1992 ἦ
605 1916 699 1971 τοῦ
738 1915 1075 1985 σκευοφόρου
1109 1913 1339 1984 βελτίων
1367 1917 1393 1966 ὁ
1422 1913 1702 1984 βασιλεὺς,
1727 1915 1853 1967 ὅσον

260 2013 388 2075 οὐδὲ
415 2012 582 2083 ῥητὸν
610 2007 720 2064 οὐδ’
749 2005 1044 2077 ἐπιστητὸν
1079 2002 1220 2059 εἶναι
1262 2007 1322 2059 τὸ
1352 2007 1540 2077 μέσον,
1576 2008 1640 2060 σὺ
1670 2006 1726 2060 δὲ
1758 2024 1847 2060 το-

265 2103 463 2159 σοῦτον
481 2102 684 2164 ἀδικεῖς
710 2102 894 2169 μεῖζον
925 2100 1049 2152 ὅσον
1078 2096 1305 2151 ἐκείνων
1328 2098 1389 2150 τὸ
1415 2098 1605 2168 μέσον,
1632 2099 1729 2153 καὶ
1753 2100 1876 2155 οὐκ.

265 2195 506 2267 αἰσχύνη
539 2193 680 2265 μετά
732 2191 841 2245 τῶν
875 2191 1088 2261 μιαρῶν
1134 2188 1449 2258 Φαρισαίων
1483 2191 1583 2261 τὴν
1627 2191 1851 2260 ἐντολὴν

265 2286 365 2341 τοῦ
394 2286 539 2340 Θεοῦ
572 2286 738 2350 λύων,
781 2283 870 2339 διὰ
917 2283 1018 2353 τὴν
1048 2281 1345 2352 παράδοσιν
1374 2281 1483 2335 τῶν
1520 2282 1849 2353 ἀνθρώπων,

263 2379 447 2434 καίτοι
508 2356 630 2431 οὐδὲ
683 2378 837 2445 Ιπᾶσι
914 2374 1085 2431 ταῦτα
1143 2375 1258 2437 τοῖς
1307 2374 1624 2443 νομοθέταις
1681 2375 1849 2438 δοκεῖ,

262 2470 384 2525 ἀλλ’
427 2471 478 2522 οἱ
526 2470 625 2540 μὲν
654 2469 782 2535 τοὺς
819 2450 1012 2531 τόκους
1040 2468 1389 2537 εἰσήνεγκαν,
1411 2466 1462 2518 οί
1490 2466 1534 2519 δ’
1562 2466 1847 2534 ἐξέϐαλον,

264 2552 409 2614 ὥστε
441 2562 490 2614 εί
524 2561 604 2614 δεῖ
629 2560 676 2613 τ’
704 2559 841 2616 ἀλλα
870 2559 1109 2628 ἀφέντας
1130 2560 1259 2630 περὶ⁵
1289 2558 1485 2611 τούτου
1512 2559 1846 2627 σκέψασθαι,

263 2652 334 2725 ἣν
362 2630 613 2707 ἐντεῦθεν
655 2650 990 2720 συγγνώμην
1013 2649 1204 2711 ἔλαϐες
1255 2651 1348 2715 ἂν,
1386 2649 1600 2703 ἐκεῖθεν
1638 2649 1853 2703 ἀπώλε-

268 2761 391 2808 σας,
415 2746 510 2797 καὶ
539 2743 603 2797 οὐ
629 2743 719 2799 διὰ
752 2743 976 2808 τούτους
1020 2744 1125 2816 λύῃ
1178 2744 1403 2813 μᾶλλον,
1437 2744 1469 2816 ἦ
1508 2743 1575 2797 δι’
1606 2747 1849 2809 ἐκείνους

267 2836 573 2897 ὑπεύθυνος
598 2830 667 2889 εἴ.
1824 2838 1827 2841 ’

338 2926 471 2993 Ναὶ,
525 2928 715 2997 φησὶν,
766 2924 883 2980 ἀλλ’
910 2927 959 2979 oi
1020 2924 1435 2996 συγχωροῦντες
1497 2927 1846 3000 παλαίτεροι,

267 3019 523 3074 Μάλιστα
557 3018 657 3087 μὲν
685 3018 886 3071 ἄτοπον
913 3018 963 3071 εί
986 3017 1146 3070 τοῦτο
1178 3016 1476 3086 ἀπολογίαν
1508 3020 1637 3090 ἡγῇ,
1681 3020 1850 3075 καθάο

1957 1902 2277 1960 discrimen.
2311 1905 2420 1959 Cur
2453 1916 2505 1960 te
2538 1922 2644 1960 non
2673 1908 2838 1978 pudet
2867 1925 2991 1963 cum
3049 1913 3299 1967 scelestis
3352 1912 3549 1968 Phari-

1957 1995 2081 2049 swis
2116 1997 2430 2051 mandatum
2484 1997 2577 2052 Dei
2642 2000 2857 2056 solvere
2919 2010 3142 2071 propter
3192 2005 3545 2061 traditionem

1956 2087 2278 2143 hominum?
2310 2089 2375 2143 Et
2410 2099 2590 2144 tamen
2626 2107 2732 2144 non
2767 2092 3012 2153 omnium
3069 2093 3437 2165 legislatomm
3465 2107 3550 2150 est

1954 2176 2097 2232 idem
2131 2179 2230 2234 hac
2271 2179 2326 2234 in
2379 2195 2436 2234 re
2495 2181 2799 2250 judicium,
2854 2182 3105 2253 idemque
3161 2199 3373 2239 sensus.
3409 2186 3550 2242 Sunt

1953 2268 2046 2339 qui
2081 2285 2278 2324 usuras
2328 2269 2788 2337 introduxerunt;
2858 2282 2984 2343 sunt
3026 2274 3120 2341 qui
3151 2273 3543 2346 proﬂigarunt:

1954 2368 2010 2413 ut
2040 2362 2084 2415 si
2120 2372 2313 2417 caetera
2350 2377 2545 2417 eorum
2576 2364 2824 2418 instituta
2860 2365 3178 2420 omittentes
3205 2366 3341 2420 istuc
3369 2368 3541 2421 solum

1955 2450 2332 2521 inspiciamus,
2385 2456 2597 2507 veniam
2643 2456 2864 2510 aliunde
2921 2459 3120 2528 accipi,
3172 2457 3388 2512 aliunde
3443 2459 3544 2513 ad-
3588 2506 3596 2513 .

1953 2543 2117 2608 mitti,
2160 2554 2215 2599 et
2247 2560 2351 2599 non
2387 2547 2559 2616 magis
2579 2560 2801 2617 propter
2830 2563 2966 2602 unos
2997 2556 3049 2601 te
3074 2548 3313 2604 crimine
3373 2549 3551 2619 solvi,

1951 2648 2114 2702 quam
2149 2644 2370 2704 pr0pter
2403 2636 2606 2691 alteros
2634 2637 2861 2707 astringi
2910 2637 3219 2706 videamus.

2025 2927 2220 2984 Etiam.
2260 2925 2457 2997 inquit.
2494 2927 2598 2981 Sed
2631 2927 2721 2997 qui
2768 2928 3112 2999 permittunt,
3144 2931 3351 3003 antiqui
3389 2945 3538 2991 sunt.

1953 3018 2066 3073 Hoc
2100 3029 2154 3072 tu
2178 3020 2566 3087 absurdissime
2598 3019 2662 3073 ad
2687 3024 3052 3090 patrocinium
3083 3026 3349 3092 assmuis,
3381 3028 3538 3097 quasi

271 3127 381 3182 mp
419 3110 772 3181 φαυλοτέρων
800 3109 970 3162 ὄντων
1007 3109 1095 3163 ἀεὶ
1132 3107 1245 3161 τῶν
1265 3108 1571 3180 νεωτέρων.
1609 3102 1844 3165 Ἐπειεα

1954 3111 2192 3166 minores
2228 3126 2323 3167 seu
2355 3112 2558 3181 posteri
2588 3128 2805 3180 semper
2833 3115 3131 3170 deteriores
3162 3118 3294 3173 sint.
3327 3121 3529 3175 Delum

266 3202 388 3268 πῶς
414 3203 476 3256 οὗ
510 3203 651 3265 νοεῖς
691 3202 786 3256 καὶ
815 3200 1024 3255 τούτων
1070 3199 1151 3254 ἔτι
1185 3203 1450 3269 νεώτερος
1478 3199 1555 3255 ὢν
1585 3203 1751 3268 αὐτὸς
1786 3205 1846 3267 ὃς

268 3292 396 3355 τοὺς
415 3292 516 3363 μὲν
538 3291 839 3362 ἑγκρίνεις,
856 3290 983 3355 τοὺς
1000 3287 1044 3343 δ’
1064 3289 1343 3356 ἐκϐάλλεις
1364 3292 1475 3356 τῶν
1500 3294 1842 3361 νομοθετῶν;

270 3382 480 3454 Σκέψαι
513 3383 623 3455 γὰρ
646 3382 721 3446 ὡς
748 3383 1105 3453 ἀρχαιότερος
1139 3382 1239 3451 μὲν
1268 3382 1364 3436 τοῦ
1398 3382 1639 3447 τιθέντος
1668 3386 1695 3437 ὁ
1715 3387 1841 3451 τοὺς

265 3476 467 3539 τόκους
496 3477 737 3547 ὲξαρχῆς
765 3473 975 3528 ἀνελὼν
1008 3474 1333 3546 νομοθέτης,
1363 3474 1459 3528 σοῦ
1493 3477 1551 3529 δὲ
1599 3479 1693 3530 καὶ
1734 3478 1843 3530 τῶν

262 3567 379 3623 σῶν
407 3567 629 3640 ψήφων.
655 3570 684 3622 δ
708 3567 789 3638 τῷ
819 3565 950 3637 θείῳ
975 3566 1126 3637 νόμῳ
1150 3567 1495 3635 συνηγορῶν,
1514 3567 1656 3629 ὣστε
1688 3571 1736 3622 εί
1762 3569 1844 3623 δεῖ

260 3678 318 3715 τι
344 3662 425 3732 τῷ
451 3663 601 3731 νόμῳ
629 3660 723 3715 καὶ
749 3662 849 3730 τὴν
864 3660 1201 3731 ἀρχαιότητα
1223 3658 1573 3730 προστιθέναι
1599 3660 1844 3731 νομίζειν

261 3754 469 3815 αἰδοῦς,
494 3752 779 3825 καὶταύτῃ
801 3751 954 3816 δίκας
979 3751 1046 3806 ἂν
1061 3751 1295 3822 ὀφεῡοις
1314 3750 1425 3805 τῶν
1468 3751 1843 3822 ἀρχαιοτάτων

256 3845 643 3917 καταφρονῶν.

335 4025 548 4087 Ἄλλως
584 4042 642 4078 τε
673 4024 794 4078 οὐδὲ
824 4026 950 4086 τοὺς
989 4022 1412 4095 συγχωροῦντας
1462 4024 1663 4087 αὐτοὺς
1699 4023 1841 4076 είποι

255 4137 353 4184 τις
388 4119 453 4172 ἂν
482 4117 724 4189 ἀκριϐῶς
764 4115 983 4169 σκοπῶν
1026 4115 1140 4168 τῶν
1172 4117 1346 4167 τόκων
1396 4116 1474 4186 μὴ
1528 4115 1589 4167 οὐ
1642 4114 1842 4185 πολλὴν

257 4213 596 4286 αἰσχρότητα
622 4214 992 4283 καταγνῶναι,
1025 4216 1119 4267 καὶ
1165 4211 1230 4284 δὴ
1273 4212 1485 4277 πολλοῖς
1519 4212 1843 4284 τεκμηρίοις

254 4305 407 4377 δῆλοι
438 4304 739 4360 καθιστᾶσι
768 4304 830 4360 τὸ
848 4307 1083 4378 πρᾶγμα
1107 4304 1312 4374 φαῦλον
1334 4305 1470 4377 ήγού
1480 4323 1650 4377 μενοι.
1683 4307 1842 4379 Πρῶ-

253 4415 351 4451 τον
389 4398 490 4467 μὲν
521 4399 629 4468 γὰρ
657 4399 757 4452 οὐκ
782 4397 982 4465 ἐξεῖναί
1017 4415 1183 4469 φησιν
1213 4398 1388 4453 οὐδενὶ
1446 4399 1556 4453 τῶν
1604 4400 1842 4471 ἀρίστων

1948 3202 2223 3273 quomodo
2288 3219 2396 3259 non
2443 3205 2857 3272 animadvertis,
2894 3207 3127 3277 teipsum
3181 3225 3401 3279 quoque
3444 3212 3538 3280 ju-

1947 3295 2157 3349 niorem
2202 3296 2307 3351 illis
2352 3312 2498 3363 esse,
2554 3299 2646 3367 qui
2702 3299 3072 3371 legislatorum
3131 3304 3266 3359 alios
3330 3306 3536 3377 seligis,

1946 3387 2083 3441 alios
2126 3384 2423 3457 repudias?
2477 3389 2798 3459 Considera,
2857 3394 3076 3461 amabo,
3140 3409 3346 3466 quanto
3398 3402 3539 3453 anti-

1946 3478 2108 3545 quior
2143 3478 2455 3548 legislatore
2486 3491 2578 3536 tuo
2627 3482 2715 3536 ille
2753 3482 3048 3552 legislator,
3079 3487 3171 3556 qui
3204 3503 3233 3540 a
3265 3488 3537 3559 principio

1948 3586 2147 3626 usuras
2167 3572 2467 3639 interdixit,
2491 3584 2542 3629 te
2568 3590 2697 3629 vero
2725 3576 2941 3646 tuisque
2958 3578 3182 3634 calculis
3204 3580 3398 3634 divina:
3431 3584 3534 3652 legi

1947 3663 2288 3734 suffragator.
2321 3662 2503 3730 Quare
2548 3666 2592 3718 si
2645 3666 2746 3735 legi
2794 3654 3038 3721 addenda
3080 3675 3167 3722 est
3211 3668 3533 3738 antiquitas,

1944 3766 1998 3812 et
2021 3773 2140 3812 eam
2164 3757 2229 3811 ad
2288 3758 2647 3812 reverentiam
2708 3758 2855 3814 illius
2888 3759 3157 3829 pertinuere
3210 3760 3532 3817 existiman-

1946 3850 2097 3912 dum,
2134 3852 2234 3902 hoc
2264 3864 2483 3919 quoque
2520 3864 2738 3919 poenam
2800 3852 3202 3920 commeruisti,
3233 3852 3325 3923 qui
3386 3854 3537 3923 quod

1946 3939 2390 4005 antiquissimum
2445 3947 2546 4003 est,
2588 3939 2848 4008 despicis.

2016 4012 2283 4086 Praeterea
2319 4030 2409 4099 qui
2443 4031 2682 4100 penitius
2735 4047 2847 4086 rem
2892 4032 3217 4095 intuebitur.
3282 4034 3542 4090 fatebitur

1944 4136 2039 4175 eos
2068 4124 2216 4193 ipsos
2247 4122 2338 4191 qui
2383 4137 2602 4175 usuram
2633 4124 2960 4185 concedunt,
3005 4127 3252 4180 eamdem
3291 4135 3350 4182 ut
3376 4126 3537 4198 longe

1945 4214 2425 4285 probrosissimam
2458 4216 2843 4270 condemnare.
2878 4215 3060 4287 Multis
3118 4230 3253 4271 sane
3314 4218 3535 4276 inliciia

1945 4316 1998 4361 et
2028 4307 2173 4362 clare
2201 4307 2600 4370 demanstrant,
2640 4322 2698 4362 se
2725 4308 2791 4362 de
2814 4308 2903 4363 illa
2962 4308 3104 4363 male
3156 4311 3381 4366 sentire.
3416 4310 3535 4365 Pri-

1948 4413 2094 4453 mum
2123 4398 2365 4452 omnium
2402 4415 2509 4453 non
2560 4398 2724 4454 licere
2751 4399 2826 4454 ait
2884 4399 2968 4455 lex
3030 4399 3123 4456 ulli
3185 4403 3532 4474 optimatum,

253 4491 383 4545 οὐδὲ
410 4489 519 4543 τῶν
550 4490 732 4560 ἱερῶν,
767 4492 862 4544 καὶ
897 4484 976 4555 οἷς
1003 4490 1061 4544 δὲ
1101 4490 1409 4561 ἐπέτρεψαν
1463 4494 1575 4557 τοῖς
1625 4493 1837 4566 χείροσι

1954 4508 2123 4561 neque
2168 4493 2509 4546 sacerdotum
2586 4491 2843 4546 lenerari.
2896 4492 3106 4559 Quibus
3170 4507 3351 4549 autem
3412 4511 3538 4566 per-

256 4583 362 4654 μὲν
388 4583 583 4652 πλείω,
614 4585 721 4646 τοῖς
755 4582 985 4653 βελτίοσι
1017 4583 1074 4637 δὲ
1122 4584 1329 4637 ἐλάττω
1358 4584 1676 4659 λαμϐάνειν.
1716 4580 1842 4656 Ἆρ’

252 4670 354 4728 οὖν
385 4674 551 4728 καλὸν
579 4675 811 4744 ἡγοῦντο
836 4675 967 4739 τοὺς
1007 4674 1199 4735 τόκους
1232 4676 1325 4742 (al.
1356 4675 1575 4747 νόμους)
1609 4674 1701 4736 καὶ
1759 4675 1842 4729 δί-

255 4785 438 4834 καιον,
469 4767 606 4831 ὅλως
635 4768 691 4820 δὲ
740 4766 971 4837 νόμονῆ
1021 4765 1130 4820 τῶν
1186 4768 1248 4821 οὐ
1301 4766 1421 4823 λίαν
1471 4768 1714 4840 αἰσχρῶν
1766 4762 1842 4822 ὧν

253 4862 538 4928 ἀπάγουσι
571 4862 679 4914 τῶν
710 4860 921 4930 ἀνδρῶν
951 4862 1078 4923 τοὺς
1112 4859 1353 4927 ἀγαθούς
1376 4878 1390 4925 ;
1416 4860 1599 4930 νόμων
1624 4860 1733 4931 γὰρ
1765 4857 1841 4915 οἷ·-

258 4970 384 5023 μαι,
416 4953 511 5009 καὶ
536 4952 591 5004 εί
612 4970 666 5004 τι
706 4952 903 5022 σεμνὸν
953 4952 1012 5005 ἐν
1070 4954 1188 5015 ταῖς
1237 4952 1426 5005 πόλεσι
1480 4952 1682 5022 μᾶλλον
1740 4954 1840 5022 μὲν

255 5046 563 5116 προσήκειν
594 5044 700 5097 τῶν
721 5044 952 5097 πολιτῶν
980 5045 1087 5106 τοῖς
1121 5043 1389 5113 ἀρίστοις,
1414 5039 1577 5115 ἧττον
1621 5045 1678 5098 δὲ
1731 5049 1841 5110 τοῖς

255 5141 493 5209 χείροσι,
535 5140 627 5191 καὶ
656 5140 765 5201 τοῖς
796 5137 896 5207 μὲν
924 5136 1161 5206 πρώτοις
1191 5138 1242 5189 oi
1267 5137 1556 5207 νομοθέται
1574 5139 1844 5206 διαλέγον-

257 5249 374 5298 ται,
405 5231 678 5303 δευτέροις
706 5230 763 5284 δὲ
781 5233 891 5294 τοῖς
918 5231 1165 5284 ἐλάττοσι
1191 5216 1420 5299 τῷτοὺς
1447 5230 1545 5299 μὲν
1566 5232 1842 5301 ἡγεμόνας

257 5324 356 5387 τοῦ
388 5324 598 5386 δέοντος
624 5319 787 5389 εἶναι,
816 5323 940 5385 τοὺς
969 5322 1025 5375 δὲ
1072 5322 1371 5391 ἑπομένους
1418 5322 1730 5391 φυλάττειν,
1758 5325 1842 5375 ὲν-

255 5413 437 5468 ταῦθα
482 5414 538 5467 δὲ
562 5415 869 5467 τούναντίον
897 5412 1038 5466 ἆπαν
1073 5413 1211 5479 ἐστὶ,
1237 5413 1331 5465 καὶ
1363 5414 1537 5467 τόκων
1566 5416 1843 5486 ἡγήσαντο

266 5506 364 5575 μὲν
400 5507 449 5558 oi.
487 5506 884 5578 μοχθηρότατοι
914 5506 1023 5557 τῶν
1069 5504 1393 5574 ἀνθρώπων,
1424 5506 1727 5561 ἓπονταιδὲ
1761 5502 1841 5572 οἷς

258 5598 439 5651 ἔνεστί
465 5617 517 5651 τι
552 5599 660 5650 τῶν
688 5600 902 5666 τρόπων
935 5595 1167 5662 τούτων,
1200 5598 1293 5648 καὶ
1339 5597 1582 5666 τοσούτῳ
1637 5599 1840 5667 μᾶλλον

262 5694 375 5762 acip
408 5693 506 5764 τῆς
537 5694 774 5761 ἐσχάτης
825 5690 1152 5759 κακοηθείας
1212 5687 1351 5741 εἰσὶν
1402 5693 1706 5761 ἐγγυτέρω.
1741 5694 1840 5745 Διὰ

262 5785 440 5839 ταῦτα
473 5784 567 5840 καλ⁵
596 5787 706 5848 τοῖς
728 5782 1044 5855 νομοθέταις
1072 5780 1216 5835 οὕτω
1245 5781 1454 5851 γράψαι
1482 5784 1611 5853 περὶ
1636 5783 1839 5838 τούτων

1949 4585 2214 4647 mittatur,
2248 4584 2299 4636 in
2331 4583 2414 4636 his
2442 4583 2603 4638 licere
2632 4583 2916 4638 Velioribus
2944 4600 3006 4638 ac
3030 4584 3235 4654 plebeis
3268 4587 3531 4656 majorem

1947 4689 2194 4740 usuram,
2254 4673 2575 4729 melioribus
2632 4686 2687 4728 et
2751 4675 3201 4731 honoratiorilnm
3263 4678 3533 4732 minorem

1945 4767 2213 4836 accipere.
2259 4764 2342 4819 An
2398 4765 2499 4831 illi,
2556 4766 2811 4827 obsecro,
2886 4765 3024 4819 hanc
3074 4765 3246 4836 legem
3307 4769 3534 4823 onminn

1945 4859 2140 4927 legem,
2173 4867 2225 4911 et
2258 4856 2414 4914 lenus
2438 4856 2638 4911 bonum
2680 4860 2997 4931 acjustum,
3043 4873 3115 4921 an
3151 4870 3308 4930 turpe
3354 4863 3534 4931 potius

1944 4954 2263 5019 credebant,
2302 4968 2331 5005 a
2362 4968 2473 5023 quo
2522 4954 2669 5004 viros
2730 4952 2905 5007 bonus
2968 4953 3294 5021 excipiunt?
3324 4952 3535 5025 Opinor

1946 5046 2093 5098 enim
2130 5044 2301 5112 leges,
2336 5045 2437 5097 etsi
2498 5043 2632 5110 quid
2674 5043 2960 5098 honestum
3017 5059 3082 5099 ac
3112 5054 3391 5101 .sanctum
3446 5056 3536 5102 est

1946 5134 2000 5191 in
2035 5136 2277 5197 civitate,
2315 5133 2489 5202 magis
2543 5140 2738 5187 decere
2781 5133 3021 5202 optimos
3080 5134 3306 5200 civium,
3365 5151 3530 5205 quam

1948 5229 2136 5280 laecem
2178 5224 2344 5293 vulgi.
2390 5224 2467 5277 Ac
2499 5222 2564 5277 de
2593 5222 2701 5276 illis
2758 5222 2975 5294 quidem
3031 5225 3084 5278 in
3146 5226 3338 5295 primis
3371 5226 3535 5294 legis-

1944 5321 2147 5375 latores
2202 5319 2524 5388 loquuntur,
2564 5320 2629 5371 de
2678 5315 2878 5372 inlimis
2928 5319 3335 5384 secundoloco,
3383 5317 3532 5387 quod

1947 5411 2024 5466 illi
2061 5412 2316 5466 nimirum
2381 5409 2436 5463 in
2496 5408 2708 5478 legibus
2757 5410 3042 5466 servandis
3089 5411 3320 5465 aliorum
3362 5411 3531 5464 duces

1944 5520 2067 5560 esse
2094 5503 2347 5567 debeant,
2379 5516 2519 5571 quos
2574 5501 2815 5570 ipsorum
2847 5503 3089 5572 vestigiis
3144 5502 3400 5556 convenit
3451 5503 3535 5556 in-

1944 5598 2158 5652 sistere.
2189 5593 2288 5648 llic
2314 5603 2496 5648 autem
2540 5594 2699 5662 plane
2726 5609 2887 5648 secus
2919 5595 3123 5658 ev‘enit,
3165 5601 3220 5649 et
3284 5594 3339 5648 in
3364 5611 3534 5652 usura

1946 5686 2338 5759 improbissimi
2399 5688 2710 5741 mortalium
2772 5688 3133 5757 prmcedunt;
3203 5698 3531 5758 sequuntur,

1947 5785 2148 5855 quibus
2174 5781 2433 5853 quiddam
2476 5797 2691 5838 morum
2726 5782 2955 5838 istorqu
3007 5782 3267 5853 adhwret,
3300 5798 3352 5842 et
3384 5798 3539 5843 tanto
