3982 6208
486 245 594 305 743

1756 240 2066 305 NlCOLAl
2113 224 2503 300 CABASILHE
3590 237 3673 304 ut

486 353 680 423 magis,
703 362 910 425 quanto
962 368 1228 424 suprema:
1264 354 1516 423 pravitati
1573 367 1702 410 sunt
1751 352 2062 410 viciniores.

2186 353 2314 417 ἔδοξε
2354 354 2483 414 δεῖν,
2547 351 2786 404 ὅεικνῦσι
2845 351 2942 422 τὴν
2992 350 3248 420 πονηρίαν
3289 353 3374 406 τοῦ
3405 353 3678 423 πράγμιτος

485 442 715 510 Idcirco,
749 461 872 500 cum
897 447 1300 516 legislatoribus
1336 445 1511 500 visum
1541 447 1610 501 sit
1634 447 1705 500 ita
1755 449 2072 509 decernere,

488 537 567 588 rei
622 537 949 604 perversitas
982 536 1107 588 inde
1155 545 1400 604 apparet.
1459 537 1719 595 Pessimis
1783 541 2074 609 plurimum

498 627 760 688 lene-rari,
797 627 1015 694 optimis
1045 642 1386 696 nequaquam
1415 631 1567 683 aiunt
1596 633 1888 687 convenire
1913 652 1926 699 ;
1951 634 2075 687 relic

491 716 641 782 quis,
679 729 788 783 quo
812 715 924 767 sint
969 716 1241 772 meliores.
1281 732 1345 771 eo
1384 733 1414 770 a
1469 720 1655 774 fenore
1707 721 1880 791 magis
1937 733 2074 775 tem-

487 819 680 871 perare
710 822 723 868 ;
757 821 862 874 quo
903 807 1238 870 vitiosiores,
1266 824 1330 860 eo
1362 824 1420 862 se
1455 809 1505 861 in
1572 811 1622 864 id
1663 813 1836 880 magis
1904 813 2078 867 effun-

489 899 638 950 dere.
683 896 918 960 Quinam
963 914 1157 951 usuras
1183 901 1450 968 quispiam
1514 903 1758 956 strictius
1798 913 1961 968 vetet,
2023 915 2078 959 et

490 1005 519 1038 e
556 989 829 1056 republica
872 990 1194 1058 proscribat,
1250 1005 1411 1060 quam
1478 994 1786 1049 istiusmodi
1827 997 2078 1064 legibus?

488 1079 841 1134 Ft-neratores
876 1079 1076 1150 quippe
1111 1097 1205 1149 per
1249 1085 1494 1139 trun'riues
1540 1087 1820 1154 improbos
1869 1087 2073 1155 quibus

488 1171 626 1222 bane
659 1171 932 1224 licentiam
969 1174 1314 1241 impertiunt,
1342 1177 1710 1243 t‘ledecorant;
1745 1188 1797 1232 et
1828 1179 1928 1232 hoc
1973 1178 2078 1232 illis

487 1261 814 1329 supplicium
849 1261 1118 1332 irt‘ugatur
1149 1266 1288 1332 apud
1322 1282 1417 1320 eos
1467 1267 1561 1336 qui
1622 1269 1958 1336 patrocinari
2003 1272 2082 1322 vi-

487 1353 712 1406 dentur.
753 1353 968 1408 Etenim
1010 1357 1306 1423 ignominia
1341 1375 1556 1428 quoque
1590 1361 1916 1416 criminibus
1944 1377 2082 1414 non-

489 1446 654 1500 nullis
677 1447 948 1515 quondam
996 1463 1090 1516 pro
1144 1464 1305 1518 poma
1334 1451 1700 1522 intligebatur,
1727 1464 1779 1508 et
1808 1470 1870 1509 ea
1904 1453 2079 1509 Graeci

488 1539 690 1594 multos
771 1540 1193 1596 scelestissimos
1282 1547 1774 1614 prosequebantur.
1831 1547 2081 1602 ambula-

494 1634 738 1701 bantque
768 1635 1022 1701 infames,
1064 1645 1118 1694 et
1157 1655 1277 1708 qua:
1331 1640 1411 1692 vel
1454 1639 1508 1692 in
1548 1640 1939 1706 rempublicam
1993 1637 2078 1696 vel

496 1725 549 1777 in
626 1728 898 1793 privatum
966 1731 1362 1796 admisissent,

489 1816 732 1885 piabant.
789 1819 898 1874 Nec
959 1822 1138 1892 inepte
1193 1823 1426 1879 infames
1495 1825 1750 1888 reddunt,
1792 1825 1920 1879 dum
1956 1840 2078 1894 quae

491 1910 811 1966 melioribus
844 1913 1138 1968 interdicta
1171 1928 1320 1980 sunt,
1351 1931 1540 1970 eorum
1600 1917 1707 1970 illis
1753 1926 2074 1987 potestatem

491 1997 812 2067 largiuntur.
844 2000 1090 2056 Paridem
1127 2002 1324 2058 fabulae
1361 2014 1588 2059 narrant
1646 2007 1794 2076 pomi
1860 2008 2078 2076 adjudi-

489 2093 707 2144 catione
730 2094 956 2148 dearum
990 2095 1417 2164 pulcherrimam
1475 2099 1808 2167 offendisse;
1846 2100 1900 2155 hi
1953 2115 2079 2156 vero

493 2183 649 2237 lucro
683 2185 852 2254 impio
877 2189 1264 2256 permittendo,
1289 2190 1537 2246 homines
1572 2193 1891 2248 inhonestos
1916 2203 2080 2264 atque

492 2274 769 2343 improbos
846 2277 1144 2334 declarant.
1214 2283 1282 2335 Et
1358 2291 1418 2337 ut
1505 2283 1888 2340 indumentum
1973 2287 2079 2342 vile

491 2366 883 2436 putridumque
958 2371 1111 2426 dives
1184 2373 1370 2427 nullus
1436 2385 1730 2445 aspexerit,
1800 2377 2082 2434 mendicus

491 2470 685 2514 contra
721 2461 852 2515 illud
884 2464 1136 2532 accipiat,
1167 2475 1220 2518 et
1247 2481 1312 2521 eo
1341 2483 1398 2522 se
1429 2477 1721 2538 contegat:
1751 2469 1832 2522 sic
1865 2470 2075 2525 lucrum

493 2566 558 2604 ex
594 2568 758 2607 usura
783 2564 1021 2624 partum,
1052 2557 1201 2612 velut
1237 2573 1267 2612 e
1299 2559 1529 2614 cordace
1583 2562 1912 2627 (saltationis
1982 2565 2082 2617 im-

493 2641 706 2710 pudica:
760 2659 933 2712 genus
976 2646 1076 2715 est)
1129 2655 1275 2700 ante
1334 2657 1651 2715 stuprorum
1707 2649 2081 2718 perpessione,

493 2745 590 2788 aut
635 2751 666 2790 e
719 2751 780 2790 re
831 2737 1015 2806 aliqua
1078 2740 1290 2806 impura
1346 2741 1677 2806 mercedem,
1724 2741 1868 2807 [boni
1925 2741 2084 2797 malis

495 2829 796 2884 dimittunt.
859 2831 974 2896 Qua
1023 2847 1187 2902 pcena
1244 2849 1366 2903 qua:
1423 2837 1640 2888 tandem
1696 2836 1981 2902 acerbior,
2038 2838 2083 2891 si

496 2937 624 2975 vere
657 2923 818 2976 homo
851 2925 950 2987 sis,
981 2932 1035 2978 et
1071 2941 1192 2995 quae
1246 2926 1522 2981 hominem
1588 2927 1784 2980 decent
1850 2931 2086 2997 appetis.

498 3024 682 3068 etnon
719 3015 770 3069 in
807 3015 1046 3072 humana
1096 3018 1267 3088 tigura
1332 3035 1482 3073 suem
1541 3020 1813 3075 imitaris?
1868 3021 2150 3123 Perspi-C

497 3121 662 3158 cuum
691 3107 966 3177 estigitur
994 3125 1218 3164 usuram
1251 3127 1350 3167 nec
1379 3112 1524 3182 ipsos
1562 3114 1655 3180 qui
1714 3128 1833 3168 eam
1889 3130 2082 3170 conce-

500 3199 635 3252 dunt
665 3210 814 3254 extra
837 3201 1047 3255 crimen
1082 3216 1304 3270 ponere.

572 3290 711 3356 Quid
770 3307 902 3362 ergo
955 3294 1025 3346 ila
1078 3295 1374 3348 sanciunt?
1421 3292 1622 3365 inquit.
1679 3297 2080 3366 lrnprobitatcm

501 3394 646 3436 tuam
678 3387 922 3439 terminis
957 3386 1434 3456 circumscribunt,
1461 3407 1530 3444 ne
1561 3392 1661 3460 ipsi
1687 3395 1819 3447 sorti
1850 3393 2080 3462 aequale,

501 3486 592 3528 aut
626 3477 784 3543 paulo
817 3476 998 3530 minus
1064 3478 1323 3547 accipias,
1357 3481 1450 3534 sed
1511 3482 1712 3547 discas,
1771 3497 2082 3552 quanquam

502 3567 730 3627 invitus.
760 3567 1112 3623 mediocriter
1155 3585 1275 3624 esse
1314 3587 1547 3640 nequam
1583 3591 1596 3626 :
1628 3576 1904 3643 quomodo
1957 3577 2080 3629 item

502 3661 875 3728 petulantibus
915 3660 1131 3716 femina:
1155 3665 1452 3719 meritoria:
1518 3667 1930 3735 permittuntur,
1981 3683 2085 3723 nec

503 3753 730 3807 urbibus
762 3755 1142 3819 exturbantur,
1178 3757 1243 3811 ad
1297 3757 1472 3826 majus
1522 3759 1724 3813 malum
1781 3761 2082 3814 cavendum

502 3843 772 3905 vitlelictrt,
815 3859 880 3898 ne
914 3856 1206 3915 nuptarum
1259 3849 1516 3917 pudicitia
1553 3849 1814 3905 insidiose
1856 3859 2087 3906 attente-

504 3945 616 3988 tur.
650 3935 808 4002 Quod
863 3937 990 3992 inde
1051 3941 1242 3994 claret.
1303 3941 1517 3995 Etenim
1572 3943 1821 3998 concessi
1884 3943 2087 4000 fenOris

504 4029 722 4082 modum
810 4031 1089 4085 transilire
1169 4042 1480 4095 vetuerunt.
1573 4035 1716 4089 intra
1769 4035 1986 4088 modum
2029 4051 2088 4091 se

504 4129 690 4175 tenere
720 4123 944 4176 minime
993 4130 1303 4177 vetuerunt.
1361 4123 1425 4177 Et
1470 4125 1685 4179 danista
1740 4127 1858 4195 plus
1920 4143 2085 4196 quam

503 4213 861 4266 constitutum
893 4222 978 4267 est
1016 4228 1122 4265 non
1153 4215 1403 4282 accipiet.
1456 4217 1669 4270 etiamsi
1721 4219 2084 4287 syngrapham

505 4305 780 4368 exhibeat,
811 4312 858 4357 et
891 4305 1161 4359 obaeratus
1192 4307 1244 4358 id
1304 4307 1459 4360 valde
1512 4311 1883 4376 sp0p0nderit.
1941 4310 2085 4364 Idem

1446 1731 1539 1785 tali
1601 1732 2076 1787 animadversione
2110 1706 2152 1765 Β

2181 447 2412 506 καὶτοῖς
2451 443 2548 513 μὲν
2604 443 2963 510 φαυλοτάτοις
3011 443 3121 496 τῶν
3155 443 3349 514 ἀνδρῶν
3402 445 3601 500 πλεῖστα
3627 447 3685 518 δὴ

2181 535 2479 604 προσήκειν
2513 538 2643 602 φασὶ
2667 535 2864 595 τόκων,
2899 533 3101 603 ἥκιστα
3121 533 3174 586 δὲ
3202 536 3307 597 τοῖς
3339 534 3572 604 ἀρίστοις,
3595 537 3687 587 τῶν

2178 627 2224 678 δ’
2255 627 2429 680 ἄλλων
2460 626 2568 692 ὅσῳ
2599 626 2696 695 μὲν
2727 627 3094 696 χρηστότητος
3131 627 3363 694 περίεστι
3386 627 3595 696 τρόπων,
3616 641 3692 676 το-

2182 719 2340 773 σοῦτο
2367 720 2644 773 καὶτόκων
2663 720 2906 785 ἀπεῖναι,
2945 719 3054 786 ὅσῳ
3078 717 3133 770 δὲ
3167 719 3372 788 μέτεστι
3403 717 3683 788 μοχθηρίας,

2177 813 2399 865 τοσοῦτο
2423 813 2518 864 καὶ
2539 812 2714 864 τόκων
2747 814 3010 882 μετεῖναι.
3038 811 3143 864 Καὶ
3169 811 3276 874 πῶς
3314 812 3374 865 ἄν
3413 827 3487 872 τις
3523 809 3692 878 μᾶλλον

2179 907 2382 958 ἀπεῖπε
2407 904 2599 968 τόκους
2630 905 2724 957 καὶ
2749 907 2846 974 τῆς
2877 903 3148 966 πολιτείας
3178 901 3464 972 ἐξέϐαλενῆ
3500 901 3692 952 τοιαῦτα

2178 997 2522 1064 νομοθετῶν;
2551 998 2628 1049 Δι’
2667 991 2868 1069 ὧνγάρ
2923 995 3139 1064 φαύλων
3179 995 3374 1062 ἀνδρῶν
3406 994 3614 1046 τίθενται
3644 993 3694 1046 τὸ

2179 1087 2318 1139 οὕτω
2349 1087 2651 1155 κερδαίνειν
2698 1087 2826 1149 τοὺς
2854 1089 3108 1148 τοκιστάς
3151 1085 3458 1156 ἀτιμάζουσι
3484 1085 3571 1154 (al.
3602 1087 3697 1138 άτι-

2184 1180 2365 1250 μοῦσι)
2392 1181 2485 1232 καὶ¹
2508 1187 2663 1233 τοῦτο
2695 1181 2910 1241 κόλασίς
2938 1181 3084 1232 ὲστιν
3113 1179 3292 1240 αὐτοῖς
3350 1179 3487 1248 παρὰ
3510 1178 3606 1238 τοῖς
3630 1177 3698 1228 δο-

2181 1272 2338 1324 κοῦσι
2397 1275 2753 1342 συνηγορεῖν·
2805 1273 2900 1326 καὶ
2920 1271 3028 1341 γάρ
3079 1270 3173 1323 καὶ
3203 1269 3388 1338 ἀτιμία
3431 1268 3485 1320 τὸ
3508 1269 3699 1336 ἀρχαῖον

2181 1363 2344 1426 ἐνίοις
2370 1364 2477 1417 τῶν
2510 1364 2880 1434 ἐγκλημάτων
2906 1363 3092 1417 ἔκειτο
3124 1363 3268 1429 δίκη,
3295 1363 3386 1414 καὶ
3414 1361 3582 1412 τούτου
3607 1359 3700 1409 τῶν

2182 1457 2570 1528 πονηροτάτων
2633 1457 2845 1518 πολλοῖς
2878 1459 3148 1526 ἐτίμησαν
3175 1454 3442 1524 Ἕλληνες,
3475 1452 3558 1504 καὶ
3574 1467 3704 1518 περι-

2180 1545 2350 1617 ῄεσαν
2411 1547 2599 1616 ἄτιμοι
2637 1547 2795 1615 δίκην
2844 1546 2990 1598 τοῦτ’
3020 1547 3152 1598 αὐτὸ
3175 1547 3417 1606 διδόντες,
3445 1536 3512 1595 ὧν
3540 1541 3606 1601 είς
3622 1538 3702 1608 τὴν

2183 1640 2337 1692 πόλιν
2367 1641 2400 1709 ἦ
2434 1657 2554 1692 τινα
2589 1641 2700 1692 τῶν
2737 1639 2962 1692 ἰδιωτῶν
3021 1639 3356 1710 ἐξήμαρτον·
3383 1635 3473 1690 καὶ
3515 1634 3707 1694 τονῖτους

2179 1733 2288 1803 γάρ
2311 1732 2539 1800 ἀτίμους
2568 1731 2827 1796 ἐπιεικῶς
2859 1733 3224 1799 ἀποφαίνουσι
3249 1731 3314 1784 δι’
3345 1724 3414 1782 ὧν
3453 1727 3485 1781 ἃ.
3511 1728 3610 1790 τοῖς
3641 1742 3706 1777 τι-

2182 1826 2330 1895 μίοις
2365 1823 2634 1896 ἀπείρητο
2667 1823 2776 1876 τῶν
2809 1823 3022 1894 ἀνδρῶν
3062 1826 3243 1886 αὐτοῖς
3275 1819 3609 1892 συγχωροῦσι,
3628 1817 3706 1870 καὶ

2179 1914 2273 1968 τὸν
2300 1915 2398 1983 μὲν
2439 1914 2789 1984 Ἀλέξανδρον
2822 1916 2849 1968 ό
2879 1915 3048 1985 μῦθος
3079 1911 3201 1967 εἷπε
3225 1917 3290 1984 τῇ
3321 1914 3409 1966 τοῦ
3446 1911 3600 1981 μήλου
3623 1909 3708 1960 δω-

2185 2005 2281 2074 ρεᾷ
2306 2003 2475 2069 δεῖξαι
2504 2003 2603 2072 τὴν
2627 2004 2823 2075 καλήν.
2865 2005 2929 2058 Ol
2965 2004 3020 2056 δὲ
3052 2005 3180 2067 τοὺς
3211 2003 3462 2074 αἰσχροὺς
3487 2003 3569 2054 καὶ
3595 1997 3711 2067 φαῦ-

2179 2097 2306 2160 λους
2334 2095 2412 2166 τῷ
2443 2094 2627 2158 κακῶς
2658 2095 2963 2167 κερδαίνειν
2984 2097 3222 2165 ἐφεῖναι,
3247 2095 3339 2148 καὶ
3363 2092 3589 2174 καθάπερ
3609 2090 3712 2159 ίμά-

2179 2206 2294 2242 τιον
2318 2188 2536 2250 εὐτελὲς
2584 2188 2677 2241 καὶ
2708 2188 2918 2258 σαπρὸν
2945 2188 3054 2241 τῶν
3083 2188 3187 2257 μὲν
3221 2187 3462 2256 εὐπόρων
3489 2184 3602 2236 ἰδεῖν
3622 2178 3710 2234 οὐδ’

2183 2283 2457 2351 ἀνάσχοιτ’
2480 2280 2547 2334 ἂν
2573 2281 2774 2346 οὐδεὶς,
2803 2285 3033 2351 πένητος
3055 2279 3099 2332 δ’
3121 2279 3188 2332 ἂν
3214 2279 3298 2348 εῖη
3338 2273 3609 2344 δυστυχοῦς
3638 2269 3714 2323 καὶ

2184 2373 2471 2430 ἀνελέσθαι
2513 2376 2606 2427 καὶ
2637 2372 3057 2444 περιϐαλέσθαι.
3086 2373 3182 2424 τὸν
3219 2371 3331 2424 ῖσον
3362 2368 3547 2439 τρόπον
3574 2363 3714 2418 καὶτὸ

2182 2469 2333 2537 παρὰ
2359 2466 2468 2520 τῶν
2490 2468 2662 2520 τόκων
2693 2467 2904 2536 κέρδος,
2936 2465 3122 2536 ὥσπερ
3161 2466 3269 2518 ἀπδ
3318 2462 3564 2533 κόρδακος
3590 2458 3618 2526 ἢ
3646 2455 3714 2524 μί-

2185 2562 2377 2628 σθωμα
2424 2561 2457 2630 ἢ
2489 2560 2614 2611 ἄλλο
2665 2577 2716 2612 τι
2738 2561 2846 2611 τῶν
2876 2558 3116 2628 αἰσχρῶν
3146 2559 3258 2622 τοῖς
3289 2555 3500 2625 φαύλοις
3522 2549 3714 2620 ἀπέρρι-

2183 2655 2312 2723 ψαν,
2341 2653 2438 2706 καὶ
2463 2655 2540 2715 τίς
2576 2651 2643 2706 ἂν
2675 2649 2800 2721 δίκη
2830 2651 3039 2717 γένοιτο
3061 2649 3262 2720 χείρων
3293 2649 3434 2709 εῐτις
3455 2645 3522 2706 ὼς
3539 2639 3716 2710 ἀληθῶς

2184 2748 2470 2817 ἄνθρωπος
2503 2749 2594 2798 καὶ⁸
2625 2745 2725 2809 τὰς
2788 2742 3062 2814 ἀνθρώπῳ
3119 2743 3432 2814 πρεπούσας
3469 2733 3716 2800 ἐπιθυμίας

2186 2838 2321 2908 ἔχει,
2351 2839 2444 2891 καὶ
2465 2842 2540 2909 μὴ
2563 2837 2697 2907 πρὸς
2726 2835 2824 2906 τὴν
2853 2836 2962 2887 ὑῶν
3001 2836 3274 2905 ἁρμονίαν
3308 2836 3602 2903 ἦρμοσταις
3632 2827 3718 2878 1's-

2188 2933 2342 2996 νερὸν
2373 2933 2555 2984 τοίνυν
2584 2931 2657 2993 ὡς
2688 2930 2798 2982 οὐδ’
2825 2931 2872 2982 οἱ
2893 2927 3310 3000 συγχωροῦντες
3336 2926 3480 2979 αὐτοὶ
3505 2923 3613 2984 τοὺς
3651 2917 3720 2970 τό·

2194 3041 2318 3101 »ρος
2354 3023 2530 3085 αἰτίας
2570 3023 2788 3090 ἀφιᾶσι.

2254 3288 2321 3342 Τί
2352 3287 2444 3342 οῦν
2479 3287 2828 3358 νομοθετοῦσι
2847 3306 2862 3354 ;
2883 3289 3069 3359 φησίν.
3090 3289 3299 3361 ’Ὄρους
3329 3287 3553 3350 τιθέντες
3574 3285 3721 3354 171m-

2184 3381 2348 3454 νηρίᾳ
2373 3381 2459 3434 ἵνα
2495 3382 2558 3434 σὺ
2601 3381 2676 3452 μὴ
2709 3381 2816 3433 τῶν
2840 3380 3083 3451 ἀρχαίων
3113 3383 3294 3445 ἴσους,
3329 3381 3362 3448 ἢ
3392 3379 3572 3450 μικρὸν
3602 3374 3722 3428 ἐλᾶτε

2183 3492 2308 3536 τους
2335 3473 2636 3547 λαμϐάνῃς,
2668 3473 2784 3527 ἀλλ’
2825 3475 2973 3543 εἰδῇς
3006 3474 3098 3526 καὶ
3149 3476 3302 3529 ἀκων
3358 3472 3576 3544 μετρίως
3611 3463 3722 3519 εἶναι

2189 3567 2498 3636 μοχθηρός·
2539 3566 2792 3635 καθάπερ
2852 3567 2945 3620 καὶ
2996 3567 3094 3629 τὰς
3156 3567 3380 3637 ἑταίρας
3431 3559 3725 3633 συγχωροῦσι

2184 3662 2294 3722 τοῖς
2325 3660 2677 3724 ἀκολάστοις,
2707 3659 2802 3712 καὶ
2835 3660 2944 3712 τῶν
2979 3661 3197 3714 πόλεων
3239 3662 3339 3714 οὐκ
3365 3657 3656 3712 ἐκϐάλλουσι
3678 3649 3725 3701 τὸ

2186 3755 2369 3822 χεῖρον
2406 3752 2801 3821 φυλαττόμενοι
2831 3752 3020 3814 κακὸν,
3067 3752 3140 3804 ἵν’
3173 3755 3224 3806 οἱ
3266 3755 3432 3823 γάμοι
3488 3749 3556 3818 μὴ
3596 3745 3728 3798 πολε-

2189 3845 2418 3914 μῶνται.
2449 3845 2616 3914 Δῆλον
2656 3845 2713 3897 δέ
2735 3861 2751 3876 ο
2784 3845 2878 3897 καὶ
2913 3844 3023 3914 γὰρ
3053 3844 3167 3898 τῶν
3198 3845 3457 3898 τεθέντων
3475 3841 3647 3895 τόκων.
3681 3834 3728 3886 τὸ

2190 3935 2385 4006 μέτρον
2451 3933 2801 4002 ὑπερϐαίνειν
2859 3933 2957 3999 μὲν
3021 3932 3333 3998 ἐκώλυσαν,
3376 3935 3500 3985 εῖσω
3547 3930 3598 3982 δὲ
3647 3944 3732 3994 χωα

2191 4031 2326 4097 ρεῖν,
2353 4027 2628 4094 οὐδαμῶς,
2651 4026 2748 4079 καὶ
2771 4026 2877 4077 τῶν
2903 4025 3235 4095 ὡρισμένων
3292 4025 3461 4096 μείζω
3515 4023 3601 4091 μὲν
3649 4018 3733 4070 οὐκ

2188 4118 2252 4171 ἂν
2283 4119 2436 4171 λάϐοι
2454 4119 2756 4187 δανειστὴς,
2784 4117 2886 4170 κᾶν
2935 4119 3001 4169 τὰ
3058 4122 3423 4188 γραμματεῖα
3478 4117 3622 4186 φέρῃ,
3650 4109 3732 4161 κᾶν

2191 4210 2398 4280 σφόδρα
2427 4210 2877 4280 καθομολογήσας
2907 4212 2934 4261 ό
2979 4210 3335 4278 χρησάμενος
3363 4208 3514 4278 τύχῃ,
3560 4203 3730 4254 ἐλάττω

2189 4301 2363 4352 δὲκαὶ
2393 4299 2540 4368 μάλα
2571 4299 2748 4365 ἔξεστι
2775 4301 2867 4352 καὶ
2927 4301 3227 4354 συνθέσθαι
3287 4301 3350 4371 δὴ
3414 4303 3503 4352 καὶ
3559 4293 3728 4350 λαῦείν,

509 4397 634 4448 hinc
681 4395 1026 4450 manifestius
1083 4397 1276 4466 liquet,
1335 4397 1479 4467 quod
1568 4401 1752 4455 n'tinus
1831 4417 1938 4456 non
2006 4411 2083 4458 cst

2195 4393 2288 4445 καὶ
2315 4392 2375 4444 τὸ
2396 4392 2776 4464 φανερώτερον
2802 4394 2881 4445 ἔτι
2901 4411 2912 4424 ⁸
2949 4395 3044 4444 καὶ
3074 4397 3186 4461 γὰρ
3217 4393 3332 4445 οὐδ’
3386 4393 3600 4462 ῶρισται
3637 4382 3730 4434 τοῦ-

504 4501 847 4556 expressum,
898 4502 996 4542 nec
1065 4497 1125 4543 ut
1186 4491 1342 4546 tenus
1401 4492 1722 4554 maximum,
1779 4494 1852 4547 ita
1926 4496 2087 4549 etiam

508 4578 793 4632 minimum
829 4589 913 4635 est
943 4581 1222 4636 decretum
1258 4584 1391 4638 :sed
1427 4585 1696 4655 integrum
1730 4596 1813 4640 est
1876 4603 2040 4657 semp-
2063 4603 2090 4644 r

511 4678 756 4722 mutuum
814 4671 963 4738 dare,
1035 4676 1284 4742 quamvis
1340 4675 1552 4730 debitor
1610 4676 1746 4730 nihil
1810 4692 1868 4731 se
1914 4693 2092 4732 usurae

511 4761 731 4814 nomine
801 4763 1056 4817 daturum
1135 4764 1466 4832 paciscatur,
1553 4783 1650 4820 nec
1706 4767 1875 4821 dedit.
1949 4768 2090 4834 Quid

511 4852 862 4921 paciscatur?
914 4853 968 4910 Si
1012 4871 1135 4909 cum
1191 4859 1410 4911 silentio
1473 4867 1753 4912 mutuatus
1809 4860 1994 4922 fuerit,
2035 4869 2090 4914 et

511 4945 966 5001 creditorl‘enoris
1030 4963 1137 5002 non
1204 4952 1537 5016 meminerit,
1597 4967 1660 5004 ac
1723 4963 1908 5020 postea
1964 4967 2088 5006 cum

510 5049 658 5091 sorte
692 5039 743 5091 id
772 5042 1106 5109 p0pdsccrit,
1141 5058 1313 5111 nugas
1350 5052 1494 5112 aget.

580 5132 770 5186 Jamne
803 5135 1064 5204 perspicis
1105 5134 1274 5198 legem
1319 5139 1474 5188 istam
1531 5153 1693 5206 super
1751 5138 1932 5192 usuris
1983 5152 2092 5191 non

511 5239 632 5277 crse
691 5240 888 5278 usuras
940 5226 1262 5292 volentium,
1309 5229 1401 5281 sed
1456 5244 1651 5284 usuras
1698 5230 2096 5284 cvertentium?

513 5313 666 5378 Quod
697 5316 741 5370 si
788 5318 837 5369 id
897 5326 1002 5370 tam
1034 5317 1205 5372 libere
1233 5327 1530 5389 aperteque
1559 5337 1663 5374 non
1695 5322 1920 5386 faciunt,
1949 5329 2008 5375 ut
2039 5320 2092 5374 in

513 5409 830 5478 sacrilegiis,
863 5418 957 5462 aut
1010 5410 1337 5476 latrociniis,
1393 5414 1528 5466 nihil
1585 5413 1803 5477 mirum,
1855 5429 1978 5466 cum
2040 5414 2092 5466 in

515 5500 712 5553 multus
743 5509 1001 5568 praeterea
1050 5503 1349 5570 improbos,
1384 5503 1723 5571 legislatores
1781 5521 1886 5559 non
1923 5504 2097 5557 anim-

516 5594 875 5655 advertant,a
931 5595 1131 5663 quibus
1189 5605 1369 5649 tamen
1416 5597 1555 5650 Deus
1608 5613 1796 5665 pinnas
1860 5599 2098 5666 reposcit

515 5681 922 5738 acerbissimas.
982 5683 1205 5739 Tabulis
1236 5702 1421 5741 eorum
1449 5688 1625 5752 lectis,
1665 5703 1822 5742 ncuzo
1853 5690 2092 5742 invidum

2191 4484 2404 4552 λαττον,
2443 4485 2556 4538 οὐδ’
2583 4484 2773 4556 ὥσπερ
2813 4487 3067 4555 μέγιστον
3105 4489 3267 4540 τόκον
3309 4486 3451 4540 οὕτω
3506 4484 3592 4537 καὶ
3636 4477 3732 4531 ἐλάα

2194 4591 2376 4644 χιστον
2414 4575 2560 4628 ἐστιν
2621 4577 2820 4648 εὑρεῖν,
2856 4577 2972 4628 ἀλλ’
3013 4577 3230 4642 ἔξεστιν
3293 4579 3382 4630 ἀεὶ
3416 4575 3610 4646 μειοῦν,
3653 4571 3733 4620 κᾶν

2195 4669 2456 4738 σύνθηται
2492 4669 2673 4723 δοῦναι
2706 4671 2872 4739 μηδὲν
2920 4673 2946 4722 ὁ
2986 4671 3337 4741 χρησάμενος
3391 4670 3534 4722 οὐδὲν
3577 4666 3731 4718 ἔδωκε.

2195 4763 2305 4814 Καὶ
2343 4762 2394 4815 τι
2429 4762 2570 4830 λέγω
2602 4764 2966 4832 συνθέμενον;
3003 4766 3108 4817 Καὶ
3136 4766 3247 4836 γὰρ
3281 4765 3348 4819 ἂν
3398 4765 3566 4832 σιωπῇ

2195 4873 2286 4908 ται
2313 4856 2373 4908 τὸ
2423 4857 2658 4921 δάνειον,
2694 4857 2788 4910 καὶ
2827 4860 2855 4910 ό
2912 4861 3121 4927 χρήσας
3181 4859 3257 4927 μὴ
3320 4855 3528 4928 μνησθῇ
3574 4854 3736 4910 τόκων,

2195 4945 2420 5018 ὕστερον
2453 4949 2593 5016 μετὰ
2644 4950 2751 5002 τῶν
2798 4952 3045 5021 ἀρχαίων
3105 4951 3174 5003 ἂν
3230 4952 3420 5012 τόκους
3471 4946 3736 5011 ἀπαιτήσῃ*

2194 5040 2447 5109 ληρήσει.

2276 5131 2438 5200 Ὀρᾷὶ
2483 5130 2556 5192 ὡς
2605 5133 2632 5183 ὁ
2680 5133 2808 5202 περὶ
2841 5134 3014 5185 τόκων
3053 5135 3274 5187 οῦτοσὶν
3322 5135 3483 5204 νόμος
3515 5133 3605 5184 οῦκ
3645 5128 3738 5178 ἐστι

2193 5225 2385 5285 τόκους
2419 5222 2777 5292 βουλομένων,
2813 5224 2928 5276 ἀλλ’
2949 5227 3352 5295 ἁναιρούντων;
3407 5226 3467 5277 Εἰ
3493 5223 3543 5276 δὲ
3568 5221 3633 5290 μὴ
3661 5232 3736 5268 σαν

2198 5317 2313 5384 φῶς
2346 5315 2509 5382 οὕτω,
2547 5318 2799 5388 καθάπερ
2844 5321 2970 5381 τοὺς
3014 5320 3331 5390 ἱεροσύλους
3367 5320 3398 5388 ἢ
3428 5318 3545 5380 τοὺς
3570 5311 3738 5383 λῃστὰς

2197 5412 2257 5462 οὐ
2287 5411 2393 5481 χρὴ
2422 5410 2744 5479 θαυμάζειν,
2770 5414 2892 5465 ἐπεὶ
2920 5415 3010 5466 καὶ
3057 5415 3276 5478 πολλοῖς
3308 5413 3510 5481 ἑτέροις
3533 5409 3622 5460 οὐκ
3643 5407 3741 5455 ἐπ.-

2197 5504 2432 5570 τιμῶσιν
2457 5505 2507 5556 οἱ
2544 5507 2831 5575 νομοθέται
2857 5506 2965 5558 τῶν
2996 5507 3275 5574 πονηρῶν,
3313 5507 3406 5559 καὶ
3430 5503 3551 5572 παρ’
3574 5509 3639 5552 ων
3659 5496 3739 5553 τάς

2200 5597 2432 5665 ἐσχάτας
2467 5600 2492 5649 ὁ
2521 5598 2651 5659 Θεὸς
2679 5601 3064 5670 εἰσπράττεται
3094 5600 3275 5660 δίκας,
3309 5599 3402 5650 καὶ
3433 5596 3646 5666 βάσανον
3666 5585 3741 5637 οὺ-

2201 5689 2309 5754 δε“ις
2343 5690 2408 5744 ἂν
2459 5691 2771 5762 εἰσαγαγὼν
2806 5694 2936 5761 ἕλοι,
2979 5695 3048 5746 τὰ
3076 5695 3384 5764 γράμματα
3414 5686 3586 5744 αὐτῶν
3627 5683 3740 5737 ἀνα·
