3982 6208
368 327 477 389 745

1377 331 1664 393 ORATIO
1698 332 2004 393 CONTRA
2042 334 2614 396 FENERATORES.

3525 336 3631 403 746

363 449 548 517 γνοὺς,
565 447 658 501 καὶ
680 444 741 499 τὸ
765 446 1126 516 μνησικακεῖν
1152 444 1381 500 ἐνταῦθα
1406 448 1749 518 πραγμάτων
1776 448 1942 518 ἀπήλ‹

2058 448 2122 502 ad
2204 448 2437 503 tribunal
2492 452 2817 507 accersitum
2890 465 3177 527 coargnct;
3245 466 3298 511 et
3355 473 3624 513 memores

362 541 561 593 λακται
585 539 677 591 καὶ
705 538 920 590 πολλῶν
944 538 1120 591 ἀλλων
1145 540 1333 591 κακῶν
1368 538 1405 593 ὃ.
1456 538 1556 608 τὴν
1585 539 1809 607 γέενναν
1843 539 1937 591 αὖα

363 631 463 700 τὴν
493 631 798 700 προμνᾶται
828 631 937 692 τοῖς
976 629 1270 699 τολμηταῖς
1302 630 1449 700 παρά
1478 633 1589 693 τοῖς
1614 631 1799 700 νόμοις
1840 630 1940 682 οὐκ

362 725 473 777 εἰσι⁸
501 724 672 776 δίκαι’
701 723 760 775 τὸ
786 723 831 776 δ’
859 723 1051 787 αἴτιον,
1085 724 1166 775 ὅτι
1203 723 1379 786 διττὸς
1411 722 1508 792 μὲν
1537 724 1565 774 ὁ
1596 722 1709 792 βίος
1734 721 1939 791 ἀνιθρὼυ

361 834 508 879 ποις,
537 816 713 869 διττὸν
739 815 797 868 δὲ
820 815 1191 885 δικαστήριον,
1220 815 1268 867 oi
1294 814 1348 867 δὲ
1383 814 1444 866 οὐ
1486 813 1585 882 τὴν
1639 813 1941 882 μέλλουσαν

360 910 500 976 ἡμῖν
558 907 846 959 καθιστᾶσι
906 904 1071 974 ζωὴν,
1102 904 1223 957 οὐδὲ
1280 903 1415 973 πρὸς
1469 899 1531 955 τὺ
1595 902 1943 972 δικαστήριον

366 1001 547 1051 ἐκεῖνο
620 997 944 1067 γράφουσιν,
1022 994 1156 1049 ἀλλά
1242 993 1495 1063 καθάπερ
1579 994 1690 1053 τοῖς
1742 991 1941 1061 κυϐερ-

365 1093 559 1161 νήταις
592 1089 763 1158 δήπου
820 1086 972 1155 μέλει
1026 1086 1133 1138 τῶν
1188 1085 1479 1147 πλεόντων,
1526 1083 1627 1144 ἕως
1680 1081 1759 1134 ἔτι
1810 1080 1941 1133 πλέ-

362 1200 484 1237 ουσι
546 1182 637 1235 καὶ
685 1180 996 1251 περαιτέρω
1050 1179 1158 1232 τῶν
1199 1177 1433 1245 λιμένων
1488 1176 1516 1229 δ
1568 1175 1800 1229 συνοίσει
1851 1174 1947 1244 ζη-

358 1281 497 1340 τεῖν,
528 1275 587 1326 οὐ
626 1274 762 1343 πρὸς
806 1273 987 1326 αὐτῶν
1044 1272 1320 1339 ἐνόμισαν,
1352 1270 1461 1323 οὐδ’
1501 1269 1567 1323 ἂν
1601 1270 1786 1330 αὐτοῖς
1814 1267 1947 1338 περὶ

364 1369 476 1421 τῶν
524 1369 665 1420 οῖκοι
708 1365 1037 1434 διαλεχθεῖεν
1095 1363 1269 1426 οὐδὲν,
1298 1361 1389 1414 τὸν
1444 1362 1558 1415 ῖσον
1607 1361 1805 1430 τρόπον
1854 1358 1948 1411 καὶ

360 1460 493 1521 τοὺς
550 1456 842 1527 νομοθέτας
878 1454 978 1509 ῖδοι
1035 1473 1115 1517 τις
1149 1454 1248 1517 ἂν,
1279 1453 1368 1506 τὸν
1419 1454 1519 1521 μὲν
1568 1450 1797 1516 ἐνταῦθα
1841 1450 1948 1503 τῶν

363 1549 672 1620 ἀνθρώπων
698 1547 991 1608 τάττοντας
1023 1544 1159 1613 βίον,
1197 1545 1276 1605 εἰς
1309 1543 1366 1595 δὲ
1396 1542 1455 1594 τὸ
1483 1540 1675 1609 μέλλον
1718 1539 1865 1600 ὅπως
1889 1532 1947 1590 εὗ

366 1640 661 1710 πράξουσι,
691 1638 786 1689 καὶ
816 1636 915 1697 τὰς
944 1635 1061 1686 ἐκεῖ
1091 1633 1419 1700 φυλάξονται
1445 1632 1598 1694 δίκας
1640 1630 1798 1697 λόγον
1826 1645 1948 1680 ποις

2046 540 2371 609 injuriarum
2408 557 2502 611 per
2522 558 2617 598 eos
2656 544 2802 597 omni
2836 555 3023 601 carent
3052 549 3297 604 molestia
3327 569 3341 604 :
3375 550 3622 618 complu-

2044 629 2198 685 ribus
2228 630 2355 684 item
2389 632 2708 697 sceleribus,
2732 649 2964 701 quorum
2998 637 3107 691 reis
3171 640 3419 709 geheuna
3475 656 3615 709 prie-

2044 720 2213 772 mium
2249 731 2353 785 est,
2376 721 2585 786 legibus
2613 723 2882 792 supplicia
2907 725 3050 779 nulla
3083 727 3471 784 decernuntur.
3495 730 3619 784 ldeo

2048 810 2332 876 nimirum,
2381 812 2510 881 quia
2568 828 2693 868 cum
2748 816 2964 884 gemina
3014 818 3122 871 vita
3173 819 3246 875 sit
3289 820 3628 885 hominibus,

2044 903 2320 971 geminum
2353 904 2604 958 similiter
2631 915 2714 959 est
2746 905 3035 975 judicium.
3071 908 3432 980 LegislatOres
3462 910 3615 965 futu-

2045 1008 2161 1047 ram
2186 993 2350 1046 vitam
2398 995 2561 1049 nobis
2613 1010 2718 1050 non
2778 995 3002 1058 faciunt.
3039 1013 3139 1053 nec
3199 1001 3340 1069 apud
3380 1001 3619 1070 judicetn

2052 1084 2200 1138 illum
2233 1102 2331 1141 nos
2352 1095 2614 1141 accusant
2644 1106 2656 1140 :
2701 1087 2795 1142 sed
2842 1097 2898 1143 ut
2927 1092 3385 1159 gubernatoribus
3409 1095 3461 1147 in
3494 1070 3633 1148 mari

2051 1193 2195 1231 cura:
2243 1191 2373 1233 sunt
2432 1187 2703 1243 vectores,
2748 1178 2876 1232 Ilum
2918 1181 3079 1236 durat
3140 1185 3434 1253 navigatio,
3490 1186 3629 1241 ultra

2051 1282 2266 1340 portum
2294 1270 2426 1340 quid
2475 1272 2543 1325 iis
2574 1270 2865 1337 conducat,
2913 1290 3179 1342 qurerere,
3233 1292 3458 1331 suarum
3508 1294 3630 1347 par-

2052 1363 2187 1416 tium
2243 1378 2350 1416 non
2400 1372 2654 1427 censent,
2686 1378 2787 1418 nec
2845 1364 2912 1417 de
2959 1367 3271 1424 domesticis
3331 1371 3626 1440 quidquam

2051 1468 2175 1509 cum
2235 1454 2303 1507 iis
2370 1454 2584 1523 agitur;
2639 1454 2711 1507 ita
2743 1464 2797 1509 et
2844 1444 3160 1513 conditores
3214 1460 3388 1529 legum
3446 1463 3626 1518 videas

2052 1543 2218 1596 vitam
2257 1542 2536 1597 hominum
2594 1558 2715 1611 qua:
2753 1543 2843 1598 hic
2909 1543 3127 1612 degitur
3180 1547 3524 1602 moderantes
3576 1550 3631 1603 et

2052 1636 2467 1699 constituentes,
2497 1635 2628 1704 quid
2698 1635 2753 1689 in
2814 1636 3056 1690 futurum
3115 1637 3219 1693 illis
3284 1639 3478 1706 fiat,et
3524 1656 3633 1711 qua

362 1727 632 1799 ουμένους
662 1726 775 1780 οὐδ’
802 1724 1064 1790 ὁντινοῦν,
1095 1722 1212 1777 ἀνθ’
1245 1718 1323 1776 ὧν
1355 1723 1505 1776 οὐδὲν
1555 1720 1798 1805 ικιῦλυσε
1824 1720 1942 1780 τοὺς

2056 1726 2263 1779 ratione
2293 1726 2470 1794 pmnis
2528 1726 2881 1795 s~mpiternis
2936 1728 3243 1793 elabantur,
3296 1732 3430 1787 nihil
3478 1733 3630 1802 pensi

364 1822 441 1874 τὰ
472 1820 729 1874 πολιτικά
762 1817 923 1889 μόνον
958 1814 1228 1885 χρηστοὺς
1260 1814 1471 1884 μυρίων
1505 1804 1694 1865 κακῶν
1751 1811 1942 1878 γέμον-

2052 1816 2273 1869 habere.
2317 1815 2684 1881 Quamobrem
2724 1817 2862 1871 nihil
2919 1827 3057 1872 vetat
3094 1820 3147 1873 in
3201 1822 3346 1875 civili
3400 1839 3632 1879 consue-

362 1931 468 1977 τας
498 1911 776 1975 ἀπελθεῖν,
801 1906 1073 1970 καὶδόξαν
1096 1905 1394 1966 ἐπιεικείας
1436 1901 1668 1956 ἐνταῦθα
1719 1900 1813 1952 καλ⁵
1860 1898 1940 1949 δι-

362 2004 665 2071 καιοσύνης
702 2002 965 2062 λαϐόντας
992 2001 1073 2061 εἰς
1110 1997 1236 2060 τοὺς
1270 1995 1669 2065 πονηροτάτους
1696 1993 1812 2045 ἐκεῖ
1845 2004 1938 2045 τε-

362 2100 525 2151 λέσαι
557 2098 653 2151 καὶ
682 2094 789 2149 τῶν
814 2093 1071 2163 χειρόνων
1105 2089 1302 2160 ψήφων
1331 2089 1532 2158 τυχεῖν.

445 2274 570 2328 Εἰδ*
595 2273 738 2327 οῦτω
766 2272 964 2335 ταῦτα,
1002 2267 1099 2323 καὶ
1131 2267 1299 2338 χωρὶς
1336 2266 1435 2336 μὲν
1467 2266 1522 2318 αἱ
1563 2262 1835 2334 παροῦσαι
1859 2263 1938 2314 δία

365 2386 485 2433 και,
523 2366 692 2438 χωρὶς
723 2366 779 2417 δὲ
808 2364 869 2417 τὸ
906 2363 1097 2434 μέλλον
1133 2361 1251 2414 ἐστὶ
1288 2360 1665 2430 δικαστήριον,
1712 2358 1787 2429 μὴ
1810 2356 1938 2425 περὶ

361 2460 476 2513 τῶν
505 2456 806 2530 μελλόντων
839 2454 946 2508 ἀπὸ
981 2454 1091 2506 τῶν
1121 2452 1408 2523 παρόντων
1450 2450 1772 2518 τεκμαίρου,
1815 2447 1937 2515 μηδ’

357 2552 476 2604 οἴου
525 2546 619 2601 τοῦ
681 2544 816 2598 Θεοῦ
867 2545 1048 2613 τυχεῖν
1103 2543 1166 2597 ἀν
1198 2540 1457 2612 εὐμενοῦς
1495 2536 1557 2592 οῦ
1596 2537 1941 2608 νομοθετοῦν-

358 2660 458 2704 τος
514 2642 827 2709 ὑπερόπτης
877 2639 1104 2706 ἐφάνης,
1154 2637 1235 2690 ὅτι
1294 2634 1441 2703 παρά
1499 2632 1776 2693 δικασταῖς
1828 2631 1938 2693 τοῖς

359 2733 658 2803 ὁμοφύλοις
690 2731 1027 2798 εὐδοκιμεῖς,
1066 2729 1240 2780 ἐκεῖνο
1267 2725 1401 2795 πρός
1430 2741 1493 2791 γε
1525 2722 1737 2783 πολλοῖς
1760 2720 1942 2781 ἄλλοις

361 2823 823 2897 ὲνθυμηθεὶς,ῶς
847 2819 1353 2887 ἀνελευθεριότητος
1420 2817 1513 2869 καὶ
1573 2812 1940 2881 φιλαργυρίας

369 2916 464 2969 καὶ
490 2915 589 2983 τῆς
620 2914 753 2983 πρὸς
784 2912 909 2974 τοὺς
968 2910 1252 2978 δεομένους
1315 2906 1731 2973 ἀπανθρωπίας,
1766 2902 1941 2955 οὐδενὶ

361 3003 474 3055 τῶν
490 3003 559 3055 τὰ
576 3001 800 3054 τοιαῦτα
831 3000 1085 3069 πονηρῶν
1106 2997 1280 3058 οὐδεὶς
1311 2994 1595 3065 ἐμέμψατο
1620 2992 1936 3061 νομοθέτης,

364 3096 465 3150 κάν
503 3113 587 3157 τις
620 3094 894 3165 γράψηται
922 3092 1049 3161 παρ’
1078 3091 1278 3152 αὐτοῖς,
1303 3087 1498 3157 χείρων
1520 3086 1667 3139 ἔσται
1697 3083 1788 3137 τοῦ
1814 3084 1941 3151 φεύ·
1970 3130 2013 3165 ﬁ

362 3204 549 3254 γοντος
576 3186 670 3239 καὶ
698 3186 796 3256 τὴν
833 3184 1041 3237 ἐλάττω
1067 3182 1247 3251 ψῆφον
1280 3181 1558 3249 οίχήσεται
1603 3176 1802 3238 λαϐὼν,
1840 3173 1935 3227 τοῦ

365 3280 501 3333 Θεοῦ
532 3278 588 3330 δὲ
629 3277 939 3339 δικάζοντος
969 3274 1097 3344 περὶ
1121 3273 1228 3325 τῶν
1275 3270 1453 3325 αὐτῶν
1482 3268 1684 3322 τούτων
1732 3265 1935 3335 ἐγκλη-

368 3373 553 3441 μάτων
572 3372 605 3439 ὴ
622 3355 812 3436 γέἓννα
834 3366 1040 3433 γίνεται
1054 3365 1200 3433 δίκη.
1219 3362 1485 3429 Καθάπερ
1507 3359 1684 3413 τοίνυν
1712 3356 1937 3428 βασκαί-

366 3480 495 3527 νων,
526 3461 623 3513 καὶ
659 3456 1032 3527 μνησικακῶν.
1068 3457 1174 3507 Καὶ
1199 3452 1371 3522 μισῶν
1389 3452 1479 3505 τὸν
1520 3449 1813 3523 ὁμόφυλον,
1844 3448 1940 3501 καὶ

375 3553 585 3622 μηδένα
620 3550 785 3619 μηδὲν
816 3545 874 3600 εὖ
907 3546 1077 3599 ποιῶν
1102 3548 1196 3598 καὶ
1223 3546 1292 3598 τά
1318 3542 1541 3596 τοιαῦτα
1577 3540 1943 3611 πονηρευόμε-

363 3664 453 3709 νος
470 3645 621 3699 οὐδὲν
645 3644 710 3696 ἂν
733 3640 923 3707 ἐπίσης
945 3640 1187 3707 ἄμεινον,
1211 3635 1336 3702 περὶ
1359 3636 1467 3687 τῶν
1493 3633 1553 3698 ἐξ
1582 3632 1809 3701 οὐρανοῦ
1839 3633 1942 3701 ψή-

368 3755 506 3807 φων,
540 3736 590 3787 ει
623 3732 770 3801 παρὰ
799 3732 909 3791 τοῖς
939 3730 997 3781 ὲν
1041 3731 1109 3796 γῇ
1152 3729 1363 3797 κριταῖς
1412 3723 1699 3784 ἀνεύθυνος
1755 3716 1824 3773 εἴ·
1851 3722 1939 3774 τὸν

370 3830 482 3882 ῖσον
513 3825 714 3892 τρόπον
746 3819 883 3873 κάπὶ
912 3819 1018 3871 τῶν
1048 3817 1222 3870 τόκων
1254 3815 1490 3883 λογίζου.

439 3916 607 3969 Πόθεν
648 3910 740 3966 οὖν
780 3913 808 3964 ὁ
846 3910 960 3978 βίος
1000 3911 1151 3978 ἡμῖν,
1192 3907 1347 3975 φησὶ,
1392 3906 1530 3974 μήτε
1564 3905 1631 3958 τά
1666 3906 1926 3977 γεωργῶν

367 4009 556 4073 εἰδόσι,
594 4007 732 4076 μήτε
769 4002 1172 4073 ἐμπορεύεσθαι
1214 4000 1557 4069 δυναμένοις,
1612 4002 1749 4068 μήτε
1801 3997 1937 4066 πρὸς

371 4102 536 4170 ἄλλην
567 4096 815 4170 ἡντινοῦν
859 4095 1041 4165 ἔχουσι
1093 4094 1319 4163 τέχνην;
1361 4091 1425 4143 Τί
1464 4090 1508 4143 δ’
1556 4092 1622 4143 ἂν
1665 4090 1760 4142 καὶ
1797 4091 1940 4157 ἱερὸ-

370 4192 517 4243 συλοι
551 4191 622 4241 τὰ
658 4187 796 4242 αὐτὰ
829 4186 893 4255 δὴ
925 4185 1097 4238 ταῦτα
1168 4184 1532 4253 προῖσχωνται
1568 4182 1659 4232 καὶ
1715 4179 1939 4250 lunai;

367 4284 751 4353 Συγχωρησεις
777 4279 959 4339 αὐτοῖς
984 4277 1080 4346 τὴν
1108 4275 1306 4328 κακίαν
1329 4292 1343 4340 ;
1365 4272 1578 4326 Οὐκοῦν
1596 4272 1703 4324 τῶν
1731 4270 1941 4340 διορυτ-

367 4375 571 4427 τόντων
618 4370 715 4439 τὴν
750 4367 933 4421 αίκίαν
970 4366 1155 4437 ἀνέξῃ,
1200 4365 1303 4417 κᾶν
1359 4363 1557 4434 λῃστὴς
1589 4362 1852 4432 περιδύσῃ
1880 4378 1937 4412 σε

2044 1909 2234 1962 tudine
2266 1909 2648 1964 tantummodo
2678 1910 2869 1976 bonos,
2930 1914 3167 1982 peccatis
3221 1915 3454 1971 obrutos
3502 1918 3627 1974 hinc

2042 2002 2311 2069 emigrare
2341 2022 2354 2057 :
2384 2013 2438 2057 et
2472 2004 2563 2058 hic
2592 2004 2891 2061 clementiae
2945 2023 3006 2061 ac
3030 2009 3262 2079 justitiae
3311 2013 3621 2082 opinionem

2044 2094 2294 2164 adeptos.
2329 2095 2399 2149 ibi
2465 2095 2659 2150 referri
2719 2098 2864 2151 inter
2918 2100 3358 2167 scelestiSs-imos,
3389 2105 3627 2161 deterio-

2043 2201 2266 2254 remque
2287 2186 2557 2240 calculum
2611 2187 2817 2241 sortiri.

2112 2275 2244 2341 Quae
2274 2292 2397 2329 cum
2432 2276 2503 2329 ita
2551 2278 2807 2343 habeant,
2848 2287 2903 2332 et
2950 2279 3095 2334 aliud
3154 2282 3264 2336 sint
3319 2296 3611 2352 praesentes

2041 2383 2234 2438 preme,
2257 2368 2400 2421 aliud
2434 2369 2577 2436 quod
2607 2384 2706 2423 nos
2740 2381 2921 2423 manet
2967 2371 3259 2440 judicium,
3305 2375 3414 2428 noli
3475 2391 3615 2445 prae-

2042 2458 2285 2513 sentibus
2316 2458 2496 2511 futura
2522 2458 2734 2523 metiri;
2767 2475 2865 2514 nec
2887 2475 3043 2530 spera
3071 2470 3123 2517 te
3157 2462 3267 2519 Deo
3299 2481 3517 2521 usurum
3537 2468 3628 2523 be-

2041 2549 2256 2608 nevolo.
2282 2548 2439 2618 cujus
2463 2550 2607 2620 leges
2629 2550 2905 2620 despicere
2934 2567 2992 2607 es
3023 2568 3211 2619 ausus,
3240 2557 3450 2614 etiamsi
3471 2558 3623 2629 judi-

2042 2656 2133 2697 ces
2155 2651 2260 2697 tute
2284 2651 2487 2696 natura:
2509 2653 2791 2697 consortes
2818 2658 2923 2697 non
2940 2643 3078 2699 male
3101 2646 3166 2700 de
3185 2656 3237 2703 te
3267 2647 3581 2705 existiment
3606 2668 3622 2716 ;

2045 2733 2175 2786 illud
2220 2734 2363 2786 inter
2399 2733 2566 2786 multa
2615 2733 2882 2802 cogitans,
2922 2734 3283 2804 legislatorem
3346 2740 3623 2796 neminem

2042 2824 2230 2878 sordes
2267 2832 2322 2878 et
2348 2822 2658 2890 avaritiam,
2706 2834 2758 2878 et
2788 2822 3050 2881 adversus
3096 2837 3315 2894 egentes
3366 2829 3624 2887 inhuma-

2045 2917 2268 2969 nitatem
2304 2916 2359 2968 in
2399 2929 2677 2985 quoquam
2732 2916 2926 2969 horum
2986 2931 3081 2973 reo
3132 2930 3505 2989 persecutum,
3563 2933 3621 2978 et

2044 3006 2135 3071 qui
2162 3020 2491 3075 quemquam
2524 3007 2719 3059 horum
2753 3007 2895 3076 apud
2926 3007 3049 3063 illos
3080 3024 3323 3076 accuset,
3353 3014 3625 3069 deteriore

2046 3095 2166 3150 loco
2205 3098 2326 3166 ipso
2359 3106 2615 3152 accusato
2674 3096 2935 3162 futurum,
2990 3107 3044 3153 et
3101 3115 3258 3156 causa
3315 3116 3623 3170 casurum;

2053 3188 2161 3241 Deo
2214 3195 2394 3242 autem
2461 3187 2528 3240 de
2614 3187 2699 3241 his
2764 3189 2897 3256 ipsis
2963 3189 3291 3247 criminibus
3350 3193 3621 3263 judicium

2046 3287 2364 3342 exercente,
2441 3276 2751 3347 gehennam
2817 3279 3142 3348 supplicium
3220 3281 3356 3339 fore.
3438 3285 3635 3355 Itaque.

2048 3382 2105 3424 ut
2135 3369 2372 3430 invidus,
2403 3378 2457 3423 et
2509 3369 2832 3438 injuriarum
2887 3386 2992 3425 non
3040 3373 3182 3441 potis
3231 3376 3509 3444 oblivisci,
3568 3390 3623 3433 et

2043 3458 2170 3511 odio
2209 3456 2446 3526 proximi
2494 3454 2759 3519 imbutus,
2817 3466 2870 3512 et
2929 3460 3063 3514 nulli
3120 3464 3416 3533 quidquam
3462 3470 3624 3524 bene-

2042 3553 2273 3618 faciens,
2301 3559 2354 3605 et
2418 3550 2617 3604 similia
2684 3561 3027 3621 perpetratis,
3081 3569 3396 3627 quanquam
3477 3562 3621 3631 apud

2043 3653 2292 3698 terrenos
2316 3641 2530 3710 judices
2563 3642 2778 3708 insons,
2826 3643 3108 3699 meliorem
3140 3662 3171 3701 e
3208 3648 3349 3703 coelo
3407 3660 3621 3705 senten-

2043 3735 2173 3788 tiam
2206 3748 2313 3786 non
2339 3732 2499 3785 habet
2528 3746 2627 3785 cur
2661 3742 2971 3801 exspectet:
3008 3735 3151 3789 idem
3209 3747 3260 3791 tu
3295 3739 3362 3793 de
3415 3738 3620 3797 fenera-

1998 3822 2003 3825 ⁷
2043 3832 2158 3877 tore
2210 3824 2469 3889 cogitato.

2117 3910 2268 3963 Unde
2299 3927 2428 3979 ergo
2456 3912 2629 3966 victus
2663 3913 2842 3974 nobis.
2872 3914 3069 3983 inquit,
3106 3916 3197 3985 qui
3261 3932 3359 3972 nec
3382 3919 3617 3989 agricul-

2042 4008 2219 4055 turam
2250 4003 2540 4058 didicimus
2574 4043 2590 4068 ,
2623 4021 2725 4060 nec
2752 4020 3114 4062 mercaturam
3150 4008 3327 4065 facere
3376 4012 3579 4067 scimus
3603 4052 3617 4076 ,

2043 4108 2141 4145 nee
2172 4093 2239 4146 ad
2268 4088 2429 4147 ullam
2486 4080 2656 4149 artem
2714 4100 3104 4164 quaestuariam
3161 4115 3355 4155 sumus
3401 4102 3619 4157 idonei?

2044 4182 2195 4248 Quod
2234 4185 2278 4237 si
2314 4193 2367 4237 et
2420 4186 2694 4255 sacrilegi,
2729 4198 2782 4241 et
2816 4187 3055 4244 latrones
3109 4190 3248 4245 idem
3294 4203 3617 4262 praetexunt,

2044 4291 2170 4328 num
2213 4278 2292 4331 eis
2330 4278 2551 4331 sceleris
2583 4277 2897 4335 facultatem
2930 4282 3131 4336 dabis?
3160 4282 3324 4352 Igitur
3373 4284 3620 4341 ell‘ractov

2043 4382 2127 4419 res
2154 4367 2417 4436 patieris?
2456 4377 2509 4422 et
2536 4371 2577 4422 si
2634 4369 2770 4424 latro
2800 4382 3017 4440 captum
3054 4383 3104 4428 te
3121 4375 3357 4431 vestibus
3382 4379 3614 4445 exuerit,

374 4461 690 4531 κατασχὼν,
743 4462 838 4512 καὶ
886 4458 1098 4525 πληγὰς
1149 4456 1379 4525 ὲντείνη,
1411 4454 1579 4507 δεινὸν
1611 4454 1783 4522 οὐδὲν,
1835 4454 1937 4506 κᾶν

2048 4466 2097 4510 ιι
2136 4459 2321 4527 plagas
2352 4462 2698 4529 imposuerit.
2747 4461 2880 4517 nihil
2933 4462 3146 4534 injuriae
3198 4466 3514 4523 intulit‘let
3571 4471 3618 4526 si

377 4552 708 4626 μαστρωπὸς
746 4550 1082 4620 πολιορκήσῃ
1115 4547 1206 4599 τὸν
1232 4547 1428 4613 γάμον,
1463 4544 1610 4597 οὐδὲν
1638 4544 1895 4612 ἠδίκησεν
1921 4560 1936 4609 ;

369 4648 535 4714 ἀλλην
565 4647 674 4713 γὰρ
698 4642 806 4695 οὐδ’
832 4638 1078 4711 ἡντινοῦν
1108 4639 1252 4691 ῖσασι
1274 4636 1487 4705 τέχνην.
1516 4633 1641 4706 Ἆρ’
1663 4633 1754 4686 οῦν
1776 4633 1944 4702 ἡδέως

368 4736 701 4799 ἀπολαύσεις
713 4732 818 4785 τῶν
836 4728 1030 4786 σαυτοῦ
1045 4726 1237 4797 ψήφων
1255 4723 1611 4795 ;Ἀλλ’,οἶμαι,
1626 4724 1724 4787 δεῖ,
1747 4722 1945 4788 μᾶλλον

375 4830 431 4881 δὲ
468 4830 614 4882 πᾶσα
644 4826 861 4892 ἀνάγκη
897 4822 971 4891 μὴ
1004 4820 1163 4889 μόνον
1195 4812 1269 4870 ῶν
1302 4818 1376 4886 τῷ
1406 4819 1503 4887 βίῳ
1536 4818 1619 4870 δεῖ
1651 4817 1944 4884 τυγχάνειν

378 4922 587 4990 ζητεῖν,
622 4916 761 4970 ἀλλά
790 4916 883 4967 καὶ
921 4913 1045 4966 ὅθεν
1070 4912 1149 4964 δεῖ
1176 4910 1474 4977 λαμϐάνειν
1512 4909 1714 4977 ζητεῖν,
1750 4906 1822 4970 ὼς
1855 4908 1943 4958 ὲν.

373 5009 550 5062 ταῦθα
582 5010 761 5061 πᾶσαν
795 5005 1140 5059 συνεστῶσαν
1171 5003 1268 5072 τὴν
1297 5004 1355 5054 ὲν
1380 5005 1497 5062 ταῖς
1526 5002 1711 5054 πόλεσι
1736 5000 1940 5052 Muto-

381 5099 569 5168 σύνην.
606 5098 668 5149 Et
703 5097 811 5167 γὰρ
858 5096 1160 5165 χρημάτων
1212 5092 1465 5160 ἀλλήλοις
1513 5092 1607 5142 καὶ
1649 5090 1944 5157 κτημάτων

377 5194 471 5244 καὶ
503 5188 663 5258 δόξης
698 5188 959 5244 ἑκάστοτε
988 5187 1079 5238 καὶ
1125 5185 1230 5235 τῶν
1264 5183 1527 5235 τοιούτων
1560 5179 1939 5250 ἀμφισϐητοῦσ-

378 5300 498 5350 μεν,
532 5282 737 5333 τούτων
780 5280 843 5332 es
882 5278 981 5330 οὐκ
1032 5277 1178 5330 ἔστιν
1222 5275 1371 5329 οὐδὲν
1402 5274 1429 5326 ὃ
1459 5277 1533 5344 μὴ
1572 5273 1699 5343 παρ’
1742 5274 1943 5341 ἐτέρων

373 5375 531 5445 ἡμῖν,
561 5374 642 5425 ὅτι
676 5371 843 5441 μηδὲν
875 5368 934 5434 ἐξ
962 5370 1131 5439 ἀρχῆς
1159 5370 1237 5431 είς
1273 5367 1363 5422 τὸν
1408 5366 1520 5437 βίον
1574 5366 1940 5435 εἰσεληλυθὸσι

376 5459 843 5529 συνεισελήλυθεν,
861 5458 995 5512 ἀλλά
1013 5461 1103 5512 καὶ
1126 5458 1215 5511 τὸν
1244 5459 1410 5528 ἀγρὸν
1440 5457 1689 5512 λαὸόιτες
1718 5456 1939 5524 ἔχομεν,

378 5551 471 5602 καὶ⁸
490 5549 550 5602 τὸ
570 5550 804 5618 ἱμάτιον,
832 5548 923 5600 καὶ
940 5548 1026 5599 τὸν
1054 5548 1219 5600 ἵππον
1246 5545 1465 5597 καὶτῶν
1494 5546 1663 5597 ὄντων
1690 5544 1940 5596 ἕκαστον

378 5639 635 5710 φανερὸν,
658 5640 832 5707 τούτῳ
847 5639 1117 5705 διενέγκαι
1134 5639 1226 5689 τοὺ
1241 5680 1255 5698 ,
1280 5637 1519 5698 δικαίους
1536 5636 1643 5687 τῶν
1664 5634 1938 5704 πονηρῶν,

378 5730 457 5804 τῷ
480 5734 605 5795 τοὺς
626 5734 745 5804 μὲν,
769 5730 898 5800 παρ’
921 5726 996 5784 ὧν
1017 5731 1144 5792 ἔδει,
1171 5731 1291 5791 τοὺς
1316 5729 1394 5792 δὲ,
1425 5728 1551 5799 παρ’
1580 5721 1655 5781 ὦν
1681 5727 1780 5780 οὐκ
1809 5725 1937 5795 ἔδει,

708 5831 977 5890 PATROL.
1020 5830 1136 5889 Gn.
1186 5828 1303 5887 CL.

2050 4549 2170 4600 l-nu
2201 4551 2385 4604 uxoris
2434 4552 2741 4606 castitatem
2805 4559 3130 4624 corruperit,
3191 4558 3323 4612 nihil
3389 4563 3620 4618 nocuit?

2050 4637 2253 4690 nullam
2284 4639 2427 4691 enim
2456 4655 2843 4709 quamcunque
2883 4652 3056 4697 artem
3093 4656 3318 4700 norunt.
3353 4647 3613 4705 Fructum

2048 4728 2397 4796 crgojuilicii
2430 4732 2507 4784 tui
2570 4733 2776 4799 capies.
2826 4732 2897 4786 At
2948 4735 3094 4787 enim
3155 4746 3285 4805 puto
3339 4750 3615 4808 oportere.

2048 4816 2159 4870 imo
2197 4830 2303 4871 tam
2350 4827 2435 4871 est
2498 4820 2893 4886 necessarium,
2944 4836 3105 4890 quam
3163 4827 3306 4894 quod
3361 4830 3616 4896 maxime,

2047 4922 2153 4960 non
2196 4907 2369 4962 solum
2397 4909 2595 4977 quibus
2624 4910 2733 4965 vita
2758 4912 2963 4981 indiget
3005 4928 3250 4982 quarere
3277 4954 3292 4981 ,
3325 4918 3419 4974 sed
3448 4919 3614 4975 etiam

2046 4999 2460 5067 circumspicere
2496 5003 2637 5055 unde
2694 5003 3069 5072 accipiendum
3118 5007 3211 5071 sit,
3267 5018 3455 5079 utpote
3502 5021 3613 5065 tota

2045 5088 2189 5144 civili
2228 5090 2440 5157 justitia
2472 5092 2561 5147 hic
2590 5094 2942 5150 consistente.
2981 5094 3037 5149 Si
3082 5099 3227 5152 enim
3275 5100 3343 5155 de
3365 5104 3612 5166 pecunia,

2045 5182 2503 5250 possessionibus,
2525 5183 2718 5252 gloria,
2751 5186 3129 5256 similibusque
3151 5205 3369 5261 semper
3395 5202 3614 5245 contro-

2046 5286 2346 5337 versantur,
2380 5282 2432 5325 et
2456 5273 2648 5326 horum
2697 5275 2833 5328 nihil
2886 5287 2991 5341 est,
3040 5281 3183 5348 quod
3241 5297 3347 5335 non
3379 5280 3446 5334 ab
3493 5281 3613 5335 aliis

2051 5363 2117 5415 ad
2166 5379 2265 5418 nos
2289 5364 2587 5432 perveniat,
2645 5367 2909 5433 quoniam
2940 5383 2970 5422 a
3030 5370 3294 5440 principio
3332 5370 3383 5425 in
3446 5369 3611 5423 vitam

2056 5452 2289 5521 ingres~i
2320 5454 2459 5505 nihil
2497 5453 2688 5508 horum
2750 5458 3037 5513 nobiscum
3095 5460 3258 5514 simul
3304 5474 3610 5529 mgressum

2044 5552 2148 5605 est,
2171 5543 2265 5596 sed
2300 5552 2353 5596 et
2379 5558 2564 5613 agrum
2595 5548 2929 5617 accepimus,
2960 5560 3011 5603 et
3045 5561 3273 5613 vestem,
3306 5558 3359 5605 et
3385 5564 3608 5618 equum,

2043 5645 2095 5687 et
2117 5634 2378 5702 quidquid
2405 5633 2722 5690 facultatum
2761 5640 3025 5694 habemus
3059 5658 3070 5693 :
3104 5641 3308 5694 clarum
3367 5652 3469 5704 est,
3511 5641 3614 5702 hoc

2046 5726 2249 5779 distare
2273 5723 2451 5794 justos
2476 5726 2542 5780 ab
2574 5727 2859 5797 improbis,
2893 5730 3037 5799 quod
3071 5730 3194 5784 illia
3225 5730 3426 5798 quibus
3453 5720 3627 5805 oporv.‘
3682 5732 3685 5733 ⁷

3180 5821 3249 5888 24
