3920 6206
448 298 563 365 ’747

1718 302 1767 362 Ν
1780 300 2026 361 [COLAI
2073 301 2466 364 CABASILE
3557 305 3644 377 748

463 416 564 474 tet,
590 409 645 464 hi
671 423 697 462 ο
723 409 926 479 quibus
954 407 1097 463 haud
1124 416 1364 477 Oportet,
1413 405 1709 476 accipiunt.
1762 407 1817 461 Si
1879 407 2035 462 diil‘e-

2143 409 2466 478 λαμϐάνειν.
2502 410 2565 463 El
2594 408 2658 482 δὴ
2689 409 2894 482 ταύτην
2933 410 3148 474 άνέλοις
3173 410 3265 483 τὴν
3299 412 3545 487 διαφορὰν,
3572 426 3651 478 καὶ

458 500 692 575 reutiam
730 499 872 554 hanc
895 499 1205 560 sustuleris,
1269 507 1323 552 et
1355 498 1710 566 pecuniarum
1742 500 2041 567 possessio-

460 607 703 661 numqne
753 590 1006 644 dominos
1062 604 1167 642 non
1210 589 1443 657 jnstitia,
1477 589 1571 644 sed
1616 589 1698 644 vis
1729 599 1782 644 et
1811 591 2044 661 necessi-

459 695 545 741 tas
605 682 888 745 creaverit,
960 692 1138 734 actum
1197 689 1280 735 est
1345 679 1412 734 de
1447 681 1662 745 justitia
1739 683 2019 746 uniVersc-,

461 777 928 845 uugahunturque
971 773 1206 839 judices,
1257 780 1311 823 et
1359 771 1534 841 legum
1584 772 1780 828 tabula:
1849 774 2042 828 inanes

459 878 620 922 crunt
647 881 709 920 ac
757 878 1176 933 supervacanea;
1203 905 1217 924 ,
1250 872 1306 917 et
1339 874 1392 916 tu
1416 865 1782 932 potentiorum
1827 865 2039 921 lucrum

459 964 588 1024 eris,
623 967 678 1014 et
705 968 758 1011 tu
790 957 1022 1012 fortunis
1055 956 1161 1010 tuis
1197 972 1226 1010 a
1259 956 1460 1011 nullam
1502 967 1670 1012 artem
1718 959 2039 1022 scientibus,

457 1062 663 1104 etsnas
723 1050 965 1116 ipsorum
1018 1050 1163 1117 leges
1221 1049 1573 1116 sequentibus
1602 1049 2042 1118 spoliaberis.Ne

465 1160 596 1214 ergo
624 1143 953 1196 necessitate
991 1142 1187 1203 nitere,
1220 1157 1320 1194 nec
1352 1143 1504 1195 dicas
1553 1157 1691 1212 Opus
1734 1158 1888 1198 esse:
1949 1143 2038 1197 sed

2143 501 2435 566 δεσπόταις
2481 502 2783 572 χρημάτων
2819 503 2918 556 καὶ
2960 503 3254 573 κτημάτων
3283 506 3340 558 ού
3387 509 3651 580 τὸδίκαιον,

2146 594 2285 648 ἀλλὰ
2325 595 2388 648 τό
2423 595 2633 648 δεῖσθαι
2675 596 3095 666 χειροτονήσεις,
3138 595 3334 666 φροῦδα
3363 598 3553 665 πάντα,
3581 605 3658 658 καὶ

2153 683 2456 754 ληρήσουσι
2491 685 2592 753 μὲν
2646 685 2920 752 δικασταὶ,
2973 686 3152 755 μάτην
3189 686 3244 739 δὲ
3293 686 3380 740 τοῦ
3423 689 3565 759 νόμον
3596 695 3652 745 τὰ

2145 781 2470 846 γράμματα,
2505 779 2570 829 σὺ
2624 778 2679 830 δὲ
2711 778 2901 848 κέρδος
2925 778 3023 848 έσῃ
3059 778 3170 832 τῶν
3203 781 3553 850 ἰσχυροτέρων,
3587 787 3661 837 καὶ

2143 870 2252 921 τῶν
2279 870 2447 922 όντων
2477 870 2720 941 ἐκστήσῃ
2743 873 2857 931 τοῖς
2882 870 3146 939 οὐδεμίαν
3173 871 3333 924 εἰδόσι
3354 872 3546 942 τέχνην,
3568 879 3657 939 τοῖς

2146 961 2347 1015 σαυτοῦ
2395 962 2581 1032 νόμοις
2625 964 2960 1016 ἀκολουθῶν.
3002 963 3163 1016 Ἀλλὰ
3191 964 3358 1016 ταῦτα
3385 965 3572 1019 ἄτοπα·
3603 969 3662 1037 μὴ

2144 1054 2329 1108 τοίνυν
2383 1054 2665 1123 ἰσχυρίζου
2714 1057 2779 1124 τῇ
2833 1055 3024 1124 χρείᾳ,
3064 1055 3189 1123 μηδ’
3219 1056 3298 1107 ὅτι
3340 1056 3470 1108 δέοιο
3509 1057 3661 1128 λέγῃς,

2149 1145 2286 1199 ἀλλὰ
2320 1146 2480 1198 τοῦτο
2513 1145 2708 1211 δεῖξον,
2735 1149 2784 1198 εί
2812 1146 3040 1209 δικαίως
3073 1146 3240 1216 έχεις,
3272 1145 3462 1202 λαϐὼν.

463 1240 563 1287 hoe.
593 1235 838 1298 ostende,
870 1233 1079 1301 tejnste
1109 1234 1365 1301 adeptum
1406 1247 1526 1286 esse
1550 1233 1691 1302 quod
1728 1234 1915 1288 habes.

423 1359 446 1388 ς
538 1327 637 1379 Cui
673 1341 804 1378 vero
837 1325 1092 1392 iujuriam
1125 1324 1430 1384 inferimus,
1469 1324 1668 1392 inquit,
1704 1329 1748 1379 si
1801 1342 1828 1379 a
1858 1328 2037 1382 volen-

2219 1328 2326 1378 Καὶ⁸
2353 1327 2498 1391 τίνα,
2522 1326 2710 1394 φησιν,
2739 1325 3057 1395 ἀδικοῦμεν,
3085 1327 3134 1380 εί
3163 1329 3290 1397 παρ’
3314 1329 3532 1384 ἑκόντων
3547 1332 3663 1402 λαμ-

461 1419 606 1471 tilms
636 1416 975 1486 accipimus?
1011 1416 1250 1485 Deu‘ipsi
1273 1419 1528 1478 maxime,
1597 1417 1648 1469 iu
1703 1434 1886 1492 quem,
1924 1423 2037 1489 ejus

2145 1418 2421 1490 6άνομεν;
2456 1419 2706 1474 Μάλιστα
2741 1419 2840 1488 μὲν
2873 1420 2965 1472 τὸν
2992 1421 3126 1474 θεὸν
3158 1421 3340 1486 αὑτὸν,
3369 1424 3444 1487 είς
3462 1424 3516 1477 δν
3539 1425 3664 1494 ὑδρία

465 1511 638 1579 legem
703 1510 979 1577 liaugens,
1059 1508 1490 1562 contumeliows
1557 1511 1850 1579 reperiris:
1909 1512 2037 1566 «Per

2146 1510 2260 1574 ζεις
2297 1510 2655 1580 παρανομῶν.
2699 1508 2828 1561 «Διὰ
2854 1508 2959 1578 τῆς
2991 1511 3356 1580 παραϐάσεως
3389 1511 3510 1581 γὰρ,
3540 1513 3666 1580 φησι,

460 1600 968 1672 prazvaricationem
999 1600 1144 1652 enim
1178 1600 1314 1669 legis
1349 1600 1517 1653 Deum
1554 1601 1875 1670 inhonoras,
1913 1623 1930 1655 ι
1967 1609 2037 1659 ait

2143 1602 2238 1655 τοῦ
2265 1602 2455 1670 νόμου,
2483 1601 2574 1654 τὸν
2594 1601 2727 1654 Θεὸν
2748 1601 3067 1669 ἀτιμάζεις.
3082 1620 3100 1653 ι
3134 1603 3361 1655 Ἔπειτα
3379 1603 3467 1656 καὶ
3489 1603 3668 1665 αὐτοὺς,

459 1694 662 1748 Paulus
686 1696 728 1749 ⁹,
767 1693 969 1745 Deinde
997 1693 1130 1760 ipsis
1160 1708 1399 1762 quoque,
1458 1694 1658 1761 quibus
1717 1697 2037 1752 detrimento

2147 1689 2229 1758 οἷς
2255 1695 2352 1764 τὴν
2390 1694 2593 1764 ζημίαν
2632 1693 2865 1764 ἐπάγεις
2910 1694 3233 1766 ἠδικηκόσιν
3284 1694 3452 1749 οὐδέν.
3484 1696 3551 1747 Οὐ
3584 1694 3670 1762 γὰρ

461 1801 540 1848 es,
570 1794 624 1839 et
647 1787 811 1854 quite
836 1785 971 1838 nihil
1001 1783 1368 1838 oﬂenderunt.
1427 1784 1542 1838 Non
1598 1788 1742 1839 enim
1807 1790 2037 1843 consilio

2145 1786 2254 1840 ἀπὸ
2297 1786 2525 1857 γνώμης
2557 1785 2870 1839 ὲθελουσίου
2901 1787 3191 1857 προΐενται
3229 1787 3528 1857 τάργύριον,
3562 1785 3671 1838 ἀλλὰ

459 1895 524 1933 ac
545 1888 737 1948 sponte
767 1886 1053 1946 argentum
1086 1892 1246 1930 suum
1295 1877 1579 1947 abjiciunt,
1600 1880 1690 1932 sed
1715 1894 1778 1934 eo
1837 1881 1934 1935 abs
1991 1889 2037 1936 te

2145 1878 2404 1948 φέρουσιν
2451 1879 2920 1949 ἀποστερούμενοι
2970 1880 3066 1932 καὶ
3106 1878 3318 1949 ζημίας
3367 1877 3672 1931 ἀλλάττονται

459 1973 665 2041 privari
726 1971 1030 2040 patiuntur,
1087 1980 1143 2024 et
1190 1969 1459 2040 jacturam
1515 1971 1726 2040 jactura
1776 1975 2037 2038 sarciuut,

2145 1971 2370 2040 ζημίαν,
2425 1972 2528 2040 τῆς
2581 1972 2829 2042 χείρονος
2878 1971 2978 2041 την
3024 1971 3389 2040 κουφοτέραν.
3435 1971 3545 2022 Ὅτι
3585 1968 3674 2037 γὰρ

458 2065 766 2133 graviorem
832 2063 1052 2117 leviore.
1115 2063 1251 2127 Quia
1310 2062 1454 2115 enim
1529 2063 1894 2133 chirographo
1947 2081 2037 2120 cos

2143 2065 2550 2133 γραμματείοις
2611 2064 2941 2134 κατέδησας,
2996 2066 3091 2117 καὶ
3149 2062 3238 2117 ἵνα
3290 2061 3384 2132 μὴ,
3408 2059 3672 2131 χρήσασθαι

458 2155 735 2224 ob'igasti,
764 2163 818 2208 et
848 2169 933 2219 ne,
975 2169 1096 2206 cum
1125 2162 1314 2206 mutuo
1367 2153 1562 2207 iterum
1592 2155 1848 2224 cgebunt,
1867 2160 1964 2211 ahs
1993 2170 2037 2212 te

2143 2158 2452 2225 δεηθέντος,
2493 2154 2648 2219 αὖθις
2687 2158 3072 2225 ἀποστραφῇς,
3120 2153 3573 2222 καταὸοσκομένου
3598 2152 3675 2220 τὴν

459 2245 813 2313 repellantur,
852 2252 901 2296 te
932 2243 1172 2312 ipsorum
1241 2242 1380 2296 bona
1443 2243 1821 2312 depasci-atem
1871 2247 2044 2315 perle-

461 2345 611 2390 lunt.
637 2334 865 2400 Insuper
893 2341 948 2386 et
1010 2332 1111 2402 ipsi
1174 2333 1486 2400 reipublicie
1544 2332 1742 2400 oiIicis,
1773 2344 1827 2389 et
1871 2335 2040 2406 legem

460 2444 490 2480 a
527 2428 638 2481 Deo
699 2426 863 2479 latam
920 2425 1230 2494 impugnas,
1293 2424 1679 2496 caelestemque
1749 2427 2038 2482 vindictam

460 2532 747 2589 provocas.

533 2608 612 2662 Ac
639 2621 708 2667 ne
744 2615 850 2659 tam
877 2619 1100 2674 gravem
1135 2604 1552 2660 allirmationem
1589 2621 1764 2660 meam
1818 2607 2036 2678 vilipen-

463 2703 582 2764 das,
614 2707 809 2753 testem
845 2697 987 2750 dabo
1015 2696 1295 2763 Basilium,
1355 2713 1516 2767 quem
1575 2698 1901 2753 submovere
1934 2715 2038 2754 nou

463 2793 714 2853 audebis,
741 2789 899 2858 cujus
921 2789 1131 2842 celebre
1154 2801 1235 2842 est
1267 2805 1464 2844 nomen
1491 2791 1632 2858 apud
1659 2806 1869 2846 omnes.
1903 2793 2038 2846 Cum

458 2886 608 2942 enim
639 2884 875 2951 quodam
904 2889 1147 2949 tempore
1184 2880 1355 2936 fames
1405 2891 1460 2936 et
1508 2882 1729 2938 siccitas
1763 2885 2037 2953 regionem

463 2979 585 3047 ejus
611 2975 948 3035 obsiderent,
991 2987 1240 3042 quaerens
1272 2973 1382 3036 ille,
1434 2974 1577 3028 unde
1625 2976 1937 3040 calamitas,
1987 2986 2041 3031 et

2143 2249 2330 2302 οὖσιαν
2373 2250 2678 2317 ἀνέχονταιο
2723 2250 2892 2320 χωρὶς
2920 2247 2978 2301 δὲ
3005 2247 3238 2313 τούτων,
3269 2248 3395 2302 αὐτὸ
3425 2247 3480 2299 τὸ
3522 2245 3673 2300 κοινὸν

2153 2343 2382 2406 ἀδιγεῖς,
2489 2344 2585 2410 τὸν⁸
2609 2341 2765 2405 Θεὸν,
2794 2341 2864 2394 δι’
2883 2335 2957 2395 ὧν
2985 2342 3078 2394 τὸν
3109 2343 3325 2395 ἐκεῖθεν
3353 2341 3508 2409 νόμον
3533 2340 3674 2408 διειρ-

2146 2431 2377 2502 βαίνεις,
2433 2433 2781 2501 ὲκπολεμεῖς,
2844 2431 2940 2484 καὶ
2976 2431 3078 2494 τὰς
3128 2430 3193 2496 ἐξ
3233 2429 3458 2500 ούρανιΐ
3497 2429 3675 2498 πληγὰς

2143 2525 2346 2586 ἕλκεις.

2215 2617 2324 2670 Καὶ
2354 2618 2500 2680 ὅπως
2555 2616 2629 2687 μὴ
2679 2615 2969 2685 καταγνῷς
3009 2616 3135 2669 τῶν,
3163 2617 3343 2685 λόγων
3394 2615 3675 2686 ὑπερϐολὴν,

2143 2712 2237 2763 καὶ
2270 2711 2378 2780 γάρ
2411 2727 2493 2763 σοι
2517 2709 2830 2779 παρέξομαι
2876 2710 3132 2780 μάρτυρα
3176 2711 3474 2773 Βασίλειον,
3513 2711 3596 2761 καὶ
3627 2707 3673 2760 οὑ

2143 2805 2602 2871 παραγράφεσθαι
2627 2804 2720 2855 τὸν
2750 2802 2919 2872 ἄνδρα
2941 2801 3265 2872 τολμήσεις,
3287 2795 3348 2857 οὗ
3382 2802 3520 2873 μέγα
3545 2801 3672 2871 παρά

2148 2897 2316 2948 πᾶσιν
2361 2894 2552 2963 ὄνομα.
2605 2892 2780 2961 Λιμοῦ
2814 2893 2922 2961 γὰρ
2970 2893 3064 2945 καὶ
3102 2893 3322 2964 αὐχμοῦ
3356 2893 3678 2961 κατασχόντος

2142 2985 2274 3038 ποτὲ
2304 2985 2400 3054 τὴν
2434 2981 2624 3044 αὑτοῦ,
2655 2983 2836 3050 ζητῶν
2868 2981 2990 3034 ὅθεν
3016 2983 3076 3036 τὸ
3108 2984 3306 3046 κακὸν,
3339 2983 3429 3035 καὶ
3454 2983 3501 3034 τί
3520 2983 3572 3033 τὸ
3600 2996 3678 3031 πα-

460 3069 594 3142 quid
625 3069 828 3123 faceret
861 3067 1036 3120 nubes
1080 3075 1190 3119 tam
1238 3067 1470 3132 steriles,
1509 3075 1708 3122 terram
1737 3077 1846 3122 tam
1906 3070 2037 3124 infc-

2152 3078 2498 3148 ρασκευάσαν
2548 3075 2780 3143 ἀγόνους
2834 3075 2931 3144 μὲν
2970 3073 3069 3137 τὰς
3114 3076 3373 3144 νεφέλας,
3422 3075 3596 3141 ἄγονον
3633 3070 3676 3122 δὲ

466 3161 701 3216 i-undam
733 3197 749 3224 ,
780 3158 1017 3213 radicem
1050 3166 1103 3210 et
1153 3158 1477 3225 principium
1514 3159 1640 3213 mali
1677 3160 1840 3228 hujus
1897 3163 2038 3232 apud

463 3255 799 3308 ferieratores
830 3248 1060 3303 invenit.
1095 3247 1249 3315 Quod
1285 3257 1342 3301 ut
1369 3249 1583 3312 credas,
1629 3267 1697 3304 cn
1729 3253 1824 3304 tibi
1873 3255 2038 3310 verba

466 3345 641 3414 ipsius
671 3359 684 3396 :
724 3341 921 3396 Scindc
951 3340 1190 3394 libellum
1222 3341 1346 3394 atris
1378 3343 1538 3395 alieni
1573 3343 1857 3411 ittjtlSlum,
1879 3355 1936 3398 ut
1963 3346 2042 3402 sic

467 3445 746 3505 peccatum
784 3433 1050 3496 solvatur,
1103 3431 1220 3485 dele
1275 3433 1726 3500 gravissimorum
1792 3434 2038 3491 [enm-um

467 3526 715 3590 nomina,
749 3532 808 3576 ut
839 3531 979 3576 terra
1053 3522 1272 3576 solitum
1319 3525 1412 3576 tibi
1463 3523 1619 3579 lenus
1666 3527 1869 3582 reddat.
1909 3529 2041 3585 ΑΞιο

466 3631 746 3686 namque,
791 3624 846 3668 et
894 3628 1053 3678 auro,
1084 3629 1147 3668 ac
1177 3615 1453 3670 similibus
1495 3615 1770 3671 {ineundis
1800 3621 2036 3676 metallis

460 3719 658 3781 praater
694 3715 944 3761 naturam
983 3706 1146 3760 fastus
1167 3707 1472 3773 edentibus,
1501 3707 1625 3777 jure
1653 3713 1894 3778 germina
1915 3727 2040 3781 quae

461 3799 782 3856 naturaliter
841 3797 1080 3867 pariunt,
1145 3797 1349 3852 sterilia
1405 3799 1562 3864 liunt,
1649 3808 1702 3854 et
1759 3801 1827 3855 ad
1890 3805 2035 3860 babi-

463 3893 694 3948 tantium
733 3891 959 3943 multam
995 3887 1268 3943 fructibus
1300 3899 1508 3945 carent.
1561 3888 1688 3946 Haec
1734 3892 1845 3947 ille.

536 3982 724 4036 Viden'
757 3993 886 4051 quot
938 3981 1096 4034 malis
1129 3981 1290 4034 urbes
1325 3983 1617 4036 cumulas?
1650 3985 1787 4050 Quid
1827 3999 2035 4044 tantum

466 4073 794 4127 incommodi
825 4072 1140 4141 importavit
1161 4073 1456 4135 homicida,
1479 4085 1571 4127 aut
1598 4075 1684 4129 fur
1713 4090 2036 4148 nocturnus,

465 4180 602 4232 quos
644 4163 822 4232 capite
864 4164 1142 4232 punimus,
1180 4173 1239 4215 ut
1293 4172 1347 4217 et
1383 4174 1580 4219 terram
1631 4183 2032 4238 corrumperet,

467 4269 521 4310 et
549 4273 730 4310 aerem
766 4257 1001 4319 villiaret,
1034 4265 1088 4308 et
1135 4255 1385 4311 civitates
1429 4261 1817 4314 communibus
1869 4264 2039 4319 homi-

465 4362 596 4398 num
652 4345 979 4399 utilitatibus
1023 4347 1581 4412 spoliaret?’l‘antum
1634 4354 1784 4414 abes,
1837 4364 1892 4407 ut
1945 4368 2037 4412 aut

467 4437 678 4491 niillum
711 4434 911 4503 injuste
943 4434 1108 4487 laedas
1139 4473 1154 4497 ,
1184 4447 1278 4488 aut
1305 4436 1634 4503 ignoscenda
1671 4443 1872 4495 audeas
1900 4485 1915 4509 ,
1947 4456 2039 4500 aut

466 4525 642 4592 culpa:
688 4524 915 4574 minuta:
960 4521 1134 4577 ailinis
1186 4524 1283 4578 sis.
1321 4523 1402 4579 Tu
1436 4526 1650 4580 interim
1701 4539 1751 4584 et
1806 4547 2042 4589 conven-

466 4623 642 4675 tuum,
689 4623 744 4667 et
791 4612 1166 4666 institutorum
1201 4613 1345 4676 vitae,
1375 4624 1428 4669 et
1468 4618 1646 4674 victus
1703 4623 1928 4680 humani
1980 4644 2039 4683 es

464 4706 761 4776 particeps,
787 4706 1067 4760 hominum
1097 4706 1368 4776 pernicies
1394 4711 1717 4780 ;credisque
1745 4715 2038 4785 Salvatori,

452 4806 520 4852 .et
545 4798 663 4866 ejus
693 4799 965 4868 mysteriis
994 4812 1058 4851 ac
1090 4798 1301 4867 legibus
1319 4800 1634 4867 salutiferi~,
1664 4809 1863 4873 quibus
1892 4811 2038 4877 leges

465 4890 578 4943 fers
611 4889 936 4943 contrarias.
973 4889 1170 4954 Quaeso
1217 4903 1306 4955 te;
1359 4907 1465 4946 non
1513 4895 1678 4962 pudet
1733 4903 2037 4954 communi-

467 4994 594 5035 care
624 4978 770 5033 illius
799 4993 1020 5042 mensae,
1053 4981 1139 5032 cui
1190 4989 1473 5048 tantopere
1519 4983 1828 5043 adversaris
1855 4990 1878 5040 ’ί
1907 5006 2031 5056 nec,

2144 3166 2401 3236 γενέσθαι
2436 3165 2531 3236 τὴν
2579 3165 2684 3234 γῆν
2710 3202 2726 3230 ,
2769 3165 3014 3234 εὑρίσκει
3045 3166 3148 3232 τὴν
3192 3165 3354 3236 ῥίζαν
3394 3167 3486 3231 τῆς
3533 3163 3677 3234 aeau-

2146 3255 2300 3318 στίας
2320 3256 2471 3325 παρὰ
2487 3256 2599 3317 τοῖς
2620 3253 2976 3322 τοκογλύφοις
2992 3255 3247 3323 ύμῐν,κα“ι
3267 3257 3456 3314 τόκους
3476 3255 3675 3308 α’τιᾶται

2143 3345 2253 3398 τῶν
2283 3344 2597 3414 συμφορῶν.
2629 3346 2736 3398 Καὶ
2763 3344 2850 3397 ενα
2870 3344 3189 3417 πιστεύσῃς,
3223 3347 3387 3399 αὐτοῦ
3409 3347 3510 3398 τῶν
3533 3343 3679 3416 ῥημά-

2143 3452 2253 3488 των
2276 3435 2495 3498 ἀκούοις
2519 3435 2584 3489 ἄν
2608 3453 2620 3465 ο
2662 3434 2996 3503 Ἑξάλειψον,
3025 3437 3183 3504 φησὶ,
3207 3436 3519 3506 βαρυτάτων
3533 3435 3678 3486 τόκων

2141 3526 2458 3595 ὁμολογίαν,
2517 3525 2604 3578 ἵνα
2636 3525 2771 3596 τέκῃ
2801 3525 2871 3577 τὰ
2903 3525 3112 3597 συνήθη
3147 3528 3180 3596 ἡ
3217 3528 3313 3597 γῆ.
3359 3525 3561 3580 Χαλκοῦ
3591 3525 3676 3592 γὰρ

2149 3619 2243 3671 καὶ
2269 3617 2471 3688 χρυσοῦ
2509 3617 2600 3670 καὶ
2637 3617 2748 3669 τῶν
2775 3617 2988 3683 ἀγόνων
3022 3619 3174 3689 παρὰ
3211 3620 3377 3686 φύσιν
3406 3619 3677 3688 γεννώντων

2143 3711 2178 3779 ἡ
2207 3710 2351 3762 κατὰ
2398 3707 2559 3777 φύσιν
2588 3708 2852 3760 τίκτουσα
2892 3709 3141 3776 γίγνεται
3176 3713 3388 3781 στεῖρα,
3437 3711 3526 3762 καὶ
3567 3709 3676 3778 πρὸς

2140 3801 2240 3873 τὴν
2295 3805 2570 3872 τιμωρίαν
2621 3801 2730 3854 τῶν
2781 3801 3140 3858 ἐνοικούντων
3198 3803 3556 3872 κατεδικάσθη
3597 3801 3677 3867 τὴν

2141 3895 2442 3964 ἀκαρπίαν.

2221 3987 2458 4054 Ἐγνως,
2499 3986 2643 4050 ὅσοις
2670 3989 2774 4050 τὰς
2799 3987 2981 4051 πόλεις
3017 3989 3372 4058 περιϐάλλεις
3398 3992 3599 4055 κακοῖς;
3627 3987 3679 4038 Τί

2141 4077 2397 4131 τοσοῦτον
2457 4079 2716 4148 ἠδίκησεν
2778 4080 3104 4150 ἀνδροφόνος
3141 4083 3174 4152 ἢ
3215 4084 3558 4153 τοιχωρύχος,
3602 4079 3676 4137 οὓς

2142 4168 2374 4222 θανάτου
2405 4169 2719 4239 τιμώμεθα,
2771 4169 2911 4223 ὥστε
2954 4175 3045 4224 καὶ
3081 4171 3184 4242 τὴν
3232 4177 3338 4243 γῆν
3384 4173 3675 4241 διαφθεῖραι.

2139 4263 2234 4315 καὶ
2283 4261 2360 4330 τῷ
2408 4262 2529 4330 ἀέρι
2568 4261 2936 4333 λυμήνασθαι,
2984 4264 3074 4316 καὶ
3116 4265 3229 4317 τῶν
3271 4267 3464 4320 κοινῶν
3505 4265 3676 4318 τούτων

2144 4352 2449 4424 ἀνθρώποις
2466 4352 2564 4415 τὰς
2587 4353 2768 4417 πόλεις
2809 4355 3131 4425 ἀποστερεῖν
3153 4374 3168 4420 ;
3193 4357 3404 4411 Τοσ-νῦτ
3432 4375 3460 4411 ν
3489 4357 3673 4425 ἀπέχει,

2155 4443 2185 4511 ἢ
2219 4443 2421 4512 μηδένα
2456 4443 2624 4511 μηδὲν
2657 4443 2885 4510 ἀδικεῖν,
2915 4444 2945 4514 ἤ
2981 4447 3322 4516 συγγνώμης
3356 4449 3476 4512 ἀξια
3502 4446 3674 4513 τολμᾷν

2135 4534 2169 4604 ἢ
2199 4533 2416 4602 μικρῶν
2444 4533 2746 4597 ὑπεύθυνος
2773 4533 2934 4589 εἶναι.
2965 4537 3036 4589 Σὺ
3068 4537 3123 4589 δὲ
3154 4539 3439 4606 συλλόγων
3474 4540 3580 4608 μὲν.
3605 4535 3675 4587 καὶ

2135 4628 2368 4697 διαίτης,
2417 4629 2514 4680 καλ⁵
2568 4628 2684 4697 βίου
2723 4632 2972 4699 μετέχεις
3024 4632 3366 4699 ἀνθρώποις,
3408 4630 3674 4700 ἀνθρώπων

2137 4722 2358 4791 ὅλεθρος
2393 4721 2489 4776 ὧν.
2522 4724 2809 4786 Πιστεύεις
2847 4723 2902 4777 δὲ
2936 4725 3010 4795 τῷ
3038 4725 3256 4795 Σωτῆρι
3291 4729 3385 4780 καὶ
3421 4729 3526 4788 τοῖς
3556 4723 3674 4777 ἐκεί·

2142 4831 2232 4865 νου
2266 4813 2589 4885 μυστηρίοις
2625 4817 2720 4868 καὶ
2769 4817 2955 4886 νόμοις
2996 4818 3097 4887 τὴν
3151 4821 3451 4889 σωτηρίαν,
3492 4815 3672 4870 ἐναντία

2142 4905 2471 4974 νομοθετῶν,
2517 4907 2613 4959 καὶ
2659 4905 2783 4959 οὕτε
2813 4892 3048 4980 αἰσχύνῃ
3093 4911 3375 4963 κοινωνῶν
3412 4909 3673 4980 τραπέζης,

2139 4989 2182 5063 ᾧ
2222 4997 2503 5065 πολεμεῖς,
2537 4997 2662 5050 οὕτε
2693 4999 2940 5068 φρίττεις
2980 4998 3176 5052 σαυτὸν
3204 5001 3355 5072 αὐτῷ
3389 4998 3673 5060 συνοικίζων

413 5093 420 5098 ·
466 5079 758 5138 antequam
784 5084 912 5123 cum
947 5084 1012 5122 eo
1043 5069 1096 5122 in
1125 5071 1356 5137 gratiam
1389 5072 1676 5129 restitutus
1707 5079 1804 5143 sis,
1841 5079 2031 5138 horres

2143 5104 2217 5155 πρ
2243 5106 2271 5140 ν
2310 5087 2647 5157 διηλλάχθαι,
2685 5090 2777 5140 καὶ
2811 5087 3052 5158 νομίζεις
3086 5069 3398 5145 ἀπόνασθαι
3439 5092 3533 5158 τῆς
3567 5103 3672 5156 τρα-

452 5169 518 5215 -te
552 5162 624 5214 illi
655 5161 1100 5215 contubernalem
1126 5161 1377 5230 jnngere,
1409 5173 1462 5218 et
1488 5167 1643 5220 donis
1666 5167 1738 5222 ita
1765 5175 2035 5241 susceptis

2143 5181 2336 5249 πέζης,
2361 5179 2505 5232 οὕτω
2524 5180 2591 5232 τὰ
2613 5180 2758 5250 δῶρα
2780 5180 3075 5250 δεξάμενος
3096 5197 3110 5211 ·
3140 5166 3322 5236 καίτοι
3349 5183 3408 5235 τὸ
3439 5184 3533 5252 μὲν
3555 5173 3668 5238 αἷμα

468 5252 748 5304 l'ructuose
790 5259 844 5303 te
889 5250 1215 5304 accubuisse
1245 5253 1526 5309 existimas
1555 5257 1578 5308 ?
1607 5258 1769 5326 Atqui
1813 5265 2037 5332 sanguis

2143 5269 2300 5322 τοῦτο
2351 5269 2546 5338 λύτρον
2571 5273 2707 5334 ἐστὶ,
2740 5273 2800 5322 σεδ
2824 5271 2878 5322 δὲ
2902 5270 3272 5342 ἀνδραποδίζῃ
3298 5273 3387 5323 τὸν
3404 5250 3667 5339 ὁμόφυλον·

469 5343 555 5397 hic
601 5343 848 5412 pretium
878 5342 1270 5410 redemptionis
1297 5353 1422 5410 est;
1456 5353 1508 5398 tu
1547 5362 1676 5403 vero
1726 5351 2032 5419 proximum

2143 5361 2227 5411 καὶ
2255 5359 2314 5410 τὸ
2352 5360 2450 5428 μὲν
2481 5359 2568 5411 ἴνα
2605 5359 2667 5411 σὺ
2715 5361 2882 5428 μηδὲν
2913 5361 3153 5432 όφείλῃς,
3206 5362 3366 5432 ὲχέθη
3389 5378 3402 5392 ’
3440 5361 3500 5412 σὺ
3521 5358 3568 5410 δὲ
3593 5355 3666 5408 καὶ

465 5435 520 5488 in
567 5434 888 5489 servitutem
937 5434 1160 5504 redigis.
1200 5431 1264 5487 Et
1299 5434 1392 5489 ille
1421 5437 1664 5506 quidem,
1705 5451 1762 5495 ut
1807 5454 1862 5496 tu
1897 5443 2031 5499 nihil

2143 5447 2460 5502 ἀποδιδόντα
2509 5447 2570 5499 τὸ
2607 5447 2817 5501 δάνειον
2865 5448 2955 5500 τοῦ
2990 5431 3187 5518 χρέους
3233 5431 3385 5503 οὔπω
3417 5449 3551 5509 λύεις
3592 5445 3668 5495 τὸν

463 5524 683 5592 debeas,
732 5525 943 5580 ell‘usus
977 5535 1092 5592 est;
1145 5534 1199 5579 tu
1244 5525 1466 5582 fratrem
1505 5528 1670 5585 etiam
1717 5531 2026 5590 reddentem

2143 5538 2388 5608 ἀδελφόν.
2415 5538 2573 5591 Οὓτω
2601 5539 2781 5592 τοίνυν
2813 5540 3066 5601 ἐναντίως
3092 5540 3306 5609 ἔχοντα,
3334 5542 3506 5594 πόσων
3528 5535 3665 5605 γέμει

533 5702 556 5732 ⁹
583 5701 739 5756 Rom.
768 5722 831 5770 it,
856 5707 944 5762 25.
