3982 6208
453 303 584 371 "ibi
1707 302 2017 364 NlCOLAI
2059 302 2442 366 CABASlLA!
3579 305 3674 368 752

491 436 590 476 seu
621 420 912 488 praesidem
943 420 1176 476 cmuobii
1209 433 1272 472 ex
1296 417 1397 471 hac
1427 416 1534 470 \ita
1563 415 1626 470 ad
1654 416 1932 472 Christum
1957 418 2264 486 proficisci:
2290 429 2344 473 et
2366 418 2492 488 quia
2519 421 2630 474 hare
2660 417 2955 473 admodum
2981 425 3188 480 sancte,
3211 393 3358 471 caste
3381 425 3432 470 et
3451 416 3676 488 religiose

491 510 724 573 vixerat,
755 510 935 564 factus
973 517 1056 561 est
1078 507 1142 560 ad
1192 507 1358 574 hujus
1393 508 1560 559 funus
1595 519 1902 558 concursus
1935 505 2230 558 multorum
2269 505 2576 571 hominum,
2615 507 2756 560 inter
2785 520 2924 573 quos
2963 514 3121 560 erant
3153 505 3384 560 illustres
3419 503 3532 570 viri,
3565 505 3677 557 reli-

493 600 631 668 giosi
670 598 923 653 monachi
967 606 1021 650 et
1054 596 1177 650 laici
1221 595 1550 664 complures.
1582 594 1718 648 Cum
1755 609 1886 664 ergo
1917 611 2068 649 sacra
2110 593 2352 647 carmina
2386 602 2440 646 et
2479 593 2662 664 hymni
2699 595 3155 658 decantarentur;
3193 601 3246 645 et
3283 591 3600 661 hypogeum,
3634 593 3680 644 in

489 701 599 754 quo
636 687 694 739 S.
735 683 1020 737 Tlteodora
1049 683 1158 751 jam
1191 683 1398 751 pridem
1437 691 1596 736 antea
1629 682 1730 734 sila
1765 693 1903 745 erat,
1951 681 2016 745 tul
2053 679 2352 734 antistitam
2399 680 2510 733 illic
2547 679 2920 734 collocandam
2967 679 3302 748 aperiretur,
3334 678 3681 732 admirandum

500 771 702 826 accidit
729 771 1058 839 prodigium,
1085 769 1228 839 quod
1265 778 1602 839 spectatores
1624 779 1922 840 praesentes
1951 769 2169 838 quidem
2195 771 2248 824 in
2269 778 2548 839 stuporem
2577 771 2748 834 dedit,
2776 770 3058 825 auditores
3089 783 3217 824 vero
3250 777 3431 838 postea
3461 767 3688 822 absentes

495 857 563 911 ad
600 858 899 910 salutarem
932 867 1287 926 peccatorum
1323 858 1722 921 pteuitutliuem
1765 857 2087 913 commovit.
2119 855 2264 911 Loco
2295 859 2441 912 enim
2485 871 2792 927 opportuno
2833 861 2899 912 ad
2943 857 3317 927 speetaculum
3346 856 3689 925 praesentibus

493 947 643 1007 dato,
677 945 990 998 videntibus
1024 946 1260 1006 cunctis,
1290 946 1604 1008 Tlteodora,
1632 962 1750 1012 qum
1779 945 1891 1012 jam
1923 947 2013 999 diu
2058 944 2110 997 in
2142 944 2352 998 tumulo
2380 945 2653 1014 jacuerat,
2679 961 2799 1000 sese
2833 947 2884 998 in
2910 949 3120 999 arctum
3148 943 3436 1006 contraxit,
3463 952 3688 1011 tanquam

493 1033 637 1095 viva,
664 1030 820 1085 Matri
844 1047 957 1088 sua:
982 1033 1246 1101 religiosa:
1269 1031 1449 1085 locum
1483 1030 1698 1094 datura,
1736 1032 2106 1102 honoremque
2139 1031 2380 1085 debitum
2413 1033 2745 1089 exhibitura.
2778 1031 2934 1097 Quod
2965 1031 3059 1086 ubi
3083 1045 3298 1095 omnes,
3335 1030 3425 1096 qui
3466 1029 3690 1093 aderant,

492 1120 853 1190 spectabant,
891 1120 1109 1174 attoniti
1153 1120 1535 1173 exclamabant
1579 1119 1821 1174 Solemne
1881 1119 2034 1184 illud,
2073 1119 2235 1189 Kyrt'e
2267 1123 2464 1177 eleison
2493 1162 2507 1184 ,
2545 1123 2782 1189 Domine,
2817 1124 3084 1177 miserere.
3115 1123 3161 1176 Α
3191 1135 3301 1192 quo
3330 1129 3562 1190 tempore
3599 1119 3690 1172 huc

494 1224 667 1278 usque
697 1208 866 1261 multa
902 1208 1044 1262 Deus
1081 1225 1176 1276 per
1203 1208 1342 1262 hanc
1368 1219 1611 1262 sanctam
1651 1206 1992 1261 Theodoram
2027 1209 2292 1263 miracula
2333 1214 2603 1278 palravit:
2639 1226 2765 1264 nam
2802 1220 2858 1266 et
2887 1211 3130 1266 insessos
3153 1223 3183 1263 a
3216 1207 3546 1264 daemonibus
3571 1206 3689 1262 lihe-

494 1297 656 1360 ravil,
689 1305 740 1347 et
765 1304 954 1362 raptos
990 1295 1164 1348 oculis
1194 1296 1258 1347 ad
1296 1295 1478 1348 lumen
1510 1294 1748 1358 reduxit,
1782 1306 1835 1348 et
1869 1310 2040 1362 aegros
2069 1281 2392 1353 innumeros
2424 1300 2660 1354 sanavit.
2717 1318 2735 1351 ι

565 1385 616 1435 5.
650 1381 776 1435 llaec
809 1381 1046 1444 Mettzea,
1094 1397 1159 1434 ex
1201 1382 1400 1448 quibus
1443 1383 1687 1435 eamdem
1741 1384 2110 1434 narrationem
2157 1384 2328 1438 edidit
2378 1385 2649 1440 Maximus
2697 1387 2987 1455 episcopus
3035 1385 3431 1454 Cytlterorum,
3463 1384 3518 1434 ἐν
3572 1381 3691 1450 βίοις

499 1472 672 1540 ἁγίων
705 1472 904 1540 saepius
939 1472 1179 1524 excusis.
1212 1469 1469 1525 Dedimus
1512 1467 1770 1524 Kalendis
1801 1468 2083 1523 Februarii
2115 1469 2294 1524 Vitam
2329 1471 2387 1524 S.
2425 1472 2611 1526 Severi
2641 1475 2881 1542 episcopi
2916 1472 3273 1533 Ravennatis,
3313 1472 3428 1540 qui,
3465 1480 3519 1523 ut
3541 1469 3690 1521 tradi-

496 1573 581 1621 tur
615 1577 671 1613 ιι.
695 1560 785 1623 23,
825 1577 844 1609 t
888 1557 1220 1624 Corpusculo
1254 1556 1526 1610 tlefuuctze
1559 1559 1719 1626 longe
1752 1568 1876 1611 ante
1897 1557 2152 1626 conjugis
2184 1573 2298 1611 sua:
2321 1557 2509 1627 jussit,
2542 1568 2813 1628 quatenus
2839 1577 2897 1614 se
2923 1561 3069 1614 dictu
3101 1560 3268 1612 citius
3301 1560 3352 1612 in
3383 1559 3517 1611 latus
3546 1557 3694 1610 decli-

491 1657 670 1711 naret,
701 1655 756 1700 et
787 1647 909 1699 lilia:
941 1646 1174 1713 spatium
1207 1645 1504 1714 sepeliendi
1548 1645 1832 1714 prmheret,
1882 1663 1900 1697 ι
1931 1645 2078 1714 quod
2109 1655 2163 1699 et
2199 1646 2400 1701 factum
2435 1657 2540 1704 est.
2590 1646 2800 1702 Similia
2873 1649 3028 1717 plura
3059 1649 3128 1716 iin
3178 1651 3282 1703 hoc
3327 1664 3482 1718 opere
3529 1655 3693 1699 nostro

498 1744 818 1789 occurrunt.
841 1733 1065 1786 Plenam
1105 1733 1170 1786 de
1218 1734 1320 1786 vita
1357 1733 1519 1801 hujus
1548 1732 1606 1786 S.
1636 1731 1938 1786 Theodore:
1967 1733 2251 1786 historiam
2282 1734 2576 1804 aliquando
2605 1736 2906 1799 exstitisse,
2940 1737 3072 1792 satis
3113 1737 3303 1805 utique
3331 1745 3409 1790 est
3440 1732 3690 1787 credibile:

498 1825 593 1881 sed
637 1825 757 1894 ejus
785 1825 994 1876 nulltuu
1039 1824 1303 1896 hactenus
1343 1822 1604 1875 iudicium
1641 1821 1968 1888 reperimus.
2016 1821 2124 1877 Leo
2157 1823 2388 1877 Allatius
2429 1824 2482 1877 in
2511 1840 2611 1879 sua
2647 1826 2715 1881 de
2750 1824 3070 1880 Simeonum
3111 1823 3334 1893 scriptis
3373 1821 3612 1884 lliatriba,
3637 1836 3691 1872 ea

494 1927 614 1983 qua:
659 1926 785 1963 vere
823 1900 1208 1978 hletaphraslis
1247 1920 1406 1971 sunt,
1451 1908 1520 1964 ab
1563 1910 1684 1964 aliis
1724 1920 1996 1964 certorum
2050 1910 2132 1964 vel
2173 1912 2506 1966 incertorum
2554 1923 2834 1967 auctorum
2888 1913 3363 1968 lucubrationibus
3407 1922 3692 1970 secernens,

498 2015 622 2070 pag.
661 2000 751 2064 88,
794 2000 1000 2066 primus
1030 2013 1128 2050 nos
1157 1999 1338 2051 docuit
1372 1996 1647 2051 Nicolaum
1693 1996 2032 2063 Cahasilam,
2079 1999 2221 2053 circa
2274 2015 2404 2055 ann.
2452 1999 2588 2055 l550
2648 2001 3120 2070 archiepiscopum
3163 1997 3691 2056 Thessalonicensem.

499 2088 722 2157 aliquod
769 2087 1016 2156 ejusdem
1062 2097 1264 2139 sauciae
1308 2085 1596 2152 scripsisse
1636 2089 1984 2149 encomium,
2017 2087 2162 2154 quod
2205 2089 2406 2156 ubiqtte
2443 2099 2745 2158 quaerentes
2787 2088 3004 2142 tandem
3045 2087 3353 2156 reperimus
3383 2085 3435 2140 in
3474 2082 3692 2136 Caesarea

495 2175 792 2229 Viennensi
821 2173 1181 2238 Bibliotheca,
1204 2183 1260 2226 et
1283 2171 1466 2226 favore
1500 2173 1858 2227 eruditissimi
1888 2173 2161 2242 nobisque
2191 2174 2511 2230 amicissimi
2541 2173 2642 2228 viri
2670 2174 2810 2229 Petri
2836 2173 3136 2240 Lambecii,
3165 2174 3344 2229 eidem
3373 2170 3695 2226 Bibliotheca:

497 2279 644 2319 nunc
667 2261 932 2328 praefecti,
962 2260 1295 2329 descriptum
1326 2260 1662 2328 accepimus,
1691 2261 1853 2330 idque
1885 2259 2076 2316 Latine
2100 2262 2368 2316 redditum
2405 2263 2491 2318 hic
2521 2264 2736 2319 damus.
3127 2279 3132 2282 '

571 2353 626 2406 4.
671 2351 765 2403 Est
791 2349 921 2402 illttd
951 2348 1206 2416 quidem,
1251 2362 1377 2402 cum
1408 2347 1832 2416 exaggeratione
1879 2347 2044 2402 multa
2099 2359 2152 2403 et
2196 2349 2465 2405 facundia:
2505 2353 2796 2407 rhetoricae
2838 2352 3187 2407 aﬂ'ectatione
3220 2360 3508 2424 scriptum,
3537 2351 3694 2406 verbis

501 2454 665 2508 quam
716 2436 879 2489 rebus
915 2435 1233 2502 copiosius:
1275 2436 1445 2489 multa
1486 2447 1665 2489 tamen
1717 2451 1818 2491 nos
1859 2437 2044 2490 det-uit
2085 2434 2152 2488 ad
2201 2436 2482 2489 historiam
2518 2437 2881 2505 pertinentia,
2933 2439 3161 2507 patriam
3195 2439 3401 2494 scilicet
3437 2436 3691 2507 Eginam;

501 2525 798 2580 Antonium
839 2531 1002 2591 atqtte
1045 2522 1442 2593 Chrysantham
1484 2533 2008 2592 parentes,quorum
2047 2525 2410 2577 constantiam
2469 2523 2693 2578 haeresis
2726 2525 3036 2584 ,Ecclesiam
3093 2526 3400 2580 obscurans
3446 2523 3691 2596 probarit;

497 2614 689 2682 utique
723 2611 1127 2670 iconoclastica,
1175 2610 1242 2664 iis
1283 2611 1621 2678 temporibus
1653 2617 1894 2678 grassata
1919 2651 1935 2676 ,
1976 2612 2176 2681 quibus
2215 2616 2317 2668 sub
2350 2611 2612 2669 Michaelc
2643 2614 2831 2680 Balbo,
2865 2616 3008 2671 circa
3038 2631 3247 2670 annum
3284 2616 3488 2684 imperii
3515 2615 3623 2683 ejus
3646 2615 3692 2676 3,

493 2701 707 2758 Christi
735 2701 862 2765 823,
897 2701 1018 2768 ipso
1054 2718 1070 2749 ς
1108 2700 1373 2753 adversus
1401 2699 1652 2753 rebellem
1681 2698 1946 2753 Thomam
1975 2711 2264 2770 occupato,
2287 2712 2338 2755 et
2361 2701 2521 2754 aliam
2545 2716 2762 2756 omnem
2794 2717 3005 2764 curam,
3040 2721 3059 2754 ι
3095 2713 3153 2756 ut
3178 2703 3372 2759 scribit
3396 2703 3496 2756 Leo
3522 2700 3692 2756 Gram-

493 2793 761 2855 maticus,
799 2809 818 2841 ε
859 2790 985 2843 huic
1019 2788 1180 2841 unice
1234 2787 1612 2857 posthahente,
1646 2787 1826 2852 Creta,
1861 2784 2043 2840 Sicilia
2075 2798 2125 2842 et
2165 2788 2355 2842 insula:
2388 2798 2593 2844 vocata:
2618 2789 2878 2860 Cyclades
2905 2791 2958 2859 (a
2987 2791 3192 2860 quibus
3223 2807 3332 2845 non
3374 2791 3523 2860 longe
3549 2790 3698 2844 dista-

500 2880 594 2935 bat
625 2877 846 2948 Egiua)
879 2890 910 2929 a
945 2876 1191 2929 Romano
1220 2874 1448 2942 imperio
1478 2875 1724 2928 rescissae
1754 2882 1884 2928 sunt
1909 2876 1975 2926 ab
2001 2874 2148 2929 Afris
2171 2884 2224 2931 et
2253 2877 2546 2932 Arabibus.
2581 2895 2600 2928 ι
2632 2877 2843 2931 Etenim
2869 2878 3033 2946 hujus
3058 2879 3386 2949 irruptionis
3412 2877 3690 2938 occasione,

497 2971 613 3024 sive
649 2969 752 3021 vim
783 2967 906 3036 ejus
935 2965 1114 3034 reipsa
1153 2964 1425 3017 senserint
1458 2961 1748 3032 nginetae,
1773 2978 1869 3017 seu
1903 2963 2145 3017 vicinum
2183 2965 2482 3034 periculum
2510 2979 2606 3020 eos
2636 2967 2876 3035 coegerit
2906 2981 3020 3021 suae
3051 2968 3218 3021 saluti
3253 2967 3534 3022 consulere
3557 2977 3695 3034 atque

508 3057 574 3110 ad
607 3055 810 3109 tutiora
853 3053 1027 3117 abire,
1067 3049 1510 3106 Thessalonicam
1563 3049 1802 3119 profugit
1880 3065 1986 3103 non
2036 3051 2106 3105 ita
2142 3053 2345 3122 pridem
2374 3055 2559 3120 juncta
2606 3054 2956 3110 matrimonio
2990 3052 3318 3120 Tlteodora;
3356 3055 3558 3122 ibique,
3593 3060 3696 3122 post

504 3147 743 3199 oblatam
774 3144 882 3196 Deo
911 3142 1098 3206 ﬁliam,
1127 3139 1342 3194 tandem
1376 3139 1458 3192 sui
1484 3139 1626 3207 juris
1651 3138 1841 3192 ell‘eeta
1873 3154 1966 3208 per
1999 3139 2180 3194 mariti
2212 3151 2462 3204 mortem,
2496 3142 2863 3194 tuonasticum
2895 3142 3142 3210 amplexa
3171 3153 3255 3196 est
3285 3143 3579 3196 institutum
3597 3140 3690 3209 jam

505 3234 794 3304 grandaeva
827 3249 841 3285 :
874 3235 928 3286 itt
955 3247 1065 3300 qtto
1091 3230 1157 3283 ad
1191 3227 1673 3298 profundissimam
1705 3241 1880 3295 usque
1905 3235 2240 3282 senectutem
2274 3241 2654 3296 perseverans,
2683 3225 2894 3280 videtur
2917 3241 3092 3295 usque
3123 3229 3192 3281 ad
3224 3228 3405 3282 szeeuli
3441 3244 3489 3282 ιι
3520 3240 3692 3280 annum

495 3324 729 3380 circiter
783 3318 853 3373 80
891 3317 1202 3388 pervenisse
1239 3325 1334 3370 aut
1365 3315 1528 3368 etiam
1569 3314 1732 3368 ultra.
1770 3319 1946 3382 Atque
1973 3319 2087 3369 haec
2121 3314 2300 3370 omnia
2343 3313 2502 3368 nobis
2535 3328 2599 3367 ex
2638 3312 2740 3368 hoc
2767 3313 3031 3368 Cabasilze
3055 3317 3313 3370 encontio
3356 3313 3696 3387 cognoscenda

509 3408 841 3484 praebentur,
879 3423 984 3461 una
1012 3421 1138 3460 cum
1181 3405 1339 3458 titulo
1373 3402 1815 3471 Μυροϐλύτιδος,
1851 3400 2272 3472 ngueutiﬂuae,
2313 3409 2368 3454 et
2393 3400 2711 3456 testimonio
2755 3401 3022 3456 salutiferi
3061 3401 3171 3456 olei
3219 3418 3285 3458 ex
3323 3401 3440 3471 ejus
3480 3402 3698 3470 sepulcro

507 3497 882 3561 scaturientis,
913 3493 1378 3565 quemadmodum
1417 3493 1481 3546 de
1516 3491 1725 3546 sanctis
1764 3489 2012 3555 Nicolao,
2040 3489 2339 3550 Demetrio,
2381 3487 2676 3543 Catharina
2719 3490 2984 3560 legimus,
3021 3500 3076 3544 et
3112 3491 3221 3546 hoc
3266 3505 3410 3545 nono
3449 3488 3696 3560 sequenti-

511 3589 726 3658 busque
750 3583 966 3641 sacculis
986 3580 1297 3637 invenimus
1321 3579 1550 3644 factum,
1578 3579 1644 3632 ad
1676 3579 1912 3648 plut-ium
1934 3578 2166 3634 aliarum
2200 3577 2489 3633 sanctitate
2521 3576 2817 3632 illustrium
2847 3591 3208 3648 personarum
3235 3581 3621 3635 venerationem
3650 3577 3697 3631 in

507 3674 770 3730 Ecclesiis
802 3671 1174 3728 Orientalibus
1204 3668 1688 3739 comprobattdattt.
