3920 6206
1580 307 1753 364 νιτΑ
1794 308 1851 368 S.
1896 309 2344 371 THEODORE.

3468 312 3591 375 τι

1529 630 2347 745 ΕΓΚΩΜΙΟΝ

1906 850 2014 900 ΕΙΣ

606 1006 835 1089 ΤΗΝ
929 984 1264 1105 ΟΣΙΑΝ
1329 1010 1774 1094 MHTEPA
1850 1014 1911 1095 H

2025 1014 2173 1099 aN
2238 1018 2428 1100 ΚΑΙ
2508 1015 3289 1104 MYPOBAYTIAA

1395 1201 2500 1339 ΘΕΟΔΩΡΑΝ.

1638 1608 2290 1715 LAUDATIO

560 1836 1039 1927 SANCTIE
1118 1839 1556 1927 MATRIS
1616 1775 2115 1930 NOSTMJ
2200 1842 2343 1929 er
2418 1842 3341 1939 MYROBLY'l‘lD/E

1409 2058 2510 2215 THEODOR/E

970 2335 1243 2393 Auctore
1273 2331 1537 2395 Nieolao
1601 2334 1881 2396 Cabasila
1916 2334 2464 2405 Thessalonicensi
2512 2340 2933 2419 metr-epolila.

1304 2496 1380 2544 Ex
1434 2511 1522 2547 ms.
1564 2500 1785 2549 Cwsareo
1832 2496 2129 2552 bibliotheca:
2172 2500 2446 2553 Viennensis
2499 2505 2592 2565 (a).

1756 2786 2143 2844 PROLOGUS.

388 2910 468 2961 α’.
509 2905 665 2970 Ἐμοὶ
699 2905 775 2969 δὲ,
812 2907 1020 2959 πολλῶν
1048 2907 1116 2960 τὰ
1154 2908 1222 2959 σὰ
1255 2908 1665 2975 θαυμαζόντων,
1696 2902 1740 2961 ὦ
1775 2910 1895 2961 Μυ-

2071 2910 2120 2964 Ι.
2156 2908 2336 2963 Multis
2381 2918 2469 2963 tua
2510 2910 2704 2964 decora
2742 2912 3136 2969 admirantibus
3163 2957 3177 2979 ,
3212 2931 3245 2967 o
3280 2916 3578 2987 Ungueuti-

323 2995 603 3063 ροσλύτις,
641 2997 734 3048 καὶ
767 2996 923 3050 τοῦτο
956 2999 1054 3063 μὲν
1087 2999 1155 3050 τὰ
1191 2999 1376 3051 εἰκότα
1409 2998 1772 3051 ἀποδιδόντων
1809 3002 1903 3053 καὶ

324 3090 571 3151 Ξπαντος
603 3089 802 3157 μᾶλλον
841 3091 1105 3159 προσῆκε,
1134 3090 1293 3143 τοῦτο
1322 3091 1377 3143 δὲ
1412 3092 1505 3144 καὶ
1539 3094 1679 3158 σφᾶς
1706 3095 1904 3155 αὐτοὺς

320 3181 586 3249 ἐντεῦθεν
617 3182 986 3252 κοσμούντων,
1015 3186 1156 3255 ἀτὰρ
1189 3185 1328 3255 ὑπιρ
1361 3184 1455 3238 σοῦ
1487 3186 1643 3253 λόγος
1671 3188 1766 3239 καὶ
1793 3188 1905 3248 τοῖς

319 3272 583 3337 λέγουσιν
613 3275 669 3325 ὲν
703 3275 915 3344 καιρῷο
951 3277 1098 3337 εἰκός
1146 3294 1210 3344 γε
1258 3277 1454 3342 ἐδόκει,
1510 3277 1586 3346 μὴ
1624 3278 1699 3346 (b)
1747 3278 1907 3346 μόνον

316 3364 423 3429 ἐμὲ
452 3363 568 3415 τῶν
602 3365 729 3433 περὶ
753 3366 942 3432 λόγους
973 3369 1205 3435 ἑχόντων
1233 3369 1342 3421 σῶν
1374 3368 1483 3421 σῶν
1514 3370 1749 3439 χαρίτων
1780 3372 1905 3423 ἁτέ-

311 3455 519 3507 λεττον
546 3458 801 3526 φανῆναι.
826 3459 958 3511 ἀλλὰ
978 3461 1090 3522 τοῖς
1122 3464 1236 3522 σοῖς
1261 3462 1560 3527 ἐγκωμίοις
1581 3461 1906 3514 ὲπιδαλόντα

309 3548 613 3616 κοσμῆσαι
649 3550 747 3617 μὲν
778 3551 1033 3619 ἐμαυτὸν,
1062 3553 1342 3621 κοσμῆσαι
1376 3554 1431 3606 δὲ
1467 3561 1558 3606 καὶ
1589 3554 1775 3621 λόγους
1811 3556 1909 3607 αὑ-

310 3640 453 3702 τούς
480 3655 497 3671 ’
529 3641 645 3707 ἅμα
674 3641 729 3693 δὲ
753 3626 846 3695 παὶ
879 3638 956 3707 οἷς
988 3645 1245 3707 πολλάκις
1276 3645 1650 3714 εὐπεποίηκας
1684 3649 1746 3698 ἐκ
1781 3646 1909 3698 πολ-

310 3733 436 3783 λῶν
472 3732 723 3797 ὑπάρξας
745 3728 845 3795 εἷς,
876 3734 1067 3801 μισθὸν
1092 3736 1161 3803 (c)
1180 3736 1420 3805 χαρίτων
1446 3736 1541 3787 καὶ
1572 3738 1909 3789 παντοδαπὸν

311 3824 493 3892 χρέος
533 3818 615 3884 οἷς
642 3822 850 3876 ἔνεστιν
878 3826 1187 3879 ἀποδοῦναι.
1226 3830 1287 3879 '0
1315 3827 1414 3897 μὲν
1443 3824 1535 3880 οὖν
1561 3826 1748 3896 παρὼν
1782 3829 1910 3899 ἡμῖν

314 3915 485 3980 ἀγὼν
516 3917 657 3984 ὑπὲρ
688 3918 909 3970 τούτων·
941 3918 1152 3989 ἐργώδη
1184 3920 1238 3972 δὲ
1269 3921 1397 3978 ὅντα
1425 3921 1517 3977 καὶ
1542 3923 1773 3992 χαλεπὸν
1804 3925 1913 3975 διε-

314 4010 528 4075 νέγκαι
562 4010 643 4071 τίς
683 4010 901 4081 ἀγνοεῖ;
931 4010 1066 4071 ἀλλὰ
1110 4018 1344 4078 μάλιστα
1387 4016 1483 4084 μὲν
1514 4016 1574 4068 οὐ
1609 4016 1712 4086 χρὴ
1746 4015 1912 4067 δεδιέ-

323 4117 423 4151 ναι
454 4114 467 4127 ’
504 4099 604 4175 ’ἱῖτζ
644 4107 885 4177 μεγάλης
913 4108 974 4161 οὐ
1014 4108 1174 4177 μόνον
1203 4107 1608 4177 μεγαλοψυχίαν
1638 4107 1913 4175 κεχρημέ-

2005 3000 2130 3063 llua,
2168 3009 2222 3053 et
2254 3002 2380 3054 hinc
2412 3002 2631 3071 quidem
2676 3018 2793 3071 qua:
2834 3006 3069 3059 maxime
3104 3022 3339 3076 congrua
3372 3011 3571 3063 rationi

2006 3100 2320 3160 suntatque
2361 3094 2411 3145 in
2466 3094 2654 3161 primis
2702 3097 3006 3149 necessaria
3052 3097 3145 3150 tibi
3197 3098 3566 3165 reddentibus

2007 3182 2132 3237 inde
2176 3198 2304 3237 vero
2346 3185 2556 3253 seipsos
2612 3186 2711 3238 hoc
2748 3185 2874 3239 dum
2915 3188 3116 3241 faciunt
3155 3193 3574 3256 exornantilius,

2008 3275 2275 3341 praecipue
2312 3276 2532 3345 quando
2572 3292 2877 3329 sermonem
2909 3278 2975 3331 de
3002 3289 3051 3331 te
3081 3291 3382 3348 opportune
3414 3285 3575 3337 iusti-

2009 3375 2197 3430 tuunt;
2242 3382 2456 3431 mquam
2502 3367 2629 3419 mibi
2681 3383 2898 3435 quoque
2940 3370 3260 3429 videbatur,
3312 3388 3377 3423 ne
3424 3374 3577 3427 solus

2006 3470 2196 3509 exsors
2235 3471 2551 3523 apparerem
2581 3464 2796 3507 tuarum
2828 3458 3161 3523 gratiarum,
3202 3460 3573 3529 eloquentiam

1974 3542 2221 3601 omnem
2260 3549 2624 3611 vincentium;
2665 3548 2756 3600 Sed
2796 3557 2848 3600 ct
2891 3550 3004 3617 ipse
3039 3560 3127 3602 tua
3173 3552 3450 3620 ingressus
3475 3570 3572 3604 en-

2008 3637 2181 3691 comia
2208 3678 2219 3698 ,
2254 3652 2447 3705 tneque
2480 3646 2533 3690 et
2564 3637 2866 3689 orationem
2901 3654 3072 3690 meam
3112 3640 3302 3693 iisdem
3346 3657 3578 3694 exornac

2009 3743 2161 3793 rem;
2200 3729 2362 3783 simul
2392 3732 2579 3791 etiam,
2617 3738 2675 3782 ut
2715 3728 2806 3797 qui
2838 3745 2983 3781 unus
3015 3744 3133 3783 sum
3169 3746 3230 3783 ex
3269 3735 3454 3786 multis
3483 3742 3576 3784 tuo

2010 3819 2453 3888 saepe,beneiicio
2487 3819 2689 3877 fruitis.
2733 3835 2897 3888 quam
2930 3836 3151 3888 p0ssum
3184 3823 3381 3876 debitae
3411 3827 3579 3893 graliv

2013 3912 2214 3966 tudinis
2235 3924 2439 3977 partem
2465 3911 2559 3964 tibi
2579 3910 2935 3965 cxsolverem.
2962 3910 3018 3964 ln
3047 3912 3129 3965 bis
3153 3912 3316 3982 igitur
3341 3932 3389 3982 pl
3404 3924 3577 3969 aeseu‘s

2013 4000 2174 4053 nobis
2204 4000 2354 4053 labor
2386 4002 2678 4056 consistit:
2717 4017 2877 4070 quem
2908 4003 3127 4071 quidem
3169 4018 3387 4072 gravem
3412 4016 3578 4072 atque

2013 4082 2284 4146 dillicil'em
2331 4104 2547 4160 portatu
2580 4108 2701 4148 esse
2755 4096 2878 4163 quis
2931 4111 3036 4147 non
3104 4096 3295 4149 videt?
3332 4098 3463 4150 nihil
3504 4107 3581 4149 ta-

323 4216 434 4268 νης
484 4198 614 4267 περλ⁵
647 4201 772 4262 τοὺς
825 4200 1041 4266 λόγους,
1078 4201 1131 4252 ετ
1164 4217 1247 4260 τις
1279 4200 1516 4252 ἐλάττων
1555 4198 1756 4266 γίνοιτο
1805 4198 1911 4251 τῶν

2016 4197 2140 4237 mea
2172 4183 2573 4239 formidandum
2606 4194 2726 4250 est;
2762 4186 3202 4255 quandoquidem
3238 4203 3430 4254 magna
3470 4189 3580 4241 lure

334 4256 705 4359 πραγμάτων,
728 4256 860 4341 ἀλλὰ
883 4256 976 4342 διαὶ
996 4256 1295 4352 τούτους-εὗ
1322 4290 1465 4359 μάλα
1493 4256 1909 4357 συναιρομένης.

2017 4276 2217 4330 Sancta
2291 4293 2395 4331 non
2463 4278 2639 4331 solum
2691 4278 3191 4347 magnanimitatem
3246 4280 3295 4331 in
3350 4282 3579 4333 dierndn

334 4382 578 4433 Ἔπειτα
608 4382 655 4432 εί
687 4382 779 4432 καὶ
810 4381 1019 4442 πάντας
1046 4384 1171 4444 τοὺς
1207 4383 1460 4445 εἰπόντας
1498 4380 1706 4449 ἐώρων,
1738 4378 1771 4448 ῆ
1810 4395 1913 4448 μη-

331 4472 424 4524 δὲν
457 4471 806 4535 ἐλλείποντας
836 4474 942 4525 τῶν
972 4476 1291 4542 γινομένων,
1326 4474 1358 4543 ἢ
1394 4472 1550 4525 τοῦτο
1583 4470 1714 4539 γοῦν
1751 4488 1915 4523 σπου·

337 4564 434 4631 δὴν
466 4565 825 4632 ποιουμένους
859 4565 1004 4626 ὅπως
1032 4564 1096 4618 ἂν
1118 4566 1391 4633 ἐφίκοιντο
1410 4582 1422 4594 ’
1450 4560 1517 4635 ἦν
1542 4565 1607 4618 ἄν
1634 4580 1687 4616 τι
1718 4562 1913 4634 προῦρ⁸

338 4670 462 4719 γου,
494 4654 591 4706 καὶ
625 4656 771 4723 ἡμᾶς
796 4654 827 4723 ἢ
857 4655 917 4706 τὸ
947 4658 1221 4725 προσῆκον
1251 4657 1309 4707 ὲν
1336 4658 1447 4716 τοῖς
1474 4656 1651 4722 λόγοις
1673 4654 1910 4718 διώκειν,

342 4744 480 4812 ἧμὴ
532 4744 688 4797 τοῦτο
742 4745 1027 4807 ποιοῦντας
1074 4745 1306 4814 ἡσυχίαν
1345 4746 1689 4812 ἇίιιν.Ἐπεὶ
1732 4748 1776 4799 δ’
1814 4748 1913 4816 οὐχ

342 4836 463 4887 ὅσον
492 4837 740 4899 ἐκείνοις,
772 4836 909 4890 ἀλλὰ
937 4837 1031 4890 καὶ
1060 4837 1224 4889 πᾶσιν
1256 4837 1332 4905 (ά)
1369 4838 1553 4898 ἁπλῶς
1585 4839 1693 4898 τοίς
1726 4840 1781 4889 ὲν
1824 4838 1912 4889 λό-

343 4943 455 4991 γοις
498 4923 687 4988 ζῶσιν,
728 4924 1044 4978 ἐπιϐαλοῦσι
1078 4930 1187 4986 τοῖς
1222 4926 1362 4995 ὑπὲρ
1385 4926 1481 4995 τῆς
1508 4925 1911 4994 Μυροόλύτιδος

342 5015 544 5082 λόγοις,
579 5017 679 5068 οὐκ
714 5016 780 5068 ἂν
807 5015 1044 5080 ἐπέλθοι,
1076 5016 1150 5086 μὴ
1180 5017 1337 5085 μόνον
1364 5016 1516 5069 οὐδὲν
1541 5017 1714 5068 εἰπεῖν
1748 5017 1914 5082 ἐγγὺς

342 5104 448 5155 τῶν
486 5105 866 5171 πραγμάτων,
910 5104 1024 5157 ἀλλ’
1071 5105 1178 5157 οὐδ’
1214 5104 1435 5158 ἐλπίσαι
1463 5121 1477 5134 ·
1517 5104 1813 5173 περίεργον
1850 5104 1916 5156 ἂν

342 5195 447 5265 εἴη.
485 5196 647 5263 μόνον
677 5195 780 5265 ἐμὲ
809 5196 919 5249 τῶν
940 5197 1202 5251 εἰπόντων
1262 5195 1432 5249 ταῦτα
1461 5196 1917 5266 περιεργάζεσθαι

412 5371 492 5437 (τι)
535 5371 851 5439 Ρετμιυιιιηι
914 5375 1134 5426 omnino
1202 5382 1413 5438 oportet
1465 5368 1631 5427 fuisse
1684 5373 1916 5438 scriptu-

342 5457 457 5492 ram
486 5482 498 5502 ,
533 5444 615 5495 vel
651 5444 968 5495 memlosam
1002 5444 1307 5501 admodum,
1355 5443 1495 5494 unde
1533 5451 1639 5493 tam
1670 5444 1919 5508 imperfe-

340 5522 489 5563 ctum
543 5513 609 5561 ad
666 5526 764 5563 nos
811 5512 957 5563 venit
1003 5512 1352 5579 ecgrapbum,
1388 5522 1445 5564 ut
1496 5510 1737 5576 pluribus
1785 5512 1914 5563 lucis

341 5581 666 5645 Coniectura
695 5594 831 5645 opus
864 5580 1026 5632 fuerit
1048 5582 1113 5630 ad
1150 5581 1451 5632 versionem
1483 5581 1915 5648 qualemcunque

340 5650 752 5713 prmlucendam
790 5664 805 5701 :
850 5652 990 5715 quod
1031 5650 1115 5702 hic
1169 5648 1495 5715 praefandum
1546 5650 1665 5709 fuit,
1697 5651 1742 5703 si
1792 5652 1913 5716 quis

335 5716 487 5772 forte
537 5720 590 5771 in
625 5716 902 5774 meliorem
940 5719 1179 5773 codicem
1214 5719 1434 5783 incidat,
1471 5723 1613 5774 unde
1655 5721 1739 5774 hic
1772 5724 1910 5773 cdua

2018 4377 2276 4437 praestare
2322 4369 2479 4429 solet,
2530 4369 2575 4422 si
2624 4370 2747 4437 quis
2788 4368 2928 4422 forte
2975 4371 3372 4437 pertractandis
3417 4373 3580 4425 rebus

2019 4460 2251 4515 interior
2298 4461 2495 4525 fuerit,
2548 4462 2641 4515 sed
2684 4463 2845 4515 etiam
2897 4476 2991 4527 per
3044 4460 3191 4528 ipsas
3246 4461 3367 4515 illas
3413 4478 3579 4529 quam

2018 4553 2252 4607 maxime
2292 4552 2570 4605 auxiliari.
2616 4552 2816 4605 Deinde
2854 4552 2979 4606 licet
3015 4553 3224 4606 videam
3268 4570 3457 4607 omnes
3490 4555 3581 4623 qui

2019 4644 2087 4697 de
2115 4644 2204 4697 illa
2245 4643 2645 4705 disseruerunt,
2675 4644 2755 4696 vel
2781 4643 2911 4695 nillil
2946 4646 3366 4711 pratermisisse
3389 4662 3581 4699 eorum

2020 4749 2140 4803 qua:
2168 4742 2320 4801 gesta
2352 4742 2500 4796 sunt,
2532 4735 2610 4785 vel
2640 4734 2828 4787 saltem
2866 4735 2916 4785 in
2952 4747 3018 4787 eo
3049 4735 3288 4788 studium
3326 4752 3583 4805 magnum

2020 4826 2263 4892 posuisse
2283 4835 2341 4879 ut
2359 4827 2932 4894 ipsaasseqnercntur:
2956 4840 3131 4895 operae
3151 4830 3585 4896 tamen'prctium

2024 4918 2161 4979 fuit,
2214 4933 2300 4971 me
2351 4932 2567 4986 quoque
2612 4917 2694 4971 vel
2740 4918 2973 4970 similem
3018 4918 3248 4971 dicendo
3296 4920 3583 4973 utilitatem

2024 5010 2255 5073 sectari,
2293 5010 2376 5063 vel
2417 5009 2609 5063 saltem
2653 5023 2759 5061 non
2806 5009 3032 5063 omnino
3068 5026 3291 5063 manere
3323 5011 3583 5065 otiosum.

2025 5102 2292 5167 Quoniam
2336 5117 2464 5156 vero
2505 5118 2612 5155 non
2652 5101 2827 5155 solum
2865 5102 3011 5166 illis,
3041 5103 3137 5156 sed
3182 5104 3591 5157 omnibus'om-

2026 5194 2159 5247 nino
2195 5194 2491 5248 oratoriam
2529 5203 2700 5247 artem
2744 5193 3162 5263 proﬁtentibus,
3194 5195 3238 5249 si
3282 5206 3587 5249 sermonem

2030 5374 2309 5427 erneudari
2346 5375 2551 5426 certius
2586 5372 2817 5439 possint,
2856 5389 3017 5441 quam
3061 5387 3317 5440 peream,
3348 5386 3449 5438 qna
3483 5384 3585 5421 non

2025 5442 2254 5495 libenter
2291 5445 2512 5501 utimur.
2558 5444 2892 5509 coujectauii
2936 5443 3229 5495 licentiam.

2098 5513 2170 5580 (b)
2214 5510 2405 5564 Deerat
2455 5512 2507 5565 in
2550 5506 2820 5577 ea-grapho
2878 5510 3166 5565 Viennensi
3223 5509 3436 5579 negatio
3489 5506 3585 5577 μὴ,

2022 5597 2182 5649 quam
2216 5581 2510 5633 addendam
2540 5582 2801 5649 judicavi.

2097 5651 2166 5717 (ε)
2212 5650 2549 5719 Ecgrapbum
2588 5653 2693 5719 μᾶς
2722 5652 2850 5704 τῶν.

2094 5721 2173 5790 (ιι)
2214 5718 2358 5773 [dem
2387 5718 2610 5777 παῦσιν,
