  <div class='ocr_page' id='page_1' title='image "/cluster/home/n/w/nwhite01/storage/ocr_20150623/150/hvd.32044073498826/383.png"; bbox 0 0 3982 6208; ppageno 0'>
   <div class='ocr_carea' id='block_1_1' title="bbox 463 292 579 356">
    <p class='ocr_par' dir='ltr' id='par_1_1' title="bbox 463 292 579 356">
     <span class='ocr_line' id='line_1_1' title="bbox 463 292 579 356; baseline 0 0"><span class='ocrx_word' id='word_1_1' title='bbox 463 292 579 356; x_wconf 71' lang='lat'><strong>755</strong></span> 
     </span>
    </p>
   </div>
   <div class='ocr_carea' id='block_1_2' title="bbox 1671 249 2478 356">
    <p class='ocr_par' dir='ltr' id='par_1_2' title="bbox 1671 249 2478 356">
     <span class='ocr_line' id='line_1_2' title="bbox 1671 249 2478 356; baseline -0.001 -2"><span class='ocrx_word' id='word_1_2' title='bbox 1671 249 1674 252; x_wconf 46' lang='grc'><strong>’</strong></span> <span class='ocrx_word' id='word_1_3' title='bbox 1731 294 2040 356; x_wconf 66' lang='lat' dir='ltr'><strong>meumr</strong></span> <span class='ocrx_word' id='word_1_4' title='bbox 2089 294 2478 355; x_wconf 64' lang='lat' dir='ltr'><strong>csmsrm</strong></span> 
     </span>
    </p>
   </div>
   <div class='ocr_carea' id='block_1_3' title="bbox 3580 290 3676 354">
    <p class='ocr_par' dir='ltr' id='par_1_3' title="bbox 3580 290 3676 354">
     <span class='ocr_line' id='line_1_3' title="bbox 3580 290 3676 354; baseline 0 -1"><span class='ocrx_word' id='word_1_5' title='bbox 3580 290 3676 354; x_wconf 66' lang='lat'><strong>7:36</strong></span> 
     </span>
    </p>
   </div>
   <div class='ocr_carea' id='block_1_4' title="bbox 470 400 2053 478">
    <p class='ocr_par' dir='ltr' id='par_1_4' title="bbox 470 403 2045 478">
     <span class='ocr_line' id='line_1_4' title="bbox 470 403 2045 478; baseline 0 -19"><span class='ocrx_word' id='word_1_6' title='bbox 470 405 536 460; x_wconf 81' lang='lat' dir='ltr'><strong>de</strong></span> <span class='ocrx_word' id='word_1_7' title='bbox 572 405 957 478; x_wconf 76' lang='lat' dir='ltr'><strong>Unguentilluzi</strong></span> <span class='ocrx_word' id='word_1_8' title='bbox 1003 407 1102 461; x_wconf 90' lang='lat' dir='ltr'><strong>hac</strong></span> <span class='ocrx_word' id='word_1_9' title='bbox 1145 405 1436 460; x_wconf 85' lang='lat' dir='ltr'><strong>instituere</strong></span> <span class='ocrx_word' id='word_1_10' title='bbox 1475 403 1860 474; x_wconf 84' lang='lat' dir='ltr'><strong>aggrediantur</strong></span> <span class='ocrx_word' id='word_1_11' title='bbox 1887 445 1902 471; x_wconf 93' lang='lat'><strong>,</strong></span> <span class='ocrx_word' id='word_1_12' title='bbox 1949 420 2045 460; x_wconf 81' lang='lat' dir='ltr'><strong>ne-</strong></span> 
     </span>
    </p>
   </div>
   <div class='ocr_carea' id='block_1_5' title="bbox 2154 400 3679 478">
    <p class='ocr_par' dir='ltr' id='par_1_5' title="bbox 2154 400 3679 476">
     <span class='ocr_line' id='line_1_5' title="bbox 2154 400 3679 476; baseline -0.003 -17"><span class='ocrx_word' id='word_1_13' title='bbox 2154 405 2300 476; x_wconf 82' lang='grc' dir='ltr'><strong>παρά</strong></span> <span class='ocrx_word' id='word_1_14' title='bbox 2333 403 2514 457; x_wconf 83' lang='grc' dir='ltr'><strong>πάντα</strong></span> <span class='ocrx_word' id='word_1_15' title='bbox 2542 402 2599 456; x_wconf 80' lang='grc' dir='ltr'><strong>δὲ</strong></span> <span class='ocrx_word' id='word_1_16' title='bbox 2625 401 2800 456; x_wconf 83' lang='grc' dir='ltr'><strong>ταῦτα</strong></span> <span class='ocrx_word' id='word_1_17' title='bbox 2822 403 2870 456; x_wconf 84' lang='grc' dir='ltr'><strong>εί</strong></span> <span class='ocrx_word' id='word_1_18' title='bbox 2900 400 3038 472; x_wconf 89' lang='grc' dir='ltr'><strong>μετά</strong></span> <span class='ocrx_word' id='word_1_19' title='bbox 3065 400 3264 456; x_wconf 76' lang='grc' dir='ltr'><strong>τούτων</strong></span> <span class='ocrx_word' id='word_1_20' title='bbox 3288 402 3458 474; x_wconf 67' lang='grc' dir='ltr'><strong>δεήσει</strong></span> <span class='ocrx_word' id='word_1_21' title='bbox 3479 404 3576 460; x_wconf 81' lang='grc' dir='ltr'><strong>τῶν</strong></span> <span class='ocrx_word' id='word_1_22' title='bbox 3600 401 3679 455; x_wconf 79' lang='grc' dir='ltr'><strong>λο-</strong></span> 
     </span>
    </p>
   </div>
   <div class='ocr_carea' id='block_1_6' title="bbox 469 496 2040 566">
    <p class='ocr_par' dir='ltr' id='par_1_6' title="bbox 469 496 2040 566">
     <span class='ocr_line' id='line_1_6' title="bbox 469 496 2040 566; baseline -0.002 -14"><span class='ocrx_word' id='word_1_23' title='bbox 469 500 716 555; x_wconf 78' lang='lat' dir='ltr'><strong>ccssario</strong></span> <span class='ocrx_word' id='word_1_24' title='bbox 747 499 1029 564; x_wconf 88' lang='lat' dir='ltr'><strong>usuvenit,</strong></span> <span class='ocrx_word' id='word_1_25' title='bbox 1060 508 1116 550; x_wconf 90' lang='lat' dir='ltr'><strong>ut</strong></span> <span class='ocrx_word' id='word_1_26' title='bbox 1147 514 1253 550; x_wconf 79' lang='lat' dir='ltr'><strong>non</strong></span> <span class='ocrx_word' id='word_1_27' title='bbox 1300 496 1463 551; x_wconf 93' lang='lat' dir='ltr'><strong>modo</strong></span> <span class='ocrx_word' id='word_1_28' title='bbox 1504 512 1610 551; x_wconf 90' lang='lat' dir='ltr'><strong>non</strong></span> <span class='ocrx_word' id='word_1_29' title='bbox 1655 498 1840 552; x_wconf 88' lang='lat' dir='ltr'><strong>dicant</strong></span> <span class='ocrx_word' id='word_1_30' title='bbox 1876 498 2040 566; x_wconf 84' lang='lat' dir='ltr'><strong>quid-</strong></span> 
     </span>
    </p>
   </div>
   <div class='ocr_carea' id='block_1_7' title="bbox 477 590 3138 665">
    <p class='ocr_par' dir='ltr' id='par_1_7' title="bbox 477 590 3138 665">
     <span class='ocr_line' id='line_1_7' title="bbox 477 590 3138 665; baseline -0.003 -15"><span class='ocrx_word' id='word_1_31' title='bbox 477 611 646 664; x_wconf 82' lang='lat' dir='ltr'><strong>quam</strong></span> <span class='ocrx_word' id='word_1_32' title='bbox 683 595 829 665; x_wconf 86' lang='lat' dir='ltr'><strong>quod</strong></span> <span class='ocrx_word' id='word_1_33' title='bbox 863 595 926 648; x_wconf 91' lang='lat' dir='ltr'><strong>ad</strong></span> <span class='ocrx_word' id='word_1_34' title='bbox 963 609 1143 647; x_wconf 82' lang='lat' dir='ltr'><strong>rerum</strong></span> <span class='ocrx_word' id='word_1_35' title='bbox 1181 594 1418 659; x_wconf 89' lang='lat' dir='ltr'><strong>ipsarum</strong></span> <span class='ocrx_word' id='word_1_36' title='bbox 1453 594 1677 648; x_wconf 70' lang='lat' dir='ltr'><strong>acvedat</strong></span> <span class='ocrx_word' id='word_1_37' title='bbox 1714 594 2175 664; x_wconf 88' lang='lat' dir='ltr'><strong>magnitudinem,</strong></span> <span class='ocrx_word' id='word_1_38' title='bbox 2215 592 2309 647; x_wconf 86' lang='lat' dir='ltr'><strong>sed</strong></span> <span class='ocrx_word' id='word_1_39' title='bbox 2352 607 2452 646; x_wconf 89' lang='lat' dir='ltr'><strong>nec</strong></span> <span class='ocrx_word' id='word_1_40' title='bbox 2477 590 2724 646; x_wconf 91' lang='lat' dir='ltr'><strong>dicturos</strong></span> <span class='ocrx_word' id='word_1_41' title='bbox 2794 605 2852 646; x_wconf 90' lang='lat' dir='ltr'><strong>se</strong></span> <span class='ocrx_word' id='word_1_42' title='bbox 2887 599 3138 660; x_wconf 88' lang='lat' dir='ltr'><strong>sperent;</strong></span> 
     </span>
    </p>
   </div>
   <div class='ocr_carea' id='block_1_8' title="bbox 2149 491 3520 565">
    <p class='ocr_par' dir='ltr' id='par_1_8' title="bbox 2149 491 3520 565">
     <span class='ocr_line' id='line_1_8' title="bbox 2149 491 3520 565; baseline 0 -19"><span class='ocrx_word' id='word_1_43' title='bbox 2149 495 2386 565; x_wconf 84' lang='grc' dir='ltr'><strong>γισμῶν,</strong></span> <span class='ocrx_word' id='word_1_44' title='bbox 2413 493 2446 564; x_wconf 82' lang='grc' dir='ltr'>ἢ</span> <span class='ocrx_word' id='word_1_45' title='bbox 2479 494 2725 564; x_wconf 85' lang='grc' dir='ltr'><strong>ἀπαντᾷν</strong></span> <span class='ocrx_word' id='word_1_46' title='bbox 2757 494 2838 555; x_wconf 89' lang='grc' dir='ltr'><strong>είς</strong></span> <span class='ocrx_word' id='word_1_47' title='bbox 2872 491 3124 546; x_wconf 72' lang='grc' dir='ltr'><strong>τουτουσὶ</strong></span> <span class='ocrx_word' id='word_1_48' title='bbox 3149 491 3272 555; x_wconf 75' lang='grc' dir='ltr'><strong>τοὺς</strong></span> <span class='ocrx_word' id='word_1_49' title='bbox 3299 493 3520 561; x_wconf 82' lang='grc' dir='ltr'><strong>ἀγῶνας.</strong></span> 
     </span>
    </p>
   </div>
   <div class='ocr_carea' id='block_1_9' title="bbox 3219 590 3676 647">
    <p class='ocr_par' dir='ltr' id='par_1_9' title="bbox 3219 590 3676 647">
     <span class='ocr_line' id='line_1_9' title="bbox 3219 590 3676 647; baseline 0.011 -5"><span class='ocrx_word' id='word_1_50' title='bbox 3219 590 3508 645; x_wconf 88' lang='lat' dir='ltr'><strong>absurdum</strong></span> <span class='ocrx_word' id='word_1_51' title='bbox 3575 608 3676 647; x_wconf 81' lang='lat' dir='ltr'><strong>ont-</strong></span> 
     </span>
    </p>
   </div>
   <div class='ocr_carea' id='block_1_10' title="bbox 470 682 3677 756">
    <p class='ocr_par' dir='ltr' id='par_1_10' title="bbox 470 682 3677 756">
     <span class='ocr_line' id='line_1_10' title="bbox 470 682 3677 756; baseline -0 -16"><span class='ocrx_word' id='word_1_52' title='bbox 470 687 602 743; x_wconf 90' lang='lat' dir='ltr'><strong>nino</strong></span> <span class='ocrx_word' id='word_1_53' title='bbox 641 687 822 751; x_wconf 81' lang='lat' dir='ltr'><strong>fuerit,</strong></span> <span class='ocrx_word' id='word_1_54' title='bbox 855 685 1030 740; x_wconf 89' lang='lat' dir='ltr'><strong>solum</strong></span> <span class='ocrx_word' id='word_1_55' title='bbox 1061 700 1146 739; x_wconf 90' lang='lat' dir='ltr'><strong>me</strong></span> <span class='ocrx_word' id='word_1_56' title='bbox 1186 702 1252 739; x_wconf 89' lang='lat' dir='ltr'><strong>ex</strong></span> <span class='ocrx_word' id='word_1_57' title='bbox 1283 685 1540 740; x_wconf 92' lang='lat' dir='ltr'><strong>omnibus</strong></span> <span class='ocrx_word' id='word_1_58' title='bbox 1568 686 1660 756; x_wconf 85' lang='lat' dir='ltr'><strong>qui</strong></span> <span class='ocrx_word' id='word_1_59' title='bbox 1697 688 1812 741; x_wconf 64' lang='lat' dir='ltr'><strong>haec</strong></span> <span class='ocrx_word' id='word_1_60' title='bbox 1876 695 2202 749; x_wconf 85' lang='lat' dir='ltr'><strong>treetarunt,</strong></span> <span class='ocrx_word' id='word_1_61' title='bbox 2283 684 2660 740; x_wconf 91' lang='lat' dir='ltr'><strong>sollicitiorem</strong></span> <span class='ocrx_word' id='word_1_62' title='bbox 2709 698 2832 739; x_wconf 85' lang='lat' dir='ltr'><strong>esse</strong></span> <span class='ocrx_word' id='word_1_63' title='bbox 2877 684 3026 738; x_wconf 91' lang='lat' dir='ltr'><strong>circa</strong></span> <span class='ocrx_word' id='word_1_64' title='bbox 3073 682 3161 736; x_wconf 90' lang='lat' dir='ltr'><strong>illa</strong></span> <span class='ocrx_word' id='word_1_65' title='bbox 3209 683 3419 748; x_wconf 82' lang='lat' dir='ltr'><strong>omnia,</strong></span> <span class='ocrx_word' id='word_1_66' title='bbox 3461 683 3504 739; x_wconf 88' lang='lat' dir='ltr'><strong>si</strong></span> <span class='ocrx_word' id='word_1_67' title='bbox 3572 695 3677 753; x_wconf 86' lang='lat' dir='ltr'><strong>post</strong></span> 
     </span>
    </p>
   </div>
   <div class='ocr_carea' id='block_1_11' title="bbox 471 781 2870 853">
    <p class='ocr_par' dir='ltr' id='par_1_11' title="bbox 471 781 2870 853">
     <span class='ocr_line' id='line_1_11' title="bbox 471 781 2870 853; baseline -0.001 -17"><span class='ocrx_word' id='word_1_68' title='bbox 471 782 595 836; x_wconf 88' lang='lat' dir='ltr'><strong>illos</strong></span> <span class='ocrx_word' id='word_1_69' title='bbox 639 795 724 834; x_wconf 90' lang='lat' dir='ltr'><strong>me</strong></span> <span class='ocrx_word' id='word_1_70' title='bbox 770 795 992 850; x_wconf 89' lang='lat' dir='ltr'><strong>quoque</strong></span> <span class='ocrx_word' id='word_1_71' title='bbox 1033 796 1214 835; x_wconf 87' lang='lat' dir='ltr'><strong>sermo</strong></span> <span class='ocrx_word' id='word_1_72' title='bbox 1254 783 1504 847; x_wconf 82' lang='lat' dir='ltr'><strong>deﬁciat,</strong></span> <span class='ocrx_word' id='word_1_73' title='bbox 1557 798 1655 837; x_wconf 90' lang='lat' dir='ltr'><strong>nec</strong></span> <span class='ocrx_word' id='word_1_74' title='bbox 1709 783 1915 853; x_wconf 80' lang='lat' dir='ltr'><strong>possim</strong></span> <span class='ocrx_word' id='word_1_75' title='bbox 1963 791 2043 837; x_wconf 86' lang='lat' dir='ltr'><strong>tot</strong></span> <span class='ocrx_word' id='word_1_76' title='bbox 2081 783 2482 837; x_wconf 83' lang='lat' dir='ltr'><strong>certaminibus</strong></span> <span class='ocrx_word' id='word_1_77' title='bbox 2519 781 2870 850; x_wconf 87' lang='lat' dir='ltr'><strong>respondere.</strong></span> 
     </span>
    </p>
   </div>
   <div class='ocr_carea' id='block_1_12' title="bbox 547 871 2040 941">
    <p class='ocr_par' dir='ltr' id='par_1_12' title="bbox 547 871 2040 941">
     <span class='ocr_line' id='line_1_12' title="bbox 547 871 2040 941; baseline 0.002 -17"><span class='ocrx_word' id='word_1_78' title='bbox 547 873 602 924; x_wconf 70' lang='grc'><strong>2.</strong></span> <span class='ocrx_word' id='word_1_79' title='bbox 639 871 902 940; x_wconf 83' lang='lat' dir='ltr'><strong>Equidem</strong></span> <span class='ocrx_word' id='word_1_80' title='bbox 932 887 1038 926; x_wconf 92' lang='lat' dir='ltr'><strong>non</strong></span> <span class='ocrx_word' id='word_1_81' title='bbox 1072 872 1260 941; x_wconf 85' lang='lat' dir='ltr'><strong>ignoro</strong></span> <span class='ocrx_word' id='word_1_82' title='bbox 1281 874 1421 941; x_wconf 84' lang='lat' dir='ltr'><strong>quod</strong></span> <span class='ocrx_word' id='word_1_83' title='bbox 1445 875 1760 928; x_wconf 83' lang='lat' dir='ltr'><strong>oratoribus</strong></span> <span class='ocrx_word' id='word_1_84' title='bbox 1783 874 2040 928; x_wconf 85' lang='lat' dir='ltr'><strong>omnibus</strong></span> 
     </span>
    </p>
   </div>
   <div class='ocr_carea' id='block_1_13' title="bbox 471 961 2044 1033">
    <p class='ocr_par' dir='ltr' id='par_1_13' title="bbox 471 961 2044 1033">
     <span class='ocr_line' id='line_1_13' title="bbox 471 961 2044 1033; baseline 0 -17"><span class='ocrx_word' id='word_1_85' title='bbox 471 965 556 1017; x_wconf 91' lang='lat' dir='ltr'><strong>lcx</strong></span> <span class='ocrx_word' id='word_1_86' title='bbox 591 963 704 1016; x_wconf 66' lang='lat' dir='ltr'><strong>haec</strong></span> <span class='ocrx_word' id='word_1_87' title='bbox 735 961 806 1014; x_wconf 91' lang='lat' dir='ltr'><strong>sit</strong></span> <span class='ocrx_word' id='word_1_88' title='bbox 835 963 1029 1029; x_wconf 83' lang='lat' dir='ltr'><strong>posita,</strong></span> <span class='ocrx_word' id='word_1_89' title='bbox 1059 969 1116 1015; x_wconf 93' lang='lat' dir='ltr'><strong>ut</strong></span> <span class='ocrx_word' id='word_1_90' title='bbox 1145 974 1238 1016; x_wconf 87' lang='lat' dir='ltr'><strong>aut</strong></span> <span class='ocrx_word' id='word_1_91' title='bbox 1263 963 1630 1032; x_wconf 78' lang='lat' dir='ltr'><strong>eloquentiam</strong></span> <span class='ocrx_word' id='word_1_92' title='bbox 1662 979 1845 1032; x_wconf 81' lang='lat' dir='ltr'><strong>parem</strong></span> <span class='ocrx_word' id='word_1_93' title='bbox 1879 979 2044 1033; x_wconf 84' lang='lat' dir='ltr'><strong>argu-</strong></span> 
     </span>
    </p>
   </div>
   <div class='ocr_carea' id='block_1_14' title="bbox 476 1054 2038 1124">
    <p class='ocr_par' dir='ltr' id='par_1_14' title="bbox 476 1054 2038 1124">
     <span class='ocr_line' id='line_1_14' title="bbox 476 1054 2038 1124; baseline 0.001 -16"><span class='ocrx_word' id='word_1_94' title='bbox 476 1063 659 1109; x_wconf 84' lang='lat' dir='ltr'><strong>mento</strong></span> <span class='ocrx_word' id='word_1_95' title='bbox 692 1054 942 1115; x_wconf 78' lang='lat' dir='ltr'><strong>afferant,</strong></span> <span class='ocrx_word' id='word_1_96' title='bbox 973 1066 1064 1108; x_wconf 89' lang='lat' dir='ltr'><strong>aut</strong></span> <span class='ocrx_word' id='word_1_97' title='bbox 1096 1055 1374 1109; x_wconf 85' lang='lat' dir='ltr'><strong>silentium</strong></span> <span class='ocrx_word' id='word_1_98' title='bbox 1409 1066 1657 1120; x_wconf 76' lang='lat' dir='ltr'><strong>teneant;</strong></span> <span class='ocrx_word' id='word_1_99' title='bbox 1687 1062 1739 1108; x_wconf 87' lang='lat' dir='ltr'><strong>et</strong></span> <span class='ocrx_word' id='word_1_100' title='bbox 1779 1055 1921 1124; x_wconf 87' lang='lat' dir='ltr'><strong>quod</strong></span> <span class='ocrx_word' id='word_1_101' title='bbox 1955 1070 2038 1109; x_wconf 87' lang='lat' dir='ltr'><strong>res</strong></span> 
     </span>
    </p>
   </div>
   <div class='ocr_carea' id='block_1_15' title="bbox 474 1145 2041 1216">
    <p class='ocr_par' dir='ltr' id='par_1_15' title="bbox 474 1145 2041 1216">
     <span class='ocr_line' id='line_1_15' title="bbox 474 1145 2041 1216; baseline 0.001 -18"><span class='ocrx_word' id='word_1_102' title='bbox 474 1145 726 1200; x_wconf 75' lang='lat' dir='ltr'><strong>laudibus</strong></span> <span class='ocrx_word' id='word_1_103' title='bbox 762 1145 1016 1200; x_wconf 89' lang='lat' dir='ltr'><strong>humanis</strong></span> <span class='ocrx_word' id='word_1_104' title='bbox 1047 1145 1284 1214; x_wconf 74' lang='lat' dir='ltr'><strong>majores</strong></span> <span class='ocrx_word' id='word_1_105' title='bbox 1314 1162 1642 1214; x_wconf 86' lang='lat' dir='ltr'><strong>omnemque</strong></span> <span class='ocrx_word' id='word_1_106' title='bbox 1673 1147 2041 1216; x_wconf 85' lang='lat' dir='ltr'><strong>comparatio-</strong></span> 
     </span>
    </p>
   </div>
   <div class='ocr_carea' id='block_1_16' title="bbox 473 1238 2040 1307">
    <p class='ocr_par' dir='ltr' id='par_1_16' title="bbox 473 1238 2040 1307">
     <span class='ocr_line' id='line_1_16' title="bbox 473 1238 2040 1307; baseline 0.001 -17"><span class='ocrx_word' id='word_1_107' title='bbox 473 1253 597 1292; x_wconf 88' lang='lat' dir='ltr'><strong>nem</strong></span> <span class='ocrx_word' id='word_1_108' title='bbox 633 1238 1076 1292; x_wconf 67' lang='lat' dir='ltr'><strong>transcendentes</strong></span> <span class='ocrx_word' id='word_1_109' title='bbox 1133 1255 1160 1291; x_wconf 91' lang='lat' dir='ltr'><strong>a</strong></span> <span class='ocrx_word' id='word_1_110' title='bbox 1198 1239 1394 1307; x_wconf 80' lang='lat' dir='ltr'><strong>seipsis</strong></span> <span class='ocrx_word' id='word_1_111' title='bbox 1426 1241 1658 1292; x_wconf 83' lang='lat' dir='ltr'><strong>habeant</strong></span> <span class='ocrx_word' id='word_1_112' title='bbox 1687 1247 1741 1293; x_wconf 93' lang='lat' dir='ltr'><strong>ut</strong></span> <span class='ocrx_word' id='word_1_113' title='bbox 1775 1239 1879 1294; x_wconf 83' lang='lat' dir='ltr'><strong>sibi</strong></span> <span class='ocrx_word' id='word_1_114' title='bbox 1910 1254 2040 1292; x_wconf 85' lang='lat' dir='ltr'><strong>con-</strong></span> 
     </span>
    </p>
   </div>
   <div class='ocr_carea' id='block_1_17' title="bbox 475 1332 2044 1401">
    <p class='ocr_par' dir='ltr' id='par_1_17' title="bbox 475 1332 2044 1401">
     <span class='ocr_line' id='line_1_17' title="bbox 475 1332 2044 1401; baseline 0.001 -18"><span class='ocrx_word' id='word_1_115' title='bbox 475 1347 608 1398; x_wconf 85' lang='lat' dir='ltr'><strong>grua</strong></span> <span class='ocrx_word' id='word_1_116' title='bbox 642 1347 921 1399; x_wconf 86' lang='lat' dir='ltr'><strong>nunquam</strong></span> <span class='ocrx_word' id='word_1_117' title='bbox 952 1343 1362 1401; x_wconf 86' lang='lat' dir='ltr'><strong>consequantur</strong></span> <span class='ocrx_word' id='word_1_118' title='bbox 1393 1333 1639 1386; x_wconf 88' lang='lat' dir='ltr'><strong>encomia</strong></span> <span class='ocrx_word' id='word_1_119' title='bbox 1664 1372 1678 1396; x_wconf 99' lang='lat'><strong>,</strong></span> <span class='ocrx_word' id='word_1_120' title='bbox 1713 1347 1822 1386; x_wconf 90' lang='lat' dir='ltr'><strong>non</strong></span> <span class='ocrx_word' id='word_1_121' title='bbox 1863 1348 1929 1386; x_wconf 88' lang='lat' dir='ltr'><strong>ex</strong></span> <span class='ocrx_word' id='word_1_122' title='bbox 1961 1332 2044 1385; x_wconf 88' lang='lat' dir='ltr'><strong>in-</strong></span> 
     </span>
    </p>
   </div>
   <div class='ocr_carea' id='block_1_18' title="bbox 477 1422 2043 1496">
    <p class='ocr_par' dir='ltr' id='par_1_18' title="bbox 477 1422 2043 1496">
     <span class='ocr_line' id='line_1_18' title="bbox 477 1422 2043 1496; baseline 0.003 -20"><span class='ocrx_word' id='word_1_123' title='bbox 477 1422 798 1477; x_wconf 83' lang='lat' dir='ltr'><strong>suilicientia</strong></span> <span class='ocrx_word' id='word_1_124' title='bbox 829 1423 1163 1483; x_wconf 84' lang='lat' dir='ltr'><strong>laudatoris;</strong></span> <span class='ocrx_word' id='word_1_125' title='bbox 1197 1425 1428 1491; x_wconf 83' lang='lat' dir='ltr'><strong>ideoque</strong></span> <span class='ocrx_word' id='word_1_126' title='bbox 1451 1427 1720 1496; x_wconf 88' lang='lat' dir='ltr'><strong>contingit</strong></span> <span class='ocrx_word' id='word_1_127' title='bbox 1743 1427 1854 1483; x_wconf 90' lang='lat' dir='ltr'><strong>illis</strong></span> <span class='ocrx_word' id='word_1_128' title='bbox 1878 1425 2043 1481; x_wconf 90' lang='lat' dir='ltr'><strong>veluti</strong></span> 
     </span>
    </p>
   </div>
   <div class='ocr_carea' id='block_1_19' title="bbox 478 1513 2044 1587">
    <p class='ocr_par' dir='ltr' id='par_1_19' title="bbox 478 1513 2044 1587">
     <span class='ocr_line' id='line_1_19' title="bbox 478 1513 2044 1587; baseline 0.003 -19"><span class='ocrx_word' id='word_1_129' title='bbox 478 1513 708 1585; x_wconf 64' lang='lat' dir='ltr'><strong>aenigma</strong></span> <span class='ocrx_word' id='word_1_130' title='bbox 743 1514 1040 1584; x_wconf 83' lang='lat' dir='ltr'><strong>quoddam,</strong></span> <span class='ocrx_word' id='word_1_131' title='bbox 1079 1525 1137 1569; x_wconf 92' lang='lat' dir='ltr'><strong>ut</strong></span> <span class='ocrx_word' id='word_1_132' title='bbox 1169 1525 1390 1586; x_wconf 83' lang='lat' dir='ltr'><strong>propter</strong></span> <span class='ocrx_word' id='word_1_133' title='bbox 1423 1533 1544 1587; x_wconf 74' lang='lat' dir='ltr'><strong>qua:</strong></span> <span class='ocrx_word' id='word_1_134' title='bbox 1583 1534 1803 1573; x_wconf 88' lang='lat' dir='ltr'><strong>necesse</strong></span> <span class='ocrx_word' id='word_1_135' title='bbox 1837 1530 1919 1572; x_wconf 90' lang='lat' dir='ltr'><strong>est</strong></span> <span class='ocrx_word' id='word_1_136' title='bbox 1952 1533 2044 1572; x_wconf 87' lang='lat' dir='ltr'><strong>eas</strong></span> 
     </span>
    </p>
   </div>
   <div class='ocr_carea' id='block_1_20' title="bbox 475 1607 2045 1678">
    <p class='ocr_par' dir='ltr' id='par_1_20' title="bbox 475 1607 2045 1678">
     <span class='ocr_line' id='line_1_20' title="bbox 475 1607 2045 1678; baseline 0.001 -18"><span class='ocrx_word' id='word_1_137' title='bbox 475 1622 586 1678; x_wconf 68' lang='lat' dir='ltr'><strong>pra:</strong></span> <span class='ocrx_word' id='word_1_138' title='bbox 618 1607 749 1672; x_wconf 85' lang='lat' dir='ltr'><strong>aliis</strong></span> <span class='ocrx_word' id='word_1_139' title='bbox 794 1607 1094 1672; x_wconf 89' lang='lat' dir='ltr'><strong>admirari,</strong></span> <span class='ocrx_word' id='word_1_140' title='bbox 1138 1619 1362 1678; x_wconf 84' lang='lat' dir='ltr'><strong>prepter</strong></span> <span class='ocrx_word' id='word_1_141' title='bbox 1426 1609 1615 1664; x_wconf 87' lang='lat' dir='ltr'><strong>eadem</strong></span> <span class='ocrx_word' id='word_1_142' title='bbox 1669 1609 1854 1664; x_wconf 87' lang='lat' dir='ltr'><strong>nullus</strong></span> <span class='ocrx_word' id='word_1_143' title='bbox 1897 1608 2045 1677; x_wconf 81' lang='lat' dir='ltr'><strong>ipsas</strong></span> 
     </span>
    </p>
   </div>
   <div class='ocr_carea' id='block_1_21' title="bbox 475 1699 2047 1772">
    <p class='ocr_par' dir='ltr' id='par_1_21' title="bbox 475 1699 2047 1772">
     <span class='ocr_line' id='line_1_21' title="bbox 475 1699 2047 1772; baseline 0.001 -18"><span class='ocrx_word' id='word_1_144' title='bbox 475 1699 706 1756; x_wconf 85' lang='lat' dir='ltr'><strong>dicendo</strong></span> <span class='ocrx_word' id='word_1_145' title='bbox 747 1709 962 1755; x_wconf 86' lang='lat' dir='ltr'><strong>tractet.</strong></span> <span class='ocrx_word' id='word_1_146' title='bbox 1008 1702 1260 1756; x_wconf 81' lang='lat' dir='ltr'><strong>Attamen</strong></span> <span class='ocrx_word' id='word_1_147' title='bbox 1293 1717 1435 1756; x_wconf 69' lang='lat' dir='ltr'><strong>vera:</strong></span> <span class='ocrx_word' id='word_1_148' title='bbox 1469 1702 1666 1756; x_wconf 87' lang='lat' dir='ltr'><strong>rationi</strong></span> <span class='ocrx_word' id='word_1_149' title='bbox 1708 1702 1876 1772; x_wconf 76' lang='lat' dir='ltr'><strong>magis</strong></span> <span class='ocrx_word' id='word_1_150' title='bbox 1913 1716 2047 1756; x_wconf 88' lang='lat' dir='ltr'><strong>con-</strong></span> 
     </span>
    </p>
   </div>
   <div class='ocr_carea' id='block_1_22' title="bbox 478 1792 2044 1863">
    <p class='ocr_par' dir='ltr' id='par_1_22' title="bbox 478 1792 2044 1863">
     <span class='ocr_line' id='line_1_22' title="bbox 478 1792 2044 1863; baseline 0.003 -19"><span class='ocrx_word' id='word_1_151' title='bbox 478 1808 674 1863; x_wconf 77' lang='lat' dir='ltr'><strong>gruum</strong></span> <span class='ocrx_word' id='word_1_152' title='bbox 719 1808 840 1848; x_wconf 90' lang='lat' dir='ltr'><strong>esse</strong></span> <span class='ocrx_word' id='word_1_153' title='bbox 881 1808 1099 1858; x_wconf 87' lang='lat' dir='ltr'><strong>censeo,</strong></span> <span class='ocrx_word' id='word_1_154' title='bbox 1150 1802 1209 1847; x_wconf 91' lang='lat' dir='ltr'><strong>ut</strong></span> <span class='ocrx_word' id='word_1_155' title='bbox 1248 1792 1488 1848; x_wconf 88' lang='lat' dir='ltr'><strong>volentes</strong></span> <span class='ocrx_word' id='word_1_156' title='bbox 1523 1794 1590 1849; x_wconf 87' lang='lat' dir='ltr'><strong>de</strong></span> <span class='ocrx_word' id='word_1_157' title='bbox 1634 1793 1831 1848; x_wconf 86' lang='lat' dir='ltr'><strong>talibus</strong></span> <span class='ocrx_word' id='word_1_158' title='bbox 1881 1794 2044 1849; x_wconf 87' lang='lat' dir='ltr'><strong>rebus</strong></span> 
     </span>
    </p>
   </div>
   <div class='ocr_carea' id='block_1_23' title="bbox 2219 865 3683 943">
    <p class='ocr_par' dir='ltr' id='par_1_23' title="bbox 2219 865 3683 943">
     <span class='ocr_line' id='line_1_23' title="bbox 2219 865 3683 943; baseline 0.001 -17"><span class='ocrx_word' id='word_1_159' title='bbox 2219 875 2286 943; x_wconf 82' lang='grc' dir='ltr'><strong>β’.</strong></span> <span class='ocrx_word' id='word_1_160' title='bbox 2322 874 2430 927; x_wconf 72' lang='grc' dir='ltr'><strong>Καὶ</strong></span> <span class='ocrx_word' id='word_1_161' title='bbox 2462 865 2614 934; x_wconf 77' lang='grc' dir='ltr'><strong>οὗτος</strong></span> <span class='ocrx_word' id='word_1_162' title='bbox 2651 871 2738 923; x_wconf 81' lang='grc' dir='ltr'><strong>ἀεὶ</strong></span> <span class='ocrx_word' id='word_1_163' title='bbox 2769 873 2881 932; x_wconf 83' lang='grc' dir='ltr'><strong>τοῖς</strong></span> <span class='ocrx_word' id='word_1_164' title='bbox 2919 870 3140 936; x_wconf 77' lang='grc' dir='ltr'><strong>λέγουσι</strong></span> <span class='ocrx_word' id='word_1_165' title='bbox 3175 869 3417 924; x_wconf 85' lang='grc' dir='ltr'><strong>κείσεται</strong></span> <span class='ocrx_word' id='word_1_166' title='bbox 3454 871 3623 941; x_wconf 86' lang='grc' dir='ltr'><strong>νόμος,</strong></span> <span class='ocrx_word' id='word_1_167' title='bbox 3655 874 3683 942; x_wconf 80' lang='grc' dir='ltr'>ἢ</span> 
     </span>
    </p>
   </div>
   <div class='ocr_carea' id='block_1_24' title="bbox 2149 961 3686 1036">
    <p class='ocr_par' dir='ltr' id='par_1_24' title="bbox 2149 961 3686 1036">
     <span class='ocr_line' id='line_1_24' title="bbox 2149 961 3686 1036; baseline -0.001 -16"><span class='ocrx_word' id='word_1_168' title='bbox 2149 966 2482 1036; x_wconf 81' lang='grc' dir='ltr'><strong>παρέχεσθαι</strong></span> <span class='ocrx_word' id='word_1_169' title='bbox 2515 965 2614 1035; x_wconf 82' lang='grc' dir='ltr'><strong>τὴν</strong></span> <span class='ocrx_word' id='word_1_170' title='bbox 2661 964 2901 1032; x_wconf 83' lang='grc' dir='ltr'><strong>γλῶτταν</strong></span> <span class='ocrx_word' id='word_1_171' title='bbox 2941 962 3049 1016; x_wconf 84' lang='grc' dir='ltr'><strong>τῶν</strong></span> <span class='ocrx_word' id='word_1_172' title='bbox 3081 961 3385 1016; x_wconf 75' lang='grc' dir='ltr'><strong>ὑποθέσεων</strong></span> <span class='ocrx_word' id='word_1_173' title='bbox 3427 963 3575 1027; x_wconf 78' lang='grc' dir='ltr'><strong>ἀξίαν</strong></span> <span class='ocrx_word' id='word_1_174' title='bbox 3604 964 3686 1035; x_wconf 78' lang='grc' dir='ltr'><strong>(ε),</strong></span> 
     </span>
    </p>
   </div>
   <div class='ocr_carea' id='block_1_25' title="bbox 2146 1052 3689 1127">
    <p class='ocr_par' dir='ltr' id='par_1_25' title="bbox 2146 1052 3689 1127">
     <span class='ocr_line' id='line_1_25' title="bbox 2146 1052 3689 1127; baseline 0 -18"><span class='ocrx_word' id='word_1_175' title='bbox 2146 1061 2178 1127; x_wconf 74' lang='grc' dir='ltr'><strong>ἢ</strong></span> <span class='ocrx_word' id='word_1_176' title='bbox 2211 1059 2420 1127; x_wconf 76' lang='grc' dir='ltr'><strong>σιωπᾷν</strong></span> <span class='ocrx_word' id='word_1_177' title='bbox 2438 1073 2452 1087; x_wconf 75' lang='grc' dir='ltr'><strong>ο</strong></span> <span class='ocrx_word' id='word_1_178' title='bbox 2484 1057 2617 1124; x_wconf 86' lang='grc' dir='ltr'><strong>τάγε</strong></span> <span class='ocrx_word' id='word_1_179' title='bbox 2651 1054 2821 1124; x_wconf 79' lang='grc' dir='ltr'><strong>μείζω</strong></span> <span class='ocrx_word' id='word_1_180' title='bbox 2842 1053 2950 1107; x_wconf 84' lang='grc' dir='ltr'><strong>τῶν</strong></span> <span class='ocrx_word' id='word_1_181' title='bbox 2974 1053 3211 1106; x_wconf 75' lang='grc' dir='ltr'><strong>ἐπαίνων</strong></span> <span class='ocrx_word' id='word_1_182' title='bbox 3236 1052 3330 1105; x_wconf 81' lang='grc' dir='ltr'><strong>καὶ</strong></span> <span class='ocrx_word' id='word_1_183' title='bbox 3361 1054 3532 1107; x_wconf 76' lang='grc' dir='ltr'><strong>πᾶσαν</strong></span> <span class='ocrx_word' id='word_1_184' title='bbox 3556 1055 3689 1109; x_wconf 88' lang='grc' dir='ltr'><strong>ἀντε-</strong></span> 
     </span>
    </p>
   </div>
   <div class='ocr_carea' id='block_1_26' title="bbox 2151 1144 3687 1218">
    <p class='ocr_par' dir='ltr' id='par_1_26' title="bbox 2151 1144 3687 1218">
     <span class='ocr_line' id='line_1_26' title="bbox 2151 1144 3687 1218; baseline -0.003 -14"><span class='ocrx_word' id='word_1_185' title='bbox 2151 1151 2370 1217; x_wconf 82' lang='grc' dir='ltr'><strong>ξέτασιν</strong></span> <span class='ocrx_word' id='word_1_186' title='bbox 2398 1148 2736 1218; x_wconf 81' lang='grc' dir='ltr'><strong>ὑπερϐάντα,</strong></span> <span class='ocrx_word' id='word_1_187' title='bbox 2761 1145 3011 1198; x_wconf 78' lang='grc' dir='ltr'><strong>ἐντεῦθεν</strong></span> <span class='ocrx_word' id='word_1_188' title='bbox 3033 1145 3093 1197; x_wconf 78' lang='grc' dir='ltr'><strong>οὐ</strong></span> <span class='ocrx_word' id='word_1_189' title='bbox 3120 1144 3228 1196; x_wconf 87' lang='grc' dir='ltr'><strong>τῶν</strong></span> <span class='ocrx_word' id='word_1_190' title='bbox 3251 1144 3473 1198; x_wconf 89' lang='grc' dir='ltr'><strong>είκότων</strong></span> <span class='ocrx_word' id='word_1_191' title='bbox 3493 1145 3687 1210; x_wconf 80' lang='grc' dir='ltr'><strong>τεύξον-</strong></span> 
     </span>
    </p>
   </div>
   <div class='ocr_carea' id='block_1_27' title="bbox 2145 1235 3694 1308">
    <p class='ocr_par' dir='ltr' id='par_1_27' title="bbox 2145 1235 3694 1308">
     <span class='ocr_line' id='line_1_27' title="bbox 2145 1235 3694 1308; baseline -0.001 -14"><span class='ocrx_word' id='word_1_192' title='bbox 2145 1259 2256 1304; x_wconf 84' lang='grc' dir='ltr'><strong>ται,</strong></span> <span class='ocrx_word' id='word_1_193' title='bbox 2310 1241 2399 1294; x_wconf 79' lang='grc' dir='ltr'><strong>τοῦ</strong></span> <span class='ocrx_word' id='word_1_194' title='bbox 2434 1239 2782 1302; x_wconf 75' lang='grc' dir='ltr'><strong>ἐπαινοῦντος</strong></span> <span class='ocrx_word' id='word_1_195' title='bbox 2837 1235 3200 1308; x_wconf 78' lang='grc' dir='ltr'><strong>ἀποχρώντως</strong></span> <span class='ocrx_word' id='word_1_196' title='bbox 3249 1237 3350 1290; x_wconf 81' lang='grc' dir='ltr'><strong>οὐκ</strong></span> <span class='ocrx_word' id='word_1_197' title='bbox 3394 1235 3566 1302; x_wconf 78' lang='grc' dir='ltr'><strong>δντος·</strong></span> <span class='ocrx_word' id='word_1_198' title='bbox 3610 1240 3694 1293; x_wconf 71' lang='grc' dir='ltr'><strong>καὶ</strong></span> 
     </span>
    </p>
   </div>
   <div class='ocr_carea' id='block_1_28' title="bbox 2151 1325 3692 1400">
    <p class='ocr_par' dir='ltr' id='par_1_28' title="bbox 2151 1325 3692 1400">
     <span class='ocr_line' id='line_1_28' title="bbox 2151 1325 3692 1400; baseline -0.002 -17"><span class='ocrx_word' id='word_1_199' title='bbox 2151 1331 2494 1400; x_wconf 81' lang='grc' dir='ltr'><strong>συμϐήσεται</strong></span> <span class='ocrx_word' id='word_1_200' title='bbox 2533 1328 2786 1397; x_wconf 87' lang='grc' dir='ltr'><strong>καθάπερ</strong></span> <span class='ocrx_word' id='word_1_201' title='bbox 2815 1327 3048 1396; x_wconf 88' lang='grc' dir='ltr'><strong>αίνιγμα</strong></span> <span class='ocrx_word' id='word_1_202' title='bbox 3086 1328 3197 1388; x_wconf 84' lang='grc' dir='ltr'><strong>τοῖς</strong></span> <span class='ocrx_word' id='word_1_203' title='bbox 3230 1325 3559 1396; x_wconf 74' lang='grc' dir='ltr'><strong>πράγμασιν·</strong></span> <span class='ocrx_word' id='word_1_204' title='bbox 3590 1328 3692 1380; x_wconf 72' lang='grc' dir='ltr'><strong>ἀνθ’</strong></span> 
     </span>
    </p>
   </div>
   <div class='ocr_carea' id='block_1_29' title="bbox 2147 1414 3691 1489">
    <p class='ocr_par' dir='ltr' id='par_1_29' title="bbox 2147 1414 3691 1489">
     <span class='ocr_line' id='line_1_29' title="bbox 2147 1414 3691 1489; baseline -0.002 -16"><span class='ocrx_word' id='word_1_205' title='bbox 2147 1414 2221 1474; x_wconf 80' lang='grc' dir='ltr'><strong>ὧν</strong></span> <span class='ocrx_word' id='word_1_206' title='bbox 2245 1419 2352 1489; x_wconf 81' lang='grc' dir='ltr'><strong>γὰρ</strong></span> <span class='ocrx_word' id='word_1_207' title='bbox 2377 1420 2591 1487; x_wconf 81' lang='grc' dir='ltr'><strong>ἀνάγκη</strong></span> <span class='ocrx_word' id='word_1_208' title='bbox 2611 1416 2991 1487; x_wconf 78' lang='grc' dir='ltr'><strong>θαυμάζεσθαι</strong></span> <span class='ocrx_word' id='word_1_209' title='bbox 3013 1415 3123 1468; x_wconf 85' lang='grc' dir='ltr'><strong>τῶν</strong></span> <span class='ocrx_word' id='word_1_210' title='bbox 3143 1415 3319 1468; x_wconf 74' lang='grc' dir='ltr'><strong>ἄλλων</strong></span> <span class='ocrx_word' id='word_1_211' title='bbox 3335 1415 3691 1487; x_wconf 80' lang='grc' dir='ltr'><strong>διαφερόντως,</strong></span> 
     </span>
    </p>
   </div>
   <div class='ocr_carea' id='block_1_30' title="bbox 2148 1505 3696 1581">
    <p class='ocr_par' dir='ltr' id='par_1_30' title="bbox 2148 1505 3696 1581">
     <span class='ocr_line' id='line_1_30' title="bbox 2148 1505 3696 1581; baseline -0.005 -15"><span class='ocrx_word' id='word_1_212' title='bbox 2148 1513 2268 1566; x_wconf 74' lang='grc' dir='ltr'><strong>ἀντὶ</strong></span> <span class='ocrx_word' id='word_1_213' title='bbox 2290 1511 2493 1565; x_wconf 85' lang='grc' dir='ltr'><strong>τούτων</strong></span> <span class='ocrx_word' id='word_1_214' title='bbox 2515 1511 2689 1574; x_wconf 79' lang='grc' dir='ltr'><strong>οὐδεὶς</strong></span> <span class='ocrx_word' id='word_1_215' title='bbox 2714 1509 2842 1581; x_wconf 76' lang='grc' dir='ltr'><strong>περὶ</strong></span> <span class='ocrx_word' id='word_1_216' title='bbox 2862 1510 3039 1562; x_wconf 80' lang='grc' dir='ltr'><strong>αὐτῶν</strong></span> <span class='ocrx_word' id='word_1_217' title='bbox 3064 1509 3180 1578; x_wconf 78' lang='grc' dir='ltr'><strong>ὲρεῐ</strong></span> <span class='ocrx_word' id='word_1_218' title='bbox 3196 1522 3210 1536; x_wconf 87' lang='grc'><strong>·</strong></span> <span class='ocrx_word' id='word_1_219' title='bbox 3240 1505 3350 1576; x_wconf 73' lang='grc' dir='ltr'><strong>ἐγὼ</strong></span> <span class='ocrx_word' id='word_1_220' title='bbox 3375 1508 3431 1560; x_wconf 78' lang='grc' dir='ltr'><strong>δὲ</strong></span> <span class='ocrx_word' id='word_1_221' title='bbox 3449 1507 3539 1561; x_wconf 71' lang='grc' dir='ltr'><strong>καὶ</strong></span> <span class='ocrx_word' id='word_1_222' title='bbox 3557 1507 3696 1560; x_wconf 75' lang='grc' dir='ltr'><strong>τοῦτο</strong></span> 
     </span>
    </p>
   </div>
   <div class='ocr_carea' id='block_1_31' title="bbox 2149 1599 3698 1674">
    <p class='ocr_par' dir='ltr' id='par_1_31' title="bbox 2149 1599 3698 1674">
     <span class='ocr_line' id='line_1_31' title="bbox 2149 1599 3698 1674; baseline -0.003 -18"><span class='ocrx_word' id='word_1_223' title='bbox 2149 1606 2292 1673; x_wconf 82' lang='grc' dir='ltr'><strong>λέγω</strong></span> <span class='ocrx_word' id='word_1_224' title='bbox 2350 1604 2550 1666; x_wconf 76' lang='grc' dir='ltr'><strong>παντὸς</strong></span> <span class='ocrx_word' id='word_1_225' title='bbox 2601 1602 2803 1674; x_wconf 81' lang='grc' dir='ltr'><strong>μᾶλλον</strong></span> <span class='ocrx_word' id='word_1_226' title='bbox 2864 1601 3120 1672; x_wconf 74' lang='grc' dir='ltr'><strong>ἀληθείας</strong></span> <span class='ocrx_word' id='word_1_227' title='bbox 3185 1599 3446 1669; x_wconf 81' lang='grc' dir='ltr'><strong>μετέχων,</strong></span> <span class='ocrx_word' id='word_1_228' title='bbox 3478 1599 3546 1662; x_wconf 78' lang='grc' dir='ltr'><strong>ὡς</strong></span> <span class='ocrx_word' id='word_1_229' title='bbox 3605 1599 3698 1670; x_wconf 70' lang='grc' dir='ltr'><strong>ἀρα</strong></span> 
     </span>
    </p>
   </div>
   <div class='ocr_carea' id='block_1_32' title="bbox 2153 1691 3699 1766">
    <p class='ocr_par' dir='ltr' id='par_1_32' title="bbox 2153 1691 3699 1766">
     <span class='ocr_line' id='line_1_32' title="bbox 2153 1691 3699 1766; baseline -0.005 -16"><span class='ocrx_word' id='word_1_230' title='bbox 2153 1691 2234 1760; x_wconf 72' lang='grc' dir='ltr'><strong>οἷς</strong></span> <span class='ocrx_word' id='word_1_231' title='bbox 2295 1695 2437 1766; x_wconf 80' lang='grc' dir='ltr'><strong>ὑπὲρ</strong></span> <span class='ocrx_word' id='word_1_232' title='bbox 2483 1694 2592 1748; x_wconf 85' lang='grc' dir='ltr'><strong>τῶν</strong></span> <span class='ocrx_word' id='word_1_233' title='bbox 2637 1694 2981 1764; x_wconf 82' lang='grc' dir='ltr'><strong>πραγμάτων</strong></span> <span class='ocrx_word' id='word_1_234' title='bbox 3031 1695 3147 1746; x_wconf 68' lang='grc' dir='ltr'><strong>ἐστὶ</strong></span> <span class='ocrx_word' id='word_1_235' title='bbox 3173 1734 3188 1757; x_wconf 91' lang='grc'><strong>,</strong></span> <span class='ocrx_word' id='word_1_236' title='bbox 3236 1693 3297 1745; x_wconf 79' lang='grc' dir='ltr'><strong>τὸ</strong></span> <span class='ocrx_word' id='word_1_237' title='bbox 3346 1693 3544 1755; x_wconf 79' lang='grc' dir='ltr'><strong>πάντας</strong></span> <span class='ocrx_word' id='word_1_238' title='bbox 3593 1691 3699 1752; x_wconf 76' lang='grc' dir='ltr'><strong>τοὺς</strong></span> 
     </span>
    </p>
   </div>
   <div class='ocr_carea' id='block_1_33' title="bbox 2156 1785 3702 1860">
    <p class='ocr_par' dir='ltr' id='par_1_33' title="bbox 2156 1785 3702 1860">
     <span class='ocr_line' id='line_1_33' title="bbox 2156 1785 3702 1860; baseline -0.006 -16"><span class='ocrx_word' id='word_1_239' title='bbox 2156 1791 2299 1860; x_wconf 80' lang='grc' dir='ltr'><strong>ὑπὲρ</strong></span> <span class='ocrx_word' id='word_1_240' title='bbox 2343 1789 2550 1844; x_wconf 88' lang='grc' dir='ltr'><strong>τούτων</strong></span> <span class='ocrx_word' id='word_1_241' title='bbox 2598 1787 2794 1857; x_wconf 82' lang='grc' dir='ltr'><strong>λόγους</strong></span> <span class='ocrx_word' id='word_1_242' title='bbox 2846 1788 2997 1840; x_wconf 89' lang='grc' dir='ltr'><strong>κάτω</strong></span> <span class='ocrx_word' id='word_1_243' title='bbox 3043 1786 3256 1850; x_wconf 83' lang='grc' dir='ltr'><strong>πεσεῖν,</strong></span> <span class='ocrx_word' id='word_1_244' title='bbox 3317 1785 3521 1852; x_wconf 80' lang='grc' dir='ltr'><strong>ἀνάγκη</strong></span> <span class='ocrx_word' id='word_1_245' title='bbox 3573 1785 3702 1836; x_wconf 81' lang='grc' dir='ltr'><strong>πᾶσα</strong></span> 
     </span>
    </p>
   </div>
   <div class='ocr_carea' id='block_1_34' title="bbox 477 1867 2053 1955">
    <p class='ocr_par' dir='ltr' id='par_1_34' title="bbox 477 1885 2045 1955">
     <span class='ocr_line' id='line_1_34' title="bbox 477 1885 2045 1955; baseline 0.001 -17"><span class='ocrx_word' id='word_1_246' title='bbox 477 1900 659 1954; x_wconf 81' lang='lat' dir='ltr'><strong>agere,</strong></span> <span class='ocrx_word' id='word_1_247' title='bbox 685 1885 885 1955; x_wconf 86' lang='lat' dir='ltr'><strong>quibus</strong></span> <span class='ocrx_word' id='word_1_248' title='bbox 911 1886 1091 1941; x_wconf 88' lang='lat' dir='ltr'><strong>onmis</strong></span> <span class='ocrx_word' id='word_1_249' title='bbox 1121 1901 1304 1940; x_wconf 83' lang='lat' dir='ltr'><strong>sermo</strong></span> <span class='ocrx_word' id='word_1_250' title='bbox 1338 1887 1658 1940; x_wconf 79' lang='lat' dir='ltr'><strong>succumbat</strong></span> <span class='ocrx_word' id='word_1_251' title='bbox 1691 1899 1916 1940; x_wconf 88' lang='lat' dir='ltr'><strong>necesse</strong></span> <span class='ocrx_word' id='word_1_252' title='bbox 1943 1893 2045 1948; x_wconf 89' lang='lat' dir='ltr'><strong>est,</strong></span> 
     </span>
    </p>
   </div>
   <div class='ocr_carea' id='block_1_35' title="bbox 2154 1867 3677 1955">
    <p class='ocr_par' dir='ltr' id='par_1_35' title="bbox 2154 1875 3677 1950">
     <span class='ocr_line' id='line_1_35' title="bbox 2154 1875 3677 1950; baseline -0.007 -16"><span class='ocrx_word' id='word_1_253' title='bbox 2154 1881 2392 1947; x_wconf 79' lang='grc' dir='ltr'><strong>τούτους,</strong></span> <span class='ocrx_word' id='word_1_254' title='bbox 2449 1880 2628 1948; x_wconf 80' lang='grc' dir='ltr'><strong>λέγειν</strong></span> <span class='ocrx_word' id='word_1_255' title='bbox 2677 1879 2754 1941; x_wconf 82' lang='grc' dir='ltr'><strong>ὡς</strong></span> <span class='ocrx_word' id='word_1_256' title='bbox 2799 1878 3034 1950; x_wconf 85' lang='grc' dir='ltr'><strong>ἀληθῶς,</strong></span> <span class='ocrx_word' id='word_1_257' title='bbox 3087 1875 3232 1948; x_wconf 72' lang='grc' dir='ltr'><strong>ὑπὲρ</strong></span> <span class='ocrx_word' id='word_1_258' title='bbox 3285 1875 3486 1930; x_wconf 80' lang='grc' dir='ltr'><strong>τούτων</strong></span> <span class='ocrx_word' id='word_1_259' title='bbox 3518 1876 3677 1945; x_wconf 78' lang='grc' dir='ltr'><strong>ἐπιχει</strong></span> 
     </span>
    </p>
   </div>
   <div class='ocr_carea' id='block_1_36' title="bbox 477 1965 2053 2046">
    <p class='ocr_par' dir='ltr' id='par_1_36' title="bbox 477 1977 2047 2046">
     <span class='ocr_line' id='line_1_36' title="bbox 477 1977 2047 2046; baseline 0.001 -17"><span class='ocrx_word' id='word_1_260' title='bbox 477 1978 623 2031; x_wconf 84' lang='lat' dir='ltr'><strong>serio</strong></span> <span class='ocrx_word' id='word_1_261' title='bbox 653 1977 1033 2046; x_wconf 70' lang='lat' dir='ltr'><strong>profiteantur,</strong></span> <span class='ocrx_word' id='word_1_262' title='bbox 1063 1978 1208 2032; x_wconf 86' lang='lat' dir='ltr'><strong>scire</strong></span> <span class='ocrx_word' id='word_1_263' title='bbox 1237 1993 1296 2033; x_wconf 89' lang='lat' dir='ltr'><strong>se</strong></span> <span class='ocrx_word' id='word_1_264' title='bbox 1331 1977 1459 2032; x_wconf 91' lang='lat' dir='ltr'><strong>talia</strong></span> <span class='ocrx_word' id='word_1_265' title='bbox 1495 1993 1788 2045; x_wconf 79' lang='lat' dir='ltr'><strong>aggressos</strong></span> <span class='ocrx_word' id='word_1_266' title='bbox 1824 1977 2047 2032; x_wconf 89' lang='lat' dir='ltr'><strong>minime</strong></span> 
     </span>
    </p>
   </div>
   <div class='ocr_carea' id='block_1_37' title="bbox 2154 1965 3701 2046">
    <p class='ocr_par' dir='ltr' id='par_1_37' title="bbox 2154 1965 3701 2044">
     <span class='ocr_line' id='line_1_37' title="bbox 2154 1965 3701 2044; baseline -0.004 -18"><span class='ocrx_word' id='word_1_267' title='bbox 2154 1975 2410 2044; x_wconf 81' lang='grc' dir='ltr'><strong>ροῦντας,</strong></span> <span class='ocrx_word' id='word_1_268' title='bbox 2478 1974 2573 2026; x_wconf 75' lang='grc' dir='ltr'><strong>καὶ</strong></span> <span class='ocrx_word' id='word_1_269' title='bbox 2649 1969 2968 2038; x_wconf 78' lang='grc' dir='ltr'><strong>συνήδεσθαι</strong></span> <span class='ocrx_word' id='word_1_270' title='bbox 3035 1969 3134 2039; x_wconf 86' lang='grc' dir='ltr'><strong>τῆς</strong></span> <span class='ocrx_word' id='word_1_271' title='bbox 3202 1967 3361 2032; x_wconf 79' lang='grc' dir='ltr'><strong>ἀξίας</strong></span> <span class='ocrx_word' id='word_1_272' title='bbox 3417 1965 3701 2034; x_wconf 84' lang='grc' dir='ltr'><strong>ἀποτυγχά-</strong></span> 
     </span>
    </p>
   </div>
   <div class='ocr_carea' id='block_1_38' title="bbox 479 2057 2053 2141">
    <p class='ocr_par' dir='ltr' id='par_1_38' title="bbox 479 2067 2044 2141">
     <span class='ocr_line' id='line_1_38' title="bbox 479 2067 2044 2141; baseline 0.003 -23"><span class='ocrx_word' id='word_1_273' title='bbox 479 2083 663 2137; x_wconf 85' lang='lat' dir='ltr'><strong>parem</strong></span> <span class='ocrx_word' id='word_1_274' title='bbox 692 2067 886 2123; x_wconf 68' lang='lat' dir='ltr'><strong>aﬂ‘erre</strong></span> <span class='ocrx_word' id='word_1_275' title='bbox 915 2068 1174 2124; x_wconf 87' lang='lat' dir='ltr'><strong>dictionis</strong></span> <span class='ocrx_word' id='word_1_276' title='bbox 1203 2069 1606 2133; x_wconf 87' lang='lat' dir='ltr'><strong>excellentiam,</strong></span> <span class='ocrx_word' id='word_1_277' title='bbox 1641 2085 1741 2125; x_wconf 91' lang='lat' dir='ltr'><strong>nec</strong></span> <span class='ocrx_word' id='word_1_278' title='bbox 1773 2069 2044 2141; x_wconf 83' lang='lat' dir='ltr'><strong>indignari</strong></span> 
     </span>
    </p>
   </div>
   <div class='ocr_carea' id='block_1_39' title="bbox 2154 2057 3701 2141">
    <p class='ocr_par' dir='ltr' id='par_1_39' title="bbox 2154 2057 3701 2135">
     <span class='ocr_line' id='line_1_39' title="bbox 2154 2057 3701 2135; baseline -0.005 -19"><span class='ocrx_word' id='word_1_279' title='bbox 2154 2082 2355 2130; x_wconf 78' lang='grc' dir='ltr'><strong>νοντας,</strong></span> <span class='ocrx_word' id='word_1_280' title='bbox 2421 2063 2498 2135; x_wconf 77' lang='grc' dir='ltr'><strong>μὴ</strong></span> <span class='ocrx_word' id='word_1_281' title='bbox 2539 2063 2621 2116; x_wconf 85' lang='grc' dir='ltr'><strong>ὅτι</strong></span> <span class='ocrx_word' id='word_1_282' title='bbox 2678 2079 2742 2130; x_wconf 85' lang='grc' dir='ltr'><strong>γε</strong></span> <span class='ocrx_word' id='word_1_283' title='bbox 2791 2060 3169 2132; x_wconf 71' lang='grc' dir='ltr'><strong>δυσχεραίνειν</strong></span> <span class='ocrx_word' id='word_1_284' title='bbox 3218 2057 3297 2128; x_wconf 82' lang='grc' dir='ltr'><strong>τῷ</strong></span> <span class='ocrx_word' id='word_1_285' title='bbox 3343 2057 3558 2128; x_wconf 80' lang='grc' dir='ltr'><strong>μεγέθει</strong></span> <span class='ocrx_word' id='word_1_286' title='bbox 3605 2058 3701 2109; x_wconf 82' lang='grc' dir='ltr'><strong>τῶν</strong></span> 
     </span>
    </p>
   </div>
   <div class='ocr_carea' id='block_1_40' title="bbox 481 2160 2050 2231">
    <p class='ocr_par' dir='ltr' id='par_1_40' title="bbox 481 2160 2050 2231">
     <span class='ocr_line' id='line_1_40' title="bbox 481 2160 2050 2231; baseline 0.003 -20"><span class='ocrx_word' id='word_1_287' title='bbox 481 2172 760 2230; x_wconf 89' lang='lat' dir='ltr'><strong>tamquam</strong></span> <span class='ocrx_word' id='word_1_288' title='bbox 792 2160 1009 2216; x_wconf 85' lang='lat' dir='ltr'><strong>invidos</strong></span> <span class='ocrx_word' id='word_1_289' title='bbox 1038 2175 1228 2216; x_wconf 91' lang='lat' dir='ltr'><strong>eorum</strong></span> <span class='ocrx_word' id='word_1_290' title='bbox 1275 2177 1398 2231; x_wconf 69' lang='lat' dir='ltr'><strong>quae</strong></span> <span class='ocrx_word' id='word_1_291' title='bbox 1445 2173 1572 2216; x_wconf 81' lang='lat' dir='ltr'><strong>sunt</strong></span> <span class='ocrx_word' id='word_1_292' title='bbox 1616 2162 1891 2217; x_wconf 84' lang='lat' dir='ltr'><strong>laudanda</strong></span> <span class='ocrx_word' id='word_1_293' title='bbox 1934 2177 2050 2216; x_wconf 89' lang='lat' dir='ltr'><strong>ma-</strong></span> 
     </span>
    </p>
   </div>
   <div class='ocr_carea' id='block_1_41' title="bbox 479 2253 2053 2323">
    <p class='ocr_par' dir='ltr' id='par_1_41' title="bbox 479 2253 2053 2323">
     <span class='ocr_line' id='line_1_41' title="bbox 479 2253 2053 2323; baseline 0.001 -18"><span class='ocrx_word' id='word_1_294' title='bbox 479 2253 777 2322; x_wconf 86' lang='lat' dir='ltr'><strong>gnitudini,</strong></span> <span class='ocrx_word' id='word_1_295' title='bbox 815 2268 940 2308; x_wconf 91' lang='lat' dir='ltr'><strong>cum</strong></span> <span class='ocrx_word' id='word_1_296' title='bbox 972 2253 1108 2307; x_wconf 82' lang='lat' dir='ltr'><strong>nihil</strong></span> <span class='ocrx_word' id='word_1_297' title='bbox 1152 2262 1348 2323; x_wconf 73' lang='lat' dir='ltr'><strong>praeter</strong></span> <span class='ocrx_word' id='word_1_298' title='bbox 1377 2269 1530 2308; x_wconf 88' lang='lat' dir='ltr'><strong>suam</strong></span> <span class='ocrx_word' id='word_1_299' title='bbox 1563 2253 1874 2323; x_wconf 81' lang='lat' dir='ltr'><strong>Opinionem</strong></span> <span class='ocrx_word' id='word_1_300' title='bbox 1907 2253 2053 2309; x_wconf 88' lang='lat' dir='ltr'><strong>acci-</strong></span> 
     </span>
    </p>
   </div>
   <div class='ocr_carea' id='block_1_42' title="bbox 477 2344 2049 2414">
    <p class='ocr_par' dir='ltr' id='par_1_42' title="bbox 477 2344 2049 2414">
     <span class='ocr_line' id='line_1_42' title="bbox 477 2344 2049 2414; baseline -0.001 -15"><span class='ocrx_word' id='word_1_301' title='bbox 477 2345 592 2410; x_wconf 87' lang='lat' dir='ltr'><strong>dat,</strong></span> <span class='ocrx_word' id='word_1_302' title='bbox 627 2344 898 2414; x_wconf 83' lang='lat' dir='ltr'><strong>siquidem</strong></span> <span class='ocrx_word' id='word_1_303' title='bbox 933 2360 1038 2398; x_wconf 93' lang='lat' dir='ltr'><strong>non</strong></span> <span class='ocrx_word' id='word_1_304' title='bbox 1067 2359 1146 2410; x_wconf 86' lang='lat' dir='ltr'><strong>se,</strong></span> <span class='ocrx_word' id='word_1_305' title='bbox 1177 2345 1273 2400; x_wconf 91' lang='lat' dir='ltr'><strong>sed</strong></span> <span class='ocrx_word' id='word_1_306' title='bbox 1303 2345 1450 2413; x_wconf 91' lang='lat' dir='ltr'><strong>ipsas</strong></span> <span class='ocrx_word' id='word_1_307' title='bbox 1479 2361 1565 2399; x_wconf 82' lang='lat' dir='ltr'><strong>res</strong></span> <span class='ocrx_word' id='word_1_308' title='bbox 1598 2345 1874 2400; x_wconf 85' lang='lat' dir='ltr'><strong>voluerint</strong></span> <span class='ocrx_word' id='word_1_309' title='bbox 1913 2359 2049 2414; x_wconf 66' lang='lat' dir='ltr'><strong>prae-</strong></span> 
     </span>
    </p>
   </div>
   <div class='ocr_carea' id='block_1_43' title="bbox 480 2437 2053 2508">
    <p class='ocr_par' dir='ltr' id='par_1_43' title="bbox 480 2437 2053 2508">
     <span class='ocr_line' id='line_1_43' title="bbox 480 2437 2053 2508; baseline 0.001 -18"><span class='ocrx_word' id='word_1_310' title='bbox 480 2437 686 2494; x_wconf 86' lang='lat' dir='ltr'><strong>dicare.</strong></span> <span class='ocrx_word' id='word_1_311' title='bbox 708 2437 824 2492; x_wconf 81' lang='lat' dir='ltr'><strong>imo</strong></span> <span class='ocrx_word' id='word_1_312' title='bbox 845 2452 976 2494; x_wconf 79' lang='lat' dir='ltr'><strong>vero</strong></span> <span class='ocrx_word' id='word_1_313' title='bbox 995 2438 1176 2508; x_wconf 88' lang='lat' dir='ltr'><strong>potius</strong></span> <span class='ocrx_word' id='word_1_314' title='bbox 1200 2439 1460 2492; x_wconf 80' lang='lat' dir='ltr'><strong>convenit</strong></span> <span class='ocrx_word' id='word_1_315' title='bbox 1480 2454 1540 2493; x_wconf 88' lang='lat' dir='ltr'><strong>ea</strong></span> <span class='ocrx_word' id='word_1_316' title='bbox 1567 2439 1847 2492; x_wconf 88' lang='lat' dir='ltr'><strong>tractanda</strong></span> <span class='ocrx_word' id='word_1_317' title='bbox 1873 2437 2053 2492; x_wconf 87' lang='lat' dir='ltr'><strong>susci-</strong></span> 
     </span>
    </p>
   </div>
   <div class='ocr_carea' id='block_1_44' title="bbox 484 2527 2052 2598">
    <p class='ocr_par' dir='ltr' id='par_1_44' title="bbox 484 2527 2052 2598">
     <span class='ocr_line' id='line_1_44' title="bbox 484 2527 2052 2598; baseline 0 -16"><span class='ocrx_word' id='word_1_318' title='bbox 484 2543 632 2596; x_wconf 89' lang='lat' dir='ltr'><strong>pere,</strong></span> <span class='ocrx_word' id='word_1_319' title='bbox 675 2543 908 2598; x_wconf 93' lang='lat' dir='ltr'><strong>quorum</strong></span> <span class='ocrx_word' id='word_1_320' title='bbox 949 2527 1051 2582; x_wconf 89' lang='lat' dir='ltr'><strong>hoc</strong></span> <span class='ocrx_word' id='word_1_321' title='bbox 1099 2527 1218 2598; x_wconf 89' lang='lat' dir='ltr'><strong>ipso</strong></span> <span class='ocrx_word' id='word_1_322' title='bbox 1247 2527 1455 2582; x_wconf 88' lang='lat' dir='ltr'><strong>clarius</strong></span> <span class='ocrx_word' id='word_1_323' title='bbox 1490 2527 1764 2582; x_wconf 84' lang='lat' dir='ltr'><strong>elucesret</strong></span> <span class='ocrx_word' id='word_1_324' title='bbox 1794 2528 2052 2597; x_wconf 83' lang='lat' dir='ltr'><strong>dignitas,</strong></span> 
     </span>
    </p>
   </div>
   <div class='ocr_carea' id='block_1_45' title="bbox 482 2618 2055 2691">
    <p class='ocr_par' dir='ltr' id='par_1_45' title="bbox 482 2618 2055 2691">
     <span class='ocr_line' id='line_1_45' title="bbox 482 2618 2055 2691; baseline 0.001 -17"><span class='ocrx_word' id='word_1_325' title='bbox 482 2619 628 2691; x_wconf 91' lang='lat' dir='ltr'><strong>quod</strong></span> <span class='ocrx_word' id='word_1_326' title='bbox 679 2619 746 2674; x_wconf 91' lang='lat' dir='ltr'><strong>iis</strong></span> <span class='ocrx_word' id='word_1_327' title='bbox 805 2618 1033 2674; x_wconf 80' lang='lat' dir='ltr'><strong>inferior</strong></span> <span class='ocrx_word' id='word_1_328' title='bbox 1084 2628 1268 2673; x_wconf 89' lang='lat' dir='ltr'><strong>nostra</strong></span> <span class='ocrx_word' id='word_1_329' title='bbox 1317 2619 1388 2673; x_wconf 81' lang='lat' dir='ltr'><strong>sit</strong></span> <span class='ocrx_word' id='word_1_330' title='bbox 1441 2622 1640 2674; x_wconf 87' lang='lat' dir='ltr'><strong>oratio.</strong></span> <span class='ocrx_word' id='word_1_331' title='bbox 1697 2620 1854 2685; x_wconf 85' lang='lat' dir='ltr'><strong>Quod</strong></span> <span class='ocrx_word' id='word_1_332' title='bbox 1899 2620 1948 2675; x_wconf 89' lang='lat' dir='ltr'><strong>si</strong></span> <span class='ocrx_word' id='word_1_333' title='bbox 1988 2621 2055 2675; x_wconf 85' lang='lat' dir='ltr'><strong>de</strong></span> 
     </span>
    </p>
   </div>
   <div class='ocr_carea' id='block_1_46' title="bbox 482 2708 2052 2775">
    <p class='ocr_par' dir='ltr' id='par_1_46' title="bbox 482 2708 2052 2775">
     <span class='ocr_line' id='line_1_46' title="bbox 482 2708 2052 2775; baseline -0.001 -11"><span class='ocrx_word' id='word_1_334' title='bbox 482 2709 739 2765; x_wconf 86' lang='lat' dir='ltr'><strong>omnibus</strong></span> <span class='ocrx_word' id='word_1_335' title='bbox 767 2708 1084 2765; x_wconf 86' lang='lat' dir='ltr'><strong>istiusmodi</strong></span> <span class='ocrx_word' id='word_1_336' title='bbox 1117 2710 1282 2762; x_wconf 91' lang='lat' dir='ltr'><strong>rebus</strong></span> <span class='ocrx_word' id='word_1_337' title='bbox 1319 2708 1435 2762; x_wconf 76' lang='lat' dir='ltr'><strong>hzec</strong></span> <span class='ocrx_word' id='word_1_338' title='bbox 1471 2725 1701 2764; x_wconf 86' lang='lat' dir='ltr'><strong>necesse</strong></span> <span class='ocrx_word' id='word_1_339' title='bbox 1731 2720 1814 2763; x_wconf 89' lang='lat' dir='ltr'><strong>est</strong></span> <span class='ocrx_word' id='word_1_340' title='bbox 1849 2710 2052 2775; x_wconf 81' lang='lat' dir='ltr'><strong>dicere;</strong></span> 
     </span>
    </p>
   </div>
   <div class='ocr_carea' id='block_1_47' title="bbox 483 2801 2057 2872">
    <p class='ocr_par' dir='ltr' id='par_1_47' title="bbox 483 2801 2057 2872">
     <span class='ocr_line' id='line_1_47' title="bbox 483 2801 2057 2872; baseline 0 -16"><span class='ocrx_word' id='word_1_341' title='bbox 483 2817 705 2857; x_wconf 83' lang='lat' dir='ltr'><strong>manum</strong></span> <span class='ocrx_word' id='word_1_342' title='bbox 739 2803 894 2869; x_wconf 88' lang='lat' dir='ltr'><strong>mihi,</strong></span> <span class='ocrx_word' id='word_1_343' title='bbox 931 2803 1075 2856; x_wconf 90' lang='lat' dir='ltr'><strong>sicut</strong></span> <span class='ocrx_word' id='word_1_344' title='bbox 1113 2802 1168 2856; x_wconf 93' lang='lat' dir='ltr'><strong>in</strong></span> <span class='ocrx_word' id='word_1_345' title='bbox 1201 2801 1326 2855; x_wconf 89' lang='lat' dir='ltr'><strong>aliis</strong></span> <span class='ocrx_word' id='word_1_346' title='bbox 1365 2802 1620 2857; x_wconf 89' lang='lat' dir='ltr'><strong>omnibus</strong></span> <span class='ocrx_word' id='word_1_347' title='bbox 1658 2841 1671 2864; x_wconf 91' lang='lat'>.</span> <span class='ocrx_word' id='word_1_348' title='bbox 1717 2803 1804 2857; x_wconf 84' lang='lat' dir='ltr'><strong>hic</strong></span> <span class='ocrx_word' id='word_1_349' title='bbox 1837 2817 2057 2872; x_wconf 84' lang='lat' dir='ltr'><strong>quoque</strong></span> 
     </span>
    </p>
   </div>
   <div class='ocr_carea' id='block_1_48' title="bbox 483 2889 2058 2958">
    <p class='ocr_par' dir='ltr' id='par_1_48' title="bbox 483 2889 2058 2958">
     <span class='ocr_line' id='line_1_48' title="bbox 483 2889 2058 2958; baseline 0.001 -18"><span class='ocrx_word' id='word_1_350' title='bbox 483 2891 728 2958; x_wconf 75' lang='lat' dir='ltr'><strong>porrigat</strong></span> <span class='ocrx_word' id='word_1_351' title='bbox 753 2889 1064 2952; x_wconf 77' lang='lat' dir='ltr'><strong>Theodoro,</strong></span> <span class='ocrx_word' id='word_1_352' title='bbox 1092 2905 1270 2956; x_wconf 86' lang='lat' dir='ltr'><strong>neque</strong></span> <span class='ocrx_word' id='word_1_353' title='bbox 1301 2890 1578 2958; x_wconf 88' lang='lat' dir='ltr'><strong>permittat</strong></span> <span class='ocrx_word' id='word_1_354' title='bbox 1607 2905 1890 2944; x_wconf 85' lang='lat' dir='ltr'><strong>sermones</strong></span> <span class='ocrx_word' id='word_1_355' title='bbox 1919 2891 2058 2944; x_wconf 88' lang='lat' dir='ltr'><strong>mul-</strong></span> 
     </span>
    </p>
   </div>
   <div class='ocr_carea' id='block_1_49' title="bbox 483 2981 2067 3054">
    <p class='ocr_par' dir='ltr' id='par_1_49' title="bbox 483 2981 2067 3054">
     <span class='ocr_line' id='line_1_49' title="bbox 483 2981 2067 3054; baseline 0.003 -19"><span class='ocrx_word' id='word_1_356' title='bbox 483 2992 598 3036; x_wconf 91' lang='lat' dir='ltr'><strong>tum</strong></span> <span class='ocrx_word' id='word_1_357' title='bbox 634 2982 928 3039; x_wconf 80' lang='lat' dir='ltr'><strong>inferiores</strong></span> <span class='ocrx_word' id='word_1_358' title='bbox 967 2983 1134 3036; x_wconf 85' lang='lat' dir='ltr'><strong>videri</strong></span> <span class='ocrx_word' id='word_1_359' title='bbox 1167 2981 1235 3036; x_wconf 90' lang='lat' dir='ltr'><strong>iis</strong></span> <span class='ocrx_word' id='word_1_360' title='bbox 1257 3023 1270 3045; x_wconf 96' lang='lat'><strong>,</strong></span> <span class='ocrx_word' id='word_1_361' title='bbox 1319 2997 1460 3051; x_wconf 88' lang='lat' dir='ltr'><strong>quos</strong></span> <span class='ocrx_word' id='word_1_362' title='bbox 1489 2983 1580 3037; x_wconf 88' lang='lat' dir='ltr'><strong>alii</strong></span> <span class='ocrx_word' id='word_1_363' title='bbox 1612 2983 1679 3038; x_wconf 89' lang='lat' dir='ltr'><strong>de</strong></span> <span class='ocrx_word' id='word_1_364' title='bbox 1723 2983 1838 3053; x_wconf 81' lang='lat' dir='ltr'><strong>ipsa</strong></span> <span class='ocrx_word' id='word_1_365' title='bbox 1867 2993 2067 3054; x_wconf 59' lang='lat' dir='ltr'><strong>protua</strong></span> 
     </span>
    </p>
   </div>
   <div class='ocr_carea' id='block_1_50' title="bbox 481 3074 2060 3145">
    <p class='ocr_par' dir='ltr' id='par_1_50' title="bbox 481 3074 2060 3145">
     <span class='ocr_line' id='line_1_50' title="bbox 481 3074 2060 3145; baseline 0.004 -21"><span class='ocrx_word' id='word_1_366' title='bbox 481 3074 620 3139; x_wconf 83' lang='lat' dir='ltr'><strong>lere;</strong></span> <span class='ocrx_word' id='word_1_367' title='bbox 662 3075 914 3143; x_wconf 86' lang='lat' dir='ltr'><strong>quamvis</strong></span> <span class='ocrx_word' id='word_1_368' title='bbox 954 3074 1182 3129; x_wconf 91' lang='lat' dir='ltr'><strong>omnino</strong></span> <span class='ocrx_word' id='word_1_369' title='bbox 1237 3083 1489 3144; x_wconf 89' lang='lat' dir='ltr'><strong>oporteat</strong></span> <span class='ocrx_word' id='word_1_370' title='bbox 1535 3074 1658 3130; x_wconf 91' lang='lat' dir='ltr'><strong>illos</strong></span> <span class='ocrx_word' id='word_1_371' title='bbox 1705 3076 1950 3145; x_wconf 89' lang='lat' dir='ltr'><strong>superari</strong></span> <span class='ocrx_word' id='word_1_372' title='bbox 1993 3076 2060 3131; x_wconf 89' lang='lat' dir='ltr'><strong>ab</strong></span> 
     </span>
    </p>
   </div>
   <div class='ocr_carea' id='block_1_51' title="bbox 484 3164 1649 3237">
    <p class='ocr_par' dir='ltr' id='par_1_51' title="bbox 484 3164 1649 3237">
     <span class='ocr_line' id='line_1_51' title="bbox 484 3164 1649 3237; baseline 0.002 -19"><span class='ocrx_word' id='word_1_373' title='bbox 484 3164 572 3232; x_wconf 86' lang='lat' dir='ltr'><strong>iis,</strong></span> <span class='ocrx_word' id='word_1_374' title='bbox 612 3166 814 3236; x_wconf 84' lang='lat' dir='ltr'><strong>quibus</strong></span> <span class='ocrx_word' id='word_1_375' title='bbox 844 3166 963 3237; x_wconf 84' lang='lat' dir='ltr'><strong>ipsa</strong></span> <span class='ocrx_word' id='word_1_376' title='bbox 993 3165 1272 3222; x_wconf 86' lang='lat' dir='ltr'><strong>cumulata</strong></span> <span class='ocrx_word' id='word_1_377' title='bbox 1300 3176 1405 3232; x_wconf 86' lang='lat' dir='ltr'><strong>est,</strong></span> <span class='ocrx_word' id='word_1_378' title='bbox 1437 3165 1649 3236; x_wconf 87' lang='lat' dir='ltr'><strong>gratiis.</strong></span> 
     </span>
    </p>
   </div>
   <div class='ocr_carea' id='block_1_52' title="bbox 2149 2150 3699 2224">
    <p class='ocr_par' dir='ltr' id='par_1_52' title="bbox 2149 2150 3699 2224">
     <span class='ocr_line' id='line_1_52' title="bbox 2149 2150 3699 2224; baseline -0.003 -16"><span class='ocrx_word' id='word_1_379' title='bbox 2149 2155 2526 2223; x_wconf 77' lang='grc' dir='ltr'><strong>ὲπαινομένων</strong></span> <span class='ocrx_word' id='word_1_380' title='bbox 2567 2152 2759 2224; x_wconf 84' lang='grc' dir='ltr'><strong>ὥσπερ</strong></span> <span class='ocrx_word' id='word_1_381' title='bbox 2794 2151 3127 2221; x_wconf 81' lang='grc' dir='ltr'><strong>φθονοῦντας</strong></span> <span class='ocrx_word' id='word_1_382' title='bbox 3148 2167 3164 2182; x_wconf 73' lang='grc'><strong><em>⁸</em></strong></span> <span class='ocrx_word' id='word_1_383' title='bbox 3199 2151 3268 2204; x_wconf 87' lang='grc' dir='ltr'><strong>τά</strong></span> <span class='ocrx_word' id='word_1_384' title='bbox 3300 2151 3406 2220; x_wconf 83' lang='grc' dir='ltr'><strong>γὰρ</strong></span> <span class='ocrx_word' id='word_1_385' title='bbox 3442 2150 3584 2219; x_wconf 72' lang='grc' dir='ltr'><strong>παρὰ</strong></span> <span class='ocrx_word' id='word_1_386' title='bbox 3615 2153 3699 2218; x_wconf 78' lang='grc' dir='ltr'><strong>τῆς</strong></span> 
     </span>
    </p>
   </div>
   <div class='ocr_carea' id='block_1_53' title="bbox 2151 2241 3701 2314">
    <p class='ocr_par' dir='ltr' id='par_1_53' title="bbox 2151 2241 3701 2314">
     <span class='ocr_line' id='line_1_53' title="bbox 2151 2241 3701 2314; baseline -0.003 -17"><span class='ocrx_word' id='word_1_387' title='bbox 2151 2245 2376 2313; x_wconf 81' lang='grc' dir='ltr'><strong>γνώμης</strong></span> <span class='ocrx_word' id='word_1_388' title='bbox 2399 2246 2726 2312; x_wconf 79' lang='grc' dir='ltr'><strong>συμπίπτει,</strong></span> <span class='ocrx_word' id='word_1_389' title='bbox 2757 2245 2915 2312; x_wconf 84' lang='grc' dir='ltr'><strong>είπερ</strong></span> <span class='ocrx_word' id='word_1_390' title='bbox 2937 2244 3033 2313; x_wconf 84' lang='grc' dir='ltr'><strong>οὐχ</strong></span> <span class='ocrx_word' id='word_1_391' title='bbox 3053 2244 3194 2313; x_wconf 85' lang='grc' dir='ltr'><strong>ὑπὲρ</strong></span> <span class='ocrx_word' id='word_1_392' title='bbox 3223 2243 3374 2314; x_wconf 80' lang='grc' dir='ltr'><strong>σφῶν</strong></span> <span class='ocrx_word' id='word_1_393' title='bbox 3395 2242 3584 2308; x_wconf 77' lang='grc' dir='ltr'><strong>αὐτῶν,</strong></span> <span class='ocrx_word' id='word_1_394' title='bbox 3602 2241 3701 2294; x_wconf 79' lang='grc' dir='ltr'><strong>ἀλλ’</strong></span> 
     </span>
    </p>
   </div>
   <div class='ocr_carea' id='block_1_54' title="bbox 2152 2332 3700 2408">
    <p class='ocr_par' dir='ltr' id='par_1_54' title="bbox 2152 2332 3700 2408">
     <span class='ocr_line' id='line_1_54' title="bbox 2152 2332 3700 2408; baseline -0.002 -19"><span class='ocrx_word' id='word_1_395' title='bbox 2152 2337 2294 2408; x_wconf 85' lang='grc' dir='ltr'><strong>ὑπὲρ</strong></span> <span class='ocrx_word' id='word_1_396' title='bbox 2338 2337 2448 2389; x_wconf 86' lang='grc' dir='ltr'><strong>τῶν</strong></span> <span class='ocrx_word' id='word_1_397' title='bbox 2484 2336 2832 2408; x_wconf 86' lang='grc' dir='ltr'><strong>πραγμάτων</strong></span> <span class='ocrx_word' id='word_1_398' title='bbox 2874 2338 2903 2388; x_wconf 85' lang='grc' dir='ltr'>ὁ</span> <span class='ocrx_word' id='word_1_399' title='bbox 2939 2334 3098 2402; x_wconf 83' lang='grc' dir='ltr'><strong>λόγος</strong></span> <span class='ocrx_word' id='word_1_400' title='bbox 3129 2335 3335 2398; x_wconf 78' lang='grc' dir='ltr'><strong>αὐτοῖς.</strong></span> <span class='ocrx_word' id='word_1_401' title='bbox 3371 2333 3433 2386; x_wconf 85' lang='lat' dir='ltr'><strong>El</strong></span> <span class='ocrx_word' id='word_1_402' title='bbox 3480 2333 3580 2403; x_wconf 89' lang='grc' dir='ltr'><strong>γάρ</strong></span> <span class='ocrx_word' id='word_1_403' title='bbox 3609 2332 3700 2402; x_wconf 78' lang='grc' dir='ltr'><strong>χρὴ</strong></span> 
     </span>
    </p>
   </div>
   <div class='ocr_carea' id='block_1_55' title="bbox 2151 2423 3699 2498">
    <p class='ocr_par' dir='ltr' id='par_1_55' title="bbox 2151 2423 3699 2498">
     <span class='ocr_line' id='line_1_55' title="bbox 2151 2423 3699 2498; baseline -0.005 -17"><span class='ocrx_word' id='word_1_404' title='bbox 2151 2428 2383 2498; x_wconf 81' lang='grc' dir='ltr'><strong>τάληθὲς</strong></span> <span class='ocrx_word' id='word_1_405' title='bbox 2426 2429 2623 2492; x_wconf 75' lang='grc' dir='ltr'><strong>εἰπεῖν,</strong></span> <span class='ocrx_word' id='word_1_406' title='bbox 2655 2427 2887 2490; x_wconf 67' lang='grc' dir='ltr'><strong>ἐκείνοις</strong></span> <span class='ocrx_word' id='word_1_407' title='bbox 2918 2428 3194 2496; x_wconf 72' lang='grc' dir='ltr'><strong>ἐγχειρεῖν</strong></span> <span class='ocrx_word' id='word_1_408' title='bbox 3226 2426 3462 2496; x_wconf 84' lang='grc' dir='ltr'><strong>μάλιστα</strong></span> <span class='ocrx_word' id='word_1_409' title='bbox 3488 2425 3587 2478; x_wconf 86' lang='grc' dir='ltr'><strong>τῶν</strong></span> <span class='ocrx_word' id='word_1_410' title='bbox 3615 2423 3699 2476; x_wconf 83' lang='grc' dir='ltr'><strong>ἀλ-</strong></span> 
     </span>
    </p>
   </div>
   <div class='ocr_carea' id='block_1_56' title="bbox 2151 2516 3704 2590">
    <p class='ocr_par' dir='ltr' id='par_1_56' title="bbox 2151 2516 3704 2590">
     <span class='ocr_line' id='line_1_56' title="bbox 2151 2516 3704 2590; baseline -0.003 -16"><span class='ocrx_word' id='word_1_411' title='bbox 2151 2520 2260 2574; x_wconf 85' lang='grc' dir='ltr'><strong>λων</strong></span> <span class='ocrx_word' id='word_1_412' title='bbox 2291 2521 2585 2590; x_wconf 80' lang='grc' dir='ltr'><strong>προσήκει,</strong></span> <span class='ocrx_word' id='word_1_413' title='bbox 2618 2521 2763 2590; x_wconf 81' lang='grc' dir='ltr'><strong>άπερ</strong></span> <span class='ocrx_word' id='word_1_414' title='bbox 2794 2519 2861 2573; x_wconf 81' lang='grc' dir='ltr'><strong>ἂν</strong></span> <span class='ocrx_word' id='word_1_415' title='bbox 2891 2517 3233 2589; x_wconf 78' lang='grc' dir='ltr'><strong>ἡττωμένοις</strong></span> <span class='ocrx_word' id='word_1_416' title='bbox 3267 2521 3380 2582; x_wconf 86' lang='grc' dir='ltr'><strong>τοῖς</strong></span> <span class='ocrx_word' id='word_1_417' title='bbox 3409 2518 3578 2586; x_wconf 81' lang='grc' dir='ltr'><strong>λόγοις</strong></span> <span class='ocrx_word' id='word_1_418' title='bbox 3607 2516 3704 2579; x_wconf 78' lang='grc' dir='ltr'><strong>ἑξε-</strong></span> 
     </span>
    </p>
   </div>
   <div class='ocr_carea' id='block_1_57' title="bbox 2152 2609 3704 2685">
    <p class='ocr_par' dir='ltr' id='par_1_57' title="bbox 2152 2609 3704 2685">
     <span class='ocr_line' id='line_1_57' title="bbox 2152 2609 3704 2685; baseline -0.005 -18"><span class='ocrx_word' id='word_1_419' title='bbox 2152 2615 2318 2685; x_wconf 81' lang='grc' dir='ltr'><strong>λέγξη</strong></span> <span class='ocrx_word' id='word_1_420' title='bbox 2350 2614 2622 2684; x_wconf 78' lang='grc' dir='ltr'><strong>φανερῶς.</strong></span> <span class='ocrx_word' id='word_1_421' title='bbox 2671 2612 2824 2666; x_wconf 79' lang='grc' dir='ltr'><strong>Ἐπεὶ</strong></span> <span class='ocrx_word' id='word_1_422' title='bbox 2853 2611 2910 2666; x_wconf 79' lang='grc' dir='ltr'><strong>δὲ</strong></span> <span class='ocrx_word' id='word_1_423' title='bbox 2937 2611 3083 2676; x_wconf 82' lang='grc' dir='ltr'><strong>οὕτω</strong></span> <span class='ocrx_word' id='word_1_424' title='bbox 3113 2609 3293 2666; x_wconf 80' lang='grc' dir='ltr'><strong>ταῦτα</strong></span> <span class='ocrx_word' id='word_1_425' title='bbox 3322 2612 3416 2665; x_wconf 70' lang='grc' dir='ltr'><strong>καὶ</strong></span> <span class='ocrx_word' id='word_1_426' title='bbox 3439 2612 3606 2678; x_wconf 82' lang='grc' dir='ltr'><strong>λέγειν</strong></span> <span class='ocrx_word' id='word_1_427' title='bbox 3631 2609 3704 2662; x_wconf 70' lang='grc' dir='ltr'><strong>διὰ</strong></span> 
     </span>
    </p>
   </div>
   <div class='ocr_carea' id='block_1_58' title="bbox 2157 2702 3703 2774">
    <p class='ocr_par' dir='ltr' id='par_1_58' title="bbox 2157 2702 3703 2774">
     <span class='ocr_line' id='line_1_58' title="bbox 2157 2702 3703 2774; baseline -0.003 -18"><span class='ocrx_word' id='word_1_428' title='bbox 2157 2708 2375 2760; x_wconf 86' lang='grc' dir='ltr'><strong>πάντων</strong></span> <span class='ocrx_word' id='word_1_429' title='bbox 2400 2707 2638 2774; x_wconf 80' lang='grc' dir='ltr'><strong>ἀνάγκη,</strong></span> <span class='ocrx_word' id='word_1_430' title='bbox 2663 2702 2918 2772; x_wconf 83' lang='grc' dir='ltr'><strong>Θεοδὼρα</strong></span> <span class='ocrx_word' id='word_1_431' title='bbox 2951 2704 3070 2774; x_wconf 74' lang='grc' dir='ltr'><strong>μὲν,</strong></span> <span class='ocrx_word' id='word_1_432' title='bbox 3101 2704 3357 2774; x_wconf 84' lang='grc' dir='ltr'><strong>καθάπερ</strong></span> <span class='ocrx_word' id='word_1_433' title='bbox 3381 2705 3435 2756; x_wconf 82' lang='grc' dir='ltr'><strong>ὲν</strong></span> <span class='ocrx_word' id='word_1_434' title='bbox 3467 2705 3591 2755; x_wconf 80' lang='grc' dir='ltr'><strong>πᾶσι</strong></span> <span class='ocrx_word' id='word_1_435' title='bbox 3609 2703 3703 2761; x_wconf 84' lang='grc' dir='ltr'><strong>τοῖς</strong></span> 
     </span>
    </p>
   </div>
   <div class='ocr_carea' id='block_1_59' title="bbox 2157 2792 3700 2866">
    <p class='ocr_par' dir='ltr' id='par_1_59' title="bbox 2157 2792 3700 2866">
     <span class='ocr_line' id='line_1_59' title="bbox 2157 2792 3700 2866; baseline -0.005 -16"><span class='ocrx_word' id='word_1_436' title='bbox 2157 2797 2362 2863; x_wconf 76' lang='grc' dir='ltr'><strong>ἄλλοις,</strong></span> <span class='ocrx_word' id='word_1_437' title='bbox 2400 2796 2574 2861; x_wconf 77' lang='grc' dir='ltr'><strong>οὕτως</strong></span> <span class='ocrx_word' id='word_1_438' title='bbox 2608 2798 2742 2866; x_wconf 74' lang='grc' dir='ltr'><strong>ἡμῖν</strong></span> <span class='ocrx_word' id='word_1_439' title='bbox 2774 2795 3052 2850; x_wconf 82' lang='grc' dir='ltr'><strong>κάνταῦθα</strong></span> <span class='ocrx_word' id='word_1_440' title='bbox 3079 2799 3244 2866; x_wconf 85' lang='grc' dir='ltr'><strong>χεῖρα</strong></span> <span class='ocrx_word' id='word_1_441' title='bbox 3273 2797 3474 2866; x_wconf 81' lang='grc' dir='ltr'><strong>όρέξοι,</strong></span> <span class='ocrx_word' id='word_1_442' title='bbox 3505 2794 3591 2848; x_wconf 86' lang='grc' dir='ltr'><strong>καὶ</strong></span> <span class='ocrx_word' id='word_1_443' title='bbox 3616 2792 3700 2845; x_wconf 85' lang='grc' dir='ltr'><strong>οὐκ</strong></span> 
     </span>
    </p>
   </div>
   <div class='ocr_carea' id='block_1_60' title="bbox 2159 2884 3704 2958">
    <p class='ocr_par' dir='ltr' id='par_1_60' title="bbox 2159 2884 3704 2958">
     <span class='ocr_line' id='line_1_60' title="bbox 2159 2884 3704 2958; baseline -0.003 -16"><span class='ocrx_word' id='word_1_444' title='bbox 2159 2891 2308 2944; x_wconf 75' lang='grc' dir='ltr'><strong>ἐάσοι</strong></span> <span class='ocrx_word' id='word_1_445' title='bbox 2338 2891 2462 2953; x_wconf 77' lang='grc' dir='ltr'><strong>τοὺς</strong></span> <span class='ocrx_word' id='word_1_446' title='bbox 2493 2889 2681 2957; x_wconf 87' lang='grc' dir='ltr'><strong>λόγους</strong></span> <span class='ocrx_word' id='word_1_447' title='bbox 2713 2889 2912 2958; x_wconf 73' lang='grc' dir='ltr'><strong>ἥττους</strong></span> <span class='ocrx_word' id='word_1_448' title='bbox 2950 2886 3129 2956; x_wconf 81' lang='grc' dir='ltr'><strong>πολλῷ</strong></span> <span class='ocrx_word' id='word_1_449' title='bbox 3153 2889 3391 2958; x_wconf 79' lang='grc' dir='ltr'><strong>φανῆναι</strong></span> <span class='ocrx_word' id='word_1_450' title='bbox 3419 2888 3521 2940; x_wconf 86' lang='grc' dir='ltr'><strong>τῶν</strong></span> <span class='ocrx_word' id='word_1_451' title='bbox 3549 2884 3704 2941; x_wconf 73' lang='grc' dir='ltr'><strong>ἄλλων</strong></span> 
     </span>
    </p>
   </div>
   <div class='ocr_carea' id='block_1_61' title="bbox 2162 2980 3706 3054">
    <p class='ocr_par' dir='ltr' id='par_1_61' title="bbox 2162 2980 3706 3054">
     <span class='ocr_line' id='line_1_61' title="bbox 2162 2980 3706 3054; baseline -0.003 -18"><span class='ocrx_word' id='word_1_452' title='bbox 2162 2984 2288 3053; x_wconf 72' lang='grc' dir='ltr'><strong>περὶ</strong></span> <span class='ocrx_word' id='word_1_453' title='bbox 2317 2983 2488 3052; x_wconf 78' lang='grc' dir='ltr'><strong>αὐτῆς</strong></span> <span class='ocrx_word' id='word_1_454' title='bbox 2516 2981 2846 3054; x_wconf 69' lang='grc' dir='ltr'><strong>εἰρημένων,</strong></span> <span class='ocrx_word' id='word_1_455' title='bbox 2873 2980 3042 3035; x_wconf 65' lang='grc' dir='ltr'>κᾶνεί</span> <span class='ocrx_word' id='word_1_456' title='bbox 3071 2980 3180 3035; x_wconf 87' lang='grc' dir='ltr'><strong>τῶν</strong></span> <span class='ocrx_word' id='word_1_457' title='bbox 3199 2983 3216 3002; x_wconf 82' lang='grc'>⁶</span> <span class='ocrx_word' id='word_1_458' title='bbox 3247 2981 3417 3054; x_wconf 78' lang='grc' dir='ltr'><strong>αὐτῆς</strong></span> <span class='ocrx_word' id='word_1_459' title='bbox 3435 2981 3706 3054; x_wconf 78' lang='grc' dir='ltr'><strong>ἡττηθῆναι</strong></span> 
     </span>
    </p>
   </div>
   <div class='ocr_carea' id='block_1_62' title="bbox 2161 3073 2577 3144">
    <p class='ocr_par' dir='ltr' id='par_1_62' title="bbox 2161 3073 2577 3144">
     <span class='ocr_line' id='line_1_62' title="bbox 2161 3073 2577 3144; baseline 0.017 -19"><span class='ocrx_word' id='word_1_460' title='bbox 2161 3074 2316 3129; x_wconf 80' lang='grc' dir='ltr'><strong>πᾶσα</strong></span> <span class='ocrx_word' id='word_1_461' title='bbox 2343 3073 2577 3144; x_wconf 83' lang='grc' dir='ltr'><strong>ἀνάγκη.</strong></span> 
     </span>
    </p>
   </div>
   <div class='ocr_carea' id='block_1_63' title="bbox 1918 3311 2279 3370">
    <p class='ocr_par' dir='ltr' id='par_1_63' title="bbox 1918 3311 2279 3370">
     <span class='ocr_line' id='line_1_63' title="bbox 1918 3311 2279 3370; baseline 0.003 -2"><span class='ocrx_word' id='word_1_462' title='bbox 1918 3311 2152 3368; x_wconf 79' lang='lat' dir='ltr'><strong>CAPUT</strong></span> <span class='ocrx_word' id='word_1_463' title='bbox 2235 3317 2279 3370; x_wconf 86' lang='grc' dir='ltr'><strong>ῐ.</strong></span> 
     </span>
    </p>
   </div>
   <div class='ocr_carea' id='block_1_64' title="bbox 1471 3428 2744 3504">
    <p class='ocr_par' dir='ltr' id='par_1_64' title="bbox 1471 3428 2744 3504">
     <span class='ocr_line' id='line_1_64' title="bbox 1471 3428 2744 3504; baseline 0.005 -21"><span class='ocrx_word' id='word_1_464' title='bbox 1471 3428 1688 3496; x_wconf 79' lang='lat' dir='ltr'><strong>Patria,</strong></span> <span class='ocrx_word' id='word_1_465' title='bbox 1716 3431 1941 3496; x_wconf 77' lang='lat' dir='ltr'><strong>natales,</strong></span> <span class='ocrx_word' id='word_1_466' title='bbox 1991 3432 2295 3504; x_wconf 80' lang='lat' dir='ltr'><strong>ronjugium</strong></span> <span class='ocrx_word' id='word_1_467' title='bbox 2341 3432 2400 3488; x_wconf 88' lang='lat' dir='ltr'><strong>S.</strong></span> <span class='ocrx_word' id='word_1_468' title='bbox 2437 3432 2744 3489; x_wconf 62' lang='lat' dir='ltr'><strong>Theodore.</strong></span> 
     </span>
    </p>
   </div>
   <div class='ocr_carea' id='block_1_65' title="bbox 553 3532 2053 3637">
    <p class='ocr_par' dir='ltr' id='par_1_65' title="bbox 553 3542 2053 3621">
     <span class='ocr_line' id='line_1_65' title="bbox 553 3542 2053 3621; baseline 0.003 -21"><span class='ocrx_word' id='word_1_469' title='bbox 553 3545 607 3600; x_wconf 83' lang='lat'><strong>5.</strong></span> <span class='ocrx_word' id='word_1_470' title='bbox 645 3542 807 3600; x_wconf 79' lang='lat' dir='ltr'><strong>Juxta</strong></span> <span class='ocrx_word' id='word_1_471' title='bbox 861 3559 1142 3612; x_wconf 88' lang='lat' dir='ltr'><strong>normam,</strong></span> <span class='ocrx_word' id='word_1_472' title='bbox 1195 3549 1564 3606; x_wconf 87' lang='lat' dir='ltr'><strong>laudationem</strong></span> <span class='ocrx_word' id='word_1_473' title='bbox 1613 3551 2053 3621; x_wconf 85' lang='lat' dir='ltr'><strong>aggredientibus</strong></span> 
     </span>
    </p>
   </div>
   <div class='ocr_carea' id='block_1_66' title="bbox 2154 3532 3708 3637">
    <p class='ocr_par' dir='ltr' id='par_1_66' title="bbox 2229 3550 3708 3637">
     <span class='ocr_line' id='line_1_66' title="bbox 2229 3550 3708 3637; baseline -0.005 -30"><span class='ocrx_word' id='word_1_474' title='bbox 2229 3552 2299 3620; x_wconf 86' lang='grc' dir='ltr'><strong>γ’.</strong></span> <span class='ocrx_word' id='word_1_475' title='bbox 2353 3553 2516 3624; x_wconf 81' lang='grc' dir='ltr'><strong>Ἡμῖν</strong></span> <span class='ocrx_word' id='word_1_476' title='bbox 2569 3553 2647 3618; x_wconf 80' lang='grc' dir='ltr'><strong>δὲ,</strong></span> <span class='ocrx_word' id='word_1_477' title='bbox 2701 3554 2889 3625; x_wconf 82' lang='grc' dir='ltr'><strong>(κατὰ)</strong></span> <span class='ocrx_word' id='word_1_478' title='bbox 2941 3556 3105 3637; x_wconf 85' lang='grc' dir='ltr'><strong>νόμον</strong></span> <span class='ocrx_word' id='word_1_479' title='bbox 3153 3555 3293 3609; x_wconf 80' lang='grc' dir='ltr'><strong>πᾶσι</strong></span> <span class='ocrx_word' id='word_1_480' title='bbox 3345 3553 3586 3622; x_wconf 88' lang='grc' dir='ltr'><strong>κείμενον</strong></span> <span class='ocrx_word' id='word_1_481' title='bbox 3613 3550 3708 3610; x_wconf 80' lang='grc' dir='ltr'><strong>τοῖς</strong></span> 
     </span>
    </p>
   </div>
   <div class='ocr_carea' id='block_1_67' title="bbox 485 3637 2056 3713">
    <p class='ocr_par' dir='ltr' id='par_1_67' title="bbox 485 3637 2056 3713">
     <span class='ocr_line' id='line_1_67' title="bbox 485 3637 2056 3713; baseline 0.003 -22"><span class='ocrx_word' id='word_1_482' title='bbox 485 3637 795 3702; x_wconf 88' lang='lat' dir='ltr'><strong>tenendam,</strong></span> <span class='ocrx_word' id='word_1_483' title='bbox 829 3639 1084 3692; x_wconf 81' lang='lat' dir='ltr'><strong>convenit</strong></span> <span class='ocrx_word' id='word_1_484' title='bbox 1123 3650 1250 3694; x_wconf 87' lang='lat' dir='ltr'><strong>ante.</strong></span> <span class='ocrx_word' id='word_1_485' title='bbox 1275 3642 1458 3696; x_wconf 86' lang='lat' dir='ltr'><strong>omnia</strong></span> <span class='ocrx_word' id='word_1_486' title='bbox 1495 3641 1812 3698; x_wconf 87' lang='lat' dir='ltr'><strong>meminisse</strong></span> <span class='ocrx_word' id='word_1_487' title='bbox 1844 3643 2056 3713; x_wconf 80' lang='lat' dir='ltr'><strong>patriae,</strong></span> 
     </span>
    </p>
   </div>
   <div class='ocr_carea' id='block_1_68' title="bbox 485 3729 2058 3802">
    <p class='ocr_par' dir='ltr' id='par_1_68' title="bbox 485 3729 2058 3802">
     <span class='ocr_line' id='line_1_68' title="bbox 485 3729 2058 3802; baseline 0.003 -18"><span class='ocrx_word' id='word_1_488' title='bbox 485 3741 545 3786; x_wconf 93' lang='lat' dir='ltr'><strong>ut</strong></span> <span class='ocrx_word' id='word_1_489' title='bbox 574 3730 700 3786; x_wconf 89' lang='lat' dir='ltr'><strong>inde</strong></span> <span class='ocrx_word' id='word_1_490' title='bbox 741 3729 999 3784; x_wconf 90' lang='lat' dir='ltr'><strong>nimirum</strong></span> <span class='ocrx_word' id='word_1_491' title='bbox 1033 3733 1282 3798; x_wconf 86' lang='lat' dir='ltr'><strong>exorsis,</strong></span> <span class='ocrx_word' id='word_1_492' title='bbox 1325 3741 1486 3802; x_wconf 89' lang='lat' dir='ltr'><strong>aptus</strong></span> <span class='ocrx_word' id='word_1_493' title='bbox 1523 3733 1723 3790; x_wconf 91' lang='lat' dir='ltr'><strong>deinde</strong></span> <span class='ocrx_word' id='word_1_494' title='bbox 1755 3737 1827 3790; x_wconf 90' lang='lat' dir='ltr'><strong>sit</strong></span> <span class='ocrx_word' id='word_1_495' title='bbox 1858 3737 1924 3789; x_wconf 86' lang='lat' dir='ltr'><strong>ad</strong></span> <span class='ocrx_word' id='word_1_496' title='bbox 1951 3751 2058 3788; x_wconf 68' lang='lat' dir='ltr'><strong>cae-</strong></span> 
     </span>
    </p>
   </div>
   <div class='ocr_carea' id='block_1_69' title="bbox 488 3822 2057 3897">
    <p class='ocr_par' dir='ltr' id='par_1_69' title="bbox 488 3822 2057 3897">
     <span class='ocr_line' id='line_1_69' title="bbox 488 3822 2057 3897; baseline 0.001 -18"><span class='ocrx_word' id='word_1_497' title='bbox 488 3835 601 3880; x_wconf 86' lang='lat' dir='ltr'><strong>tera</strong></span> <span class='ocrx_word' id='word_1_498' title='bbox 631 3836 978 3893; x_wconf 80' lang='lat' dir='ltr'><strong>progressus.</strong></span> <span class='ocrx_word' id='word_1_499' title='bbox 1015 3822 1112 3876; x_wconf 83' lang='lat' dir='ltr'><strong>Est</strong></span> <span class='ocrx_word' id='word_1_500' title='bbox 1143 3823 1305 3892; x_wconf 85' lang='lat' dir='ltr'><strong>igitur</strong></span> <span class='ocrx_word' id='word_1_501' title='bbox 1341 3825 1454 3888; x_wconf 89' lang='lat' dir='ltr'><strong>illa,</strong></span> <span class='ocrx_word' id='word_1_502' title='bbox 1484 3840 1672 3880; x_wconf 91' lang='lat' dir='ltr'><strong>earum</strong></span> <span class='ocrx_word' id='word_1_503' title='bbox 1705 3841 1828 3897; x_wconf 66' lang='lat' dir='ltr'><strong>quae</strong></span> <span class='ocrx_word' id='word_1_504' title='bbox 1848 3837 1970 3882; x_wconf 89' lang='lat' dir='ltr'><strong>sunt</strong></span> <span class='ocrx_word' id='word_1_505' title='bbox 2002 3828 2057 3881; x_wconf 92' lang='lat' dir='ltr'><strong>in</strong></span> 
     </span>
    </p>
   </div>
   <div class='ocr_carea' id='block_1_70' title="bbox 485 3914 2061 3988">
    <p class='ocr_par' dir='ltr' id='par_1_70' title="bbox 485 3914 2061 3988">
     <span class='ocr_line' id='line_1_70' title="bbox 485 3914 2061 3988; baseline 0.002 -18"><span class='ocrx_word' id='word_1_506' title='bbox 485 3916 696 3970; x_wconf 66' lang='lat' dir='ltr'><strong>Graecia</strong></span> <span class='ocrx_word' id='word_1_507' title='bbox 757 3914 1067 3970; x_wconf 89' lang='lat' dir='ltr'><strong>insularum</strong></span> <span class='ocrx_word' id='word_1_508' title='bbox 1122 3916 1200 3985; x_wconf 81' lang='grc' dir='ltr'><strong>(Ι)</strong></span> <span class='ocrx_word' id='word_1_509' title='bbox 1249 3926 1456 3986; x_wconf 88' lang='lat' dir='ltr'><strong>caput:</strong></span> <span class='ocrx_word' id='word_1_510' title='bbox 1517 3932 1638 3972; x_wconf 90' lang='lat' dir='ltr'><strong>nam</strong></span> <span class='ocrx_word' id='word_1_511' title='bbox 1687 3919 2061 3988; x_wconf 81' lang='lat' dir='ltr'><strong>magnitudine</strong></span> 
     </span>
    </p>
   </div>
   <div class='ocr_carea' id='block_1_71' title="bbox 486 4005 2061 4079">
    <p class='ocr_par' dir='ltr' id='par_1_71' title="bbox 486 4005 2061 4079">
     <span class='ocr_line' id='line_1_71' title="bbox 486 4005 2061 4079; baseline 0.004 -22"><span class='ocrx_word' id='word_1_512' title='bbox 486 4006 742 4075; x_wconf 77' lang='lat' dir='ltr'><strong>quidem,</strong></span> <span class='ocrx_word' id='word_1_513' title='bbox 791 4005 1198 4075; x_wconf 86' lang='lat' dir='ltr'><strong>pulchritudine</strong></span> <span class='ocrx_word' id='word_1_514' title='bbox 1241 4021 1304 4062; x_wconf 86' lang='lat' dir='ltr'><strong>ac</strong></span> <span class='ocrx_word' id='word_1_515' title='bbox 1337 4008 1444 4063; x_wconf 78' lang='lat' dir='ltr'><strong>Situ</strong></span> <span class='ocrx_word' id='word_1_516' title='bbox 1483 4018 1711 4065; x_wconf 68' lang='lat' dir='ltr'><strong>cretei-as</strong></span> <span class='ocrx_word' id='word_1_517' title='bbox 1742 4009 1819 4079; x_wconf 75' lang='lat'><strong>(2)</strong></span> <span class='ocrx_word' id='word_1_518' title='bbox 1867 4025 2061 4064; x_wconf 87' lang='lat' dir='ltr'><strong>omnes</strong></span> 
     </span>
    </p>
   </div>
   <div class='ocr_carea' id='block_1_72' title="bbox 487 4081 2059 4169">
    <p class='ocr_par' dir='ltr' id='par_1_72' title="bbox 487 4081 2059 4169">
     <span class='ocr_line' id='line_1_72' title="bbox 487 4081 2059 4169; baseline 0.003 -16"><span class='ocrx_word' id='word_1_519' title='bbox 487 4099 866 4167; x_wconf 82' lang='lat' dir='ltr'><strong>eireumjectas</strong></span> <span class='ocrx_word' id='word_1_520' title='bbox 898 4108 1214 4167; x_wconf 74' lang='lat' dir='ltr'><strong>exsuperat,</strong></span> <span class='ocrx_word' id='word_1_521' title='bbox 1247 4110 1300 4152; x_wconf 89' lang='lat' dir='ltr'><strong>et</strong></span> <span class='ocrx_word' id='word_1_522' title='bbox 1331 4117 1502 4169; x_wconf 91' lang='lat' dir='ltr'><strong>usque</strong></span> <span class='ocrx_word' id='word_1_523' title='bbox 1534 4101 1672 4156; x_wconf 86' lang='lat' dir='ltr'><strong>adeo</strong></span> <span class='ocrx_word' id='word_1_524' title='bbox 1708 4081 2059 4157; x_wconf 83' lang='lat' dir='ltr'><strong>mediocrita-</strong></span> 
     </span>
    </p>
   </div>
   <div class='ocr_carea' id='block_1_73' title="bbox 486 4189 2058 4261">
    <p class='ocr_par' dir='ltr' id='par_1_73' title="bbox 486 4189 2058 4261">
     <span class='ocr_line' id='line_1_73' title="bbox 486 4189 2058 4261; baseline 0.004 -19"><span class='ocrx_word' id='word_1_525' title='bbox 486 4199 591 4244; x_wconf 87' lang='lat' dir='ltr'><strong>tem</strong></span> <span class='ocrx_word' id='word_1_526' title='bbox 625 4190 858 4255; x_wconf 86' lang='lat' dir='ltr'><strong>excedit,</strong></span> <span class='ocrx_word' id='word_1_527' title='bbox 889 4198 951 4244; x_wconf 90' lang='lat' dir='ltr'><strong>ut</strong></span> <span class='ocrx_word' id='word_1_528' title='bbox 984 4189 1272 4244; x_wconf 88' lang='lat' dir='ltr'><strong>videantur</strong></span> <span class='ocrx_word' id='word_1_529' title='bbox 1308 4193 1430 4244; x_wconf 71' lang='lat' dir='ltr'><strong>alim</strong></span> <span class='ocrx_word' id='word_1_530' title='bbox 1469 4201 1748 4261; x_wconf 81' lang='lat' dir='ltr'><strong>(tanquam</strong></span> <span class='ocrx_word' id='word_1_531' title='bbox 1786 4208 1884 4246; x_wconf 91' lang='lat' dir='ltr'><strong>nec</strong></span> <span class='ocrx_word' id='word_1_532' title='bbox 1923 4208 2058 4247; x_wconf 86' lang='lat' dir='ltr'><strong>con-</strong></span> 
     </span>
    </p>
   </div>
   <div class='ocr_carea' id='block_1_74' title="bbox 489 4283 2058 4354">
    <p class='ocr_par' dir='ltr' id='par_1_74' title="bbox 489 4283 2058 4354">
     <span class='ocr_line' id='line_1_74' title="bbox 489 4283 2058 4354; baseline 0.002 -15"><span class='ocrx_word' id='word_1_533' title='bbox 489 4286 620 4339; x_wconf 78' lang='lat' dir='ltr'><strong>ferri</strong></span> <span class='ocrx_word' id='word_1_534' title='bbox 649 4285 869 4354; x_wconf 89' lang='lat' dir='ltr'><strong>quidem</strong></span> <span class='ocrx_word' id='word_1_535' title='bbox 913 4299 1039 4338; x_wconf 92' lang='lat' dir='ltr'><strong>cum</strong></span> <span class='ocrx_word' id='word_1_536' title='bbox 1079 4283 1274 4353; x_wconf 70' lang='lat' dir='ltr'><strong>Egina</strong></span> <span class='ocrx_word' id='word_1_537' title='bbox 1306 4287 1567 4354; x_wconf 85' lang='lat' dir='ltr'><strong>valentes)</strong></span> <span class='ocrx_word' id='word_1_538' title='bbox 1606 4289 1782 4341; x_wconf 87' lang='lat' dir='ltr'><strong>eidem</strong></span> <span class='ocrx_word' id='word_1_539' title='bbox 1814 4288 2058 4344; x_wconf 87' lang='lat' dir='ltr'><strong>hilariter</strong></span> 
     </span>
    </p>
   </div>
   <div class='ocr_carea' id='block_1_75' title="bbox 488 4375 2060 4446">
    <p class='ocr_par' dir='ltr' id='par_1_75' title="bbox 488 4375 2060 4446">
     <span class='ocr_line' id='line_1_75' title="bbox 488 4375 2060 4446; baseline 0.001 -14"><span class='ocrx_word' id='word_1_540' title='bbox 488 4378 692 4445; x_wconf 83' lang='lat' dir='ltr'><strong>primas</strong></span> <span class='ocrx_word' id='word_1_541' title='bbox 717 4375 1016 4431; x_wconf 81' lang='lat' dir='ltr'><strong>concedere</strong></span> <span class='ocrx_word' id='word_1_542' title='bbox 1046 4393 1059 4428; x_wconf 92' lang='lat'><strong>:</strong></span> <span class='ocrx_word' id='word_1_543' title='bbox 1091 4377 1233 4429; x_wconf 83' lang='lat' dir='ltr'><strong>aeris</strong></span> <span class='ocrx_word' id='word_1_544' title='bbox 1259 4391 1388 4429; x_wconf 86' lang='lat' dir='ltr'><strong>vero</strong></span> <span class='ocrx_word' id='word_1_545' title='bbox 1427 4379 1663 4446; x_wconf 85' lang='lat' dir='ltr'><strong>annique</strong></span> <span class='ocrx_word' id='word_1_546' title='bbox 1696 4380 1973 4444; x_wconf 84' lang='lat' dir='ltr'><strong>temperie,</strong></span> <span class='ocrx_word' id='word_1_547' title='bbox 2006 4388 2060 4434; x_wconf 83' lang='lat' dir='ltr'><strong>et</strong></span> 
     </span>
    </p>
   </div>
   <div class='ocr_carea' id='block_1_76' title="bbox 486 4468 2059 4540">
    <p class='ocr_par' dir='ltr' id='par_1_76' title="bbox 486 4468 2059 4540">
     <span class='ocr_line' id='line_1_76' title="bbox 486 4468 2059 4540; baseline 0.001 -16"><span class='ocrx_word' id='word_1_548' title='bbox 486 4487 608 4540; x_wconf 76' lang='lat' dir='ltr'><strong>qua:</strong></span> <span class='ocrx_word' id='word_1_549' title='bbox 638 4469 768 4523; x_wconf 89' lang='lat' dir='ltr'><strong>hinc</strong></span> <span class='ocrx_word' id='word_1_550' title='bbox 803 4468 1057 4538; x_wconf 84' lang='lat' dir='ltr'><strong>provenit</strong></span> <span class='ocrx_word' id='word_1_551' title='bbox 1095 4468 1501 4533; x_wconf 78' lang='lat' dir='ltr'><strong>connnoditate,</strong></span> <span class='ocrx_word' id='word_1_552' title='bbox 1537 4479 1683 4522; x_wconf 87' lang='lat' dir='ltr'><strong>tanta</strong></span> <span class='ocrx_word' id='word_1_553' title='bbox 1720 4468 1960 4534; x_wconf 78' lang='lat' dir='ltr'><strong>fruitur,</strong></span> <span class='ocrx_word' id='word_1_554' title='bbox 1999 4481 2059 4526; x_wconf 83' lang='lat' dir='ltr'><strong>ut</strong></span> 
     </span>
    </p>
   </div>
   <div class='ocr_carea' id='block_1_77' title="bbox 487 4561 2058 4632">
    <p class='ocr_par' dir='ltr' id='par_1_77' title="bbox 487 4561 2058 4632">
     <span class='ocr_line' id='line_1_77' title="bbox 487 4561 2058 4632; baseline 0.002 -17"><span class='ocrx_word' id='word_1_555' title='bbox 487 4563 600 4616; x_wconf 83' lang='lat' dir='ltr'><strong>sola</strong></span> <span class='ocrx_word' id='word_1_556' title='bbox 629 4561 840 4616; x_wconf 84' lang='lat' dir='ltr'><strong>censeri</strong></span> <span class='ocrx_word' id='word_1_557' title='bbox 878 4561 1050 4632; x_wconf 87' lang='lat' dir='ltr'><strong>possit</strong></span> <span class='ocrx_word' id='word_1_558' title='bbox 1089 4571 1198 4614; x_wconf 84' lang='lat' dir='ltr'><strong>tum</strong></span> <span class='ocrx_word' id='word_1_559' title='bbox 1233 4563 1411 4615; x_wconf 89' lang='lat' dir='ltr'><strong>omnis</strong></span> <span class='ocrx_word' id='word_1_560' title='bbox 1442 4561 1587 4616; x_wconf 89' lang='lat' dir='ltr'><strong>circa</strong></span> <span class='ocrx_word' id='word_1_561' title='bbox 1630 4561 1743 4616; x_wconf 63' lang='lat' dir='ltr'><strong>haec</strong></span> <span class='ocrx_word' id='word_1_562' title='bbox 1779 4562 2058 4618; x_wconf 80' lang='lat' dir='ltr'><strong>felicitatis</strong></span> 
     </span>
    </p>
   </div>
   <div class='ocr_carea' id='block_1_78' title="bbox 487 4653 2058 4723">
    <p class='ocr_par' dir='ltr' id='par_1_78' title="bbox 487 4653 2058 4723">
     <span class='ocr_line' id='line_1_78' title="bbox 487 4653 2058 4723; baseline 0.001 -17"><span class='ocrx_word' id='word_1_563' title='bbox 487 4655 922 4723; x_wconf 88' lang='lat' dir='ltr'><strong>promptuarium</strong></span> <span class='ocrx_word' id='word_1_564' title='bbox 953 4667 1096 4715; x_wconf 87' lang='lat' dir='ltr'><strong>esse,</strong></span> <span class='ocrx_word' id='word_1_565' title='bbox 1142 4665 1254 4706; x_wconf 89' lang='lat' dir='ltr'><strong>tum</strong></span> <span class='ocrx_word' id='word_1_566' title='bbox 1288 4653 1636 4720; x_wconf 87' lang='lat' dir='ltr'><strong>suppeditare</strong></span> <span class='ocrx_word' id='word_1_567' title='bbox 1673 4656 1886 4709; x_wconf 57' lang='lat' dir='ltr'><strong>(ueteris</strong></span> <span class='ocrx_word' id='word_1_568' title='bbox 1915 4655 2058 4708; x_wconf 91' lang='lat' dir='ltr'><strong>unde</strong></span> 
     </span>
    </p>
   </div>
   <div class='ocr_carea' id='block_1_79' title="bbox 484 4743 2058 4815">
    <p class='ocr_par' dir='ltr' id='par_1_79' title="bbox 484 4743 2058 4815">
     <span class='ocr_line' id='line_1_79' title="bbox 484 4743 2058 4815; baseline -0.001 -16"><span class='ocrx_word' id='word_1_569' title='bbox 484 4747 662 4815; x_wconf 85' lang='lat' dir='ltr'><strong>ipsam</strong></span> <span class='ocrx_word' id='word_1_570' title='bbox 703 4745 937 4800; x_wconf 85' lang='lat' dir='ltr'><strong>habeant</strong></span> <span class='ocrx_word' id='word_1_571' title='bbox 985 4759 1109 4799; x_wconf 91' lang='lat' dir='ltr'><strong>cum</strong></span> <span class='ocrx_word' id='word_1_572' title='bbox 1147 4744 1316 4798; x_wconf 89' lang='lat' dir='ltr'><strong>multa</strong></span> <span class='ocrx_word' id='word_1_573' title='bbox 1354 4743 1725 4810; x_wconf 86' lang='lat' dir='ltr'><strong>abundantia;</strong></span> <span class='ocrx_word' id='word_1_574' title='bbox 1765 4760 1875 4814; x_wconf 90' lang='lat' dir='ltr'><strong>quo</strong></span> <span class='ocrx_word' id='word_1_575' title='bbox 1911 4747 1969 4800; x_wconf 87' lang='lat' dir='ltr'><strong>lit</strong></span> <span class='ocrx_word' id='word_1_576' title='bbox 1999 4755 2058 4799; x_wconf 84' lang='grc' dir='ltr'>ιιι</span> 
     </span>
    </p>
   </div>
   <div class='ocr_carea' id='block_1_80' title="bbox 486 4837 2056 4909">
    <p class='ocr_par' dir='ltr' id='par_1_80' title="bbox 486 4837 2056 4909">
     <span class='ocr_line' id='line_1_80' title="bbox 486 4837 2056 4909; baseline 0.001 -16"><span class='ocrx_word' id='word_1_577' title='bbox 486 4839 650 4894; x_wconf 90' lang='lat' dir='ltr'><strong>urbes</strong></span> <span class='ocrx_word' id='word_1_578' title='bbox 674 4839 751 4908; x_wconf 76' lang='lat'><strong>(5)</strong></span> <span class='ocrx_word' id='word_1_579' title='bbox 795 4839 846 4893; x_wconf 92' lang='lat' dir='ltr'><strong>in</strong></span> <span class='ocrx_word' id='word_1_580' title='bbox 891 4853 954 4894; x_wconf 87' lang='lat' dir='ltr'><strong>ea</strong></span> <span class='ocrx_word' id='word_1_581' title='bbox 999 4839 1109 4894; x_wconf 91' lang='lat' dir='ltr'><strong>sint</strong></span> <span class='ocrx_word' id='word_1_582' title='bbox 1146 4837 1412 4909; x_wconf 71' lang='lat' dir='ltr'><strong>plurimae.</strong></span> <span class='ocrx_word' id='word_1_583' title='bbox 1446 4837 1506 4893; x_wconf 88' lang='lat' dir='ltr'><strong>Si</strong></span> <span class='ocrx_word' id='word_1_584' title='bbox 1543 4852 1674 4893; x_wconf 85' lang='lat' dir='ltr'><strong>vero</strong></span> <span class='ocrx_word' id='word_1_585' title='bbox 1707 4838 1792 4893; x_wconf 91' lang='lat' dir='ltr'><strong>his</strong></span> <span class='ocrx_word' id='word_1_586' title='bbox 1821 4839 2056 4908; x_wconf 89' lang='lat' dir='ltr'><strong>amplius</strong></span> 
     </span>
    </p>
   </div>
   <div class='ocr_carea' id='block_1_81' title="bbox 555 5045 1054 5114">
    <p class='ocr_par' dir='ltr' id='par_1_81' title="bbox 555 5045 1054 5114">
     <span class='ocr_line' id='line_1_81' title="bbox 555 5045 1054 5114; baseline -0.008 -11"><span class='ocrx_word' id='word_1_587' title='bbox 555 5048 628 5114; x_wconf 78' lang='grc' dir='ltr'><strong>(ε)</strong></span> <span class='ocrx_word' id='word_1_588' title='bbox 668 5045 814 5102; x_wconf 84' lang='lat' dir='ltr'><strong>Idem</strong></span> <span class='ocrx_word' id='word_1_589' title='bbox 846 5045 1054 5112; x_wconf 79' lang='grc' dir='ltr'><strong>άνξίαν.</strong></span> 
     </span>
    </p>
   </div>
   <div class='ocr_carea' id='block_1_82' title="bbox 562 5112 2058 5188">
    <p class='ocr_par' dir='ltr' id='par_1_82' title="bbox 562 5112 2058 5188">
     <span class='ocr_line' id='line_1_82' title="bbox 562 5112 2058 5188; baseline 0 -17"><span class='ocrx_word' id='word_1_590' title='bbox 562 5112 640 5188; x_wconf 61' lang='grc' dir='ltr'><strong>(Γ)</strong></span> <span class='ocrx_word' id='word_1_591' title='bbox 682 5117 862 5172; x_wconf 82' lang='lat' dir='ltr'><strong>Malim</strong></span> <span class='ocrx_word' id='word_1_592' title='bbox 899 5116 977 5171; x_wconf 88' lang='lat' dir='ltr'><strong>sic</strong></span> <span class='ocrx_word' id='word_1_593' title='bbox 1005 5115 1197 5172; x_wconf 86' lang='lat' dir='ltr'><strong>Latine</strong></span> <span class='ocrx_word' id='word_1_594' title='bbox 1228 5113 1328 5183; x_wconf 86' lang='lat' dir='ltr'><strong>legi</strong></span> <span class='ocrx_word' id='word_1_595' title='bbox 1359 5131 1372 5168; x_wconf 90' lang='lat'><strong>:</strong></span> <span class='ocrx_word' id='word_1_596' title='bbox 1407 5112 1513 5169; x_wconf 89' lang='lat' dir='ltr'><strong>Sed</strong></span> <span class='ocrx_word' id='word_1_597' title='bbox 1545 5129 1632 5169; x_wconf 90' lang='lat' dir='ltr'><strong>res</strong></span> <span class='ocrx_word' id='word_1_598' title='bbox 1809 5131 1838 5169; x_wconf 88' lang='lat' dir='ltr'><strong>a</strong></span> <span class='ocrx_word' id='word_1_599' title='bbox 1864 5117 2058 5187; x_wconf 85' lang='lat' dir='ltr'><strong>seipsis</strong></span> 
     </span>
    </p>
   </div>
   <div class='ocr_carea' id='block_1_83' title="bbox 489 5190 2060 5331">
    <p class='ocr_par' dir='ltr' id='par_1_83' title="bbox 489 5190 2060 5331">
     <span class='ocr_line' id='line_1_83' title="bbox 489 5190 2060 5331; baseline -0.01 -17"><span class='ocrx_word' id='word_1_600' title='bbox 489 5190 1013 5331; x_wconf 41' lang='lat' dir='ltr'><strong>hagini’rytanenm</strong></span> <span class='ocrx_word' id='word_1_601' title='bbox 1072 5256 1446 5331; x_wconf 58' lang='lat' dir='ltr'><strong>proprieluit</strong></span> <span class='ocrx_word' id='word_1_602' title='bbox 1504 5253 1860 5331; x_wconf 71' lang='lat' dir='ltr'><strong>loctts_urbis</strong></span> <span class='ocrx_word' id='word_1_603' title='bbox 1893 5259 2060 5311; x_wconf 84' lang='lat' dir='ltr'><strong>Athe-</strong></span> 
     </span>
    </p>
   </div>
   <div class='ocr_carea' id='block_1_84' title="bbox 491 5324 2060 5394">
    <p class='ocr_par' dir='ltr' id='par_1_84' title="bbox 491 5324 2060 5394">
     <span class='ocr_line' id='line_1_84' title="bbox 491 5324 2060 5394; baseline -0.004 -9"><span class='ocrx_word' id='word_1_604' title='bbox 491 5324 718 5390; x_wconf 76' lang='lat' dir='ltr'><strong>ttieuSis.</strong></span> <span class='ocrx_word' id='word_1_605' title='bbox 761 5324 858 5383; x_wconf 66' lang='lat' dir='ltr'><strong>itbi</strong></span> <span class='ocrx_word' id='word_1_606' title='bbox 915 5327 1090 5382; x_wconf 78' lang='lat' dir='ltr'><strong>victus</strong></span> <span class='ocrx_word' id='word_1_607' title='bbox 1122 5327 1190 5380; x_wconf 93' lang='lat' dir='ltr'><strong>de</strong></span> <span class='ocrx_word' id='word_1_608' title='bbox 1243 5327 1460 5394; x_wconf 87' lang='lat' dir='ltr'><strong>publico</strong></span> <span class='ocrx_word' id='word_1_609' title='bbox 1493 5324 1868 5391; x_wconf 82' lang='lat' dir='ltr'><strong>pra-hebatur;</strong></span> <span class='ocrx_word' id='word_1_610' title='bbox 1919 5331 2060 5380; x_wconf 83' lang='lat' dir='ltr'><strong>unde</strong></span> 
     </span>
    </p>
   </div>
   <div class='ocr_carea' id='block_1_85' title="bbox 490 5396 2053 5467">
    <p class='ocr_par' dir='ltr' id='par_1_85' title="bbox 490 5396 2053 5467">
     <span class='ocr_line' id='line_1_85' title="bbox 490 5396 2053 5467; baseline 0.001 -16"><span class='ocrx_word' id='word_1_611' title='bbox 490 5403 580 5456; x_wconf 74' lang='lat' dir='ltr'><strong>hic</strong></span> <span class='ocrx_word' id='word_1_612' title='bbox 631 5415 731 5467; x_wconf 90' lang='lat' dir='ltr'><strong>pro</strong></span> <span class='ocrx_word' id='word_1_613' title='bbox 795 5397 1167 5466; x_wconf 84' lang='lat' dir='ltr'><strong>promptuario</strong></span> <span class='ocrx_word' id='word_1_614' title='bbox 1221 5396 1438 5467; x_wconf 85' lang='lat' dir='ltr'><strong>publico</strong></span> <span class='ocrx_word' id='word_1_615' title='bbox 1487 5396 1735 5460; x_wconf 85' lang='lat' dir='ltr'><strong>usurpari</strong></span> <span class='ocrx_word' id='word_1_616' title='bbox 1798 5397 2053 5452; x_wconf 68' lang='lat' dir='ltr'><strong>videtur:</strong></span> 
     </span>
    </p>
   </div>
   <div class='ocr_carea' id='block_1_86' title="bbox 489 5466 2057 5534">
    <p class='ocr_par' dir='ltr' id='par_1_86' title="bbox 489 5466 2057 5534">
     <span class='ocr_line' id='line_1_86' title="bbox 489 5466 2057 5534; baseline -0.003 -12"><span class='ocrx_word' id='word_1_617' title='bbox 489 5466 644 5525; x_wconf 14' lang='lat' dir='ltr'><strong>sunt,</strong></span> <span class='ocrx_word' id='word_1_618' title='bbox 679 5472 769 5534; x_wconf 85' lang='lat' dir='ltr'><strong>qui</strong></span> <span class='ocrx_word' id='word_1_619' title='bbox 807 5469 910 5522; x_wconf 87' lang='lat' dir='ltr'><strong>dici</strong></span> <span class='ocrx_word' id='word_1_620' title='bbox 949 5477 1138 5529; x_wconf 85' lang='lat' dir='ltr'><strong>putent</strong></span> <span class='ocrx_word' id='word_1_621' title='bbox 1184 5467 1337 5534; x_wconf 88' lang='lat' dir='ltr'><strong>quasi</strong></span> <span class='ocrx_word' id='word_1_622' title='bbox 1369 5466 1544 5534; x_wconf 85' lang='grc' dir='ltr'><strong>πύρου</strong></span> <span class='ocrx_word' id='word_1_623' title='bbox 1577 5469 1825 5532; x_wconf 84' lang='grc' dir='ltr'><strong>ταμεῖον,</strong></span> <span class='ocrx_word' id='word_1_624' title='bbox 1856 5482 1975 5533; x_wconf 64' lang='lat' dir='ltr'><strong>qua:</strong></span> <span class='ocrx_word' id='word_1_625' title='bbox 2015 5469 2057 5520; x_wconf 79' lang='lat' dir='ltr'><strong>si</strong></span> 
     </span>
    </p>
   </div>
   <div class='ocr_carea' id='block_1_87' title="bbox 488 5536 2055 5622">
    <p class='ocr_par' dir='ltr' id='par_1_87' title="bbox 488 5536 2055 5622">
     <span class='ocr_line' id='line_1_87' title="bbox 488 5536 2055 5622; baseline -0.001 -30"><span class='ocrx_word' id='word_1_626' title='bbox 488 5556 594 5622; x_wconf 79' lang='lat' dir='ltr'><strong>non</strong></span> <span class='ocrx_word' id='word_1_627' title='bbox 627 5550 734 5620; x_wconf 43' lang='lat' dir='ltr'><strong>.est</strong></span> <span class='ocrx_word' id='word_1_628' title='bbox 764 5553 890 5592; x_wconf 85' lang='lat' dir='ltr'><strong>vera</strong></span> <span class='ocrx_word' id='word_1_629' title='bbox 925 5536 1268 5606; x_wconf 77' lang='lat' dir='ltr'><strong>etymologia,</strong></span> <span class='ocrx_word' id='word_1_630' title='bbox 1322 5551 1556 5607; x_wconf 76' lang='lat' dir='ltr'><strong>congrua</strong></span> <span class='ocrx_word' id='word_1_631' title='bbox 1608 5544 1692 5588; x_wconf 88' lang='lat' dir='ltr'><strong>est</strong></span> <span class='ocrx_word' id='word_1_632' title='bbox 1743 5536 1808 5589; x_wconf 83' lang='lat' dir='ltr'><strong>ad</strong></span> <span class='ocrx_word' id='word_1_633' title='bbox 1859 5552 2055 5590; x_wconf 89' lang='lat' dir='ltr'><strong>nomen</strong></span> 
     </span>
    </p>
   </div>
   <div class='ocr_carea' id='block_1_88' title="bbox 487 5611 2054 5746">
    <p class='ocr_par' dir='ltr' id='par_1_88' title="bbox 487 5611 2054 5746">
     <span class='ocr_line' id='line_1_88' title="bbox 487 5611 2054 5746; baseline -0.003 -17"><span class='ocrx_word' id='word_1_634' title='bbox 487 5611 913 5741; x_wconf 46' lang='lat' dir='ltr'><strong>a&quot;Eligilohiedium</strong></span> <span class='ocrx_word' id='word_1_635' title='bbox 957 5678 1070 5733; x_wconf 79' lang='lat' dir='ltr'><strong>fere</strong></span> <span class='ocrx_word' id='word_1_636' title='bbox 1110 5685 1254 5730; x_wconf 87' lang='lat' dir='ltr'><strong>tenet</strong></span> <span class='ocrx_word' id='word_1_637' title='bbox 1303 5673 1499 5743; x_wconf 65' lang='lat' dir='ltr'><strong>Egilia</strong></span> <span class='ocrx_word' id='word_1_638' title='bbox 1544 5678 1662 5744; x_wconf 86' lang='lat' dir='ltr'><strong>ejus</strong></span> <span class='ocrx_word' id='word_1_639' title='bbox 1701 5677 1874 5746; x_wconf 84' lang='lat' dir='ltr'><strong>pelagi</strong></span> <span class='ocrx_word' id='word_1_640' title='bbox 1909 5677 2054 5741; x_wconf 90' lang='lat' dir='ltr'><strong>quod</strong></span> 
     </span>
    </p>
   </div>
   <div class='ocr_carea' id='block_1_89' title="bbox 491 5745 2073 5814">
    <p class='ocr_par' dir='ltr' id='par_1_89' title="bbox 491 5745 2073 5814">
     <span class='ocr_line' id='line_1_89' title="bbox 491 5745 2073 5814; baseline 0.002 -15"><span class='ocrx_word' id='word_1_641' title='bbox 491 5745 726 5800; x_wconf 78' lang='lat' dir='ltr'><strong>Atticam</strong></span> <span class='ocrx_word' id='word_1_642' title='bbox 755 5747 822 5802; x_wconf 89' lang='lat' dir='ltr'><strong>ab</strong></span> <span class='ocrx_word' id='word_1_643' title='bbox 853 5748 1060 5804; x_wconf 79' lang='lat' dir='ltr'><strong>Achaia</strong></span> <span class='ocrx_word' id='word_1_644' title='bbox 1091 5747 1304 5814; x_wconf 88' lang='lat' dir='ltr'><strong>dividit,</strong></span> <span class='ocrx_word' id='word_1_645' title='bbox 1337 5747 1638 5802; x_wconf 87' lang='lat' dir='ltr'><strong>stadiorum</strong></span> <span class='ocrx_word' id='word_1_646' title='bbox 1673 5745 1900 5805; x_wconf 85' lang='lat' dir='ltr'><strong>circiter</strong></span> <span class='ocrx_word' id='word_1_647' title='bbox 1925 5747 1994 5801; x_wconf 86' lang='grc'><strong>50</strong></span> <span class='ocrx_word' id='word_1_648' title='bbox 2018 5748 2073 5802; x_wconf 92' lang='lat' dir='ltr'><strong>iu</strong></span> 
     </span>
    </p>
   </div>
   <div class='ocr_carea' id='block_1_90' title="bbox 2163 3642 3706 3719">
    <p class='ocr_par' dir='ltr' id='par_1_90' title="bbox 2163 3642 3706 3719">
     <span class='ocr_line' id='line_1_90' title="bbox 2163 3642 3706 3719; baseline 0.004 -22"><span class='ocrx_word' id='word_1_649' title='bbox 2163 3646 2534 3716; x_wconf 79' lang='grc' dir='ltr'><strong>ἐγκωμιάζειν</strong></span> <span class='ocrx_word' id='word_1_650' title='bbox 2570 3645 2934 3716; x_wconf 75' lang='grc' dir='ltr'><strong>ἐπιχειροῦσι,</strong></span> <span class='ocrx_word' id='word_1_651' title='bbox 2977 3649 3240 3719; x_wconf 88' lang='grc' dir='ltr'><strong>πατρίδος</strong></span> <span class='ocrx_word' id='word_1_652' title='bbox 3276 3648 3466 3719; x_wconf 82' lang='grc' dir='ltr'><strong>πρῶτα</strong></span> <span class='ocrx_word' id='word_1_653' title='bbox 3493 3642 3706 3714; x_wconf 74' lang='grc' dir='ltr'><strong>μνησθῆο</strong></span> 
     </span>
    </p>
   </div>
   <div class='ocr_carea' id='block_1_91' title="bbox 2159 3737 3706 3808">
    <p class='ocr_par' dir='ltr' id='par_1_91' title="bbox 2159 3737 3706 3808">
     <span class='ocr_line' id='line_1_91' title="bbox 2159 3737 3706 3808; baseline 0.003 -18"><span class='ocrx_word' id='word_1_654' title='bbox 2159 3755 2248 3791; x_wconf 90' lang='grc' dir='ltr'><strong>ναι</strong></span> <span class='ocrx_word' id='word_1_655' title='bbox 2297 3738 2442 3802; x_wconf 78' lang='grc' dir='ltr'><strong>είκὸς</strong></span> <span class='ocrx_word' id='word_1_656' title='bbox 2491 3739 2559 3792; x_wconf 83' lang='grc' dir='ltr'><strong>ἂν</strong></span> <span class='ocrx_word' id='word_1_657' title='bbox 2635 3739 2745 3807; x_wconf 82' lang='grc' dir='ltr'><strong>είη,</strong></span> <span class='ocrx_word' id='word_1_658' title='bbox 2792 3738 3064 3808; x_wconf 84' lang='grc' dir='ltr'><strong>δήπουθεν</strong></span> <span class='ocrx_word' id='word_1_659' title='bbox 3115 3739 3336 3793; x_wconf 72' lang='grc' dir='ltr'><strong>ἐκεῖθεν</strong></span> <span class='ocrx_word' id='word_1_660' title='bbox 3392 3737 3706 3808; x_wconf 74' lang='grc' dir='ltr'><strong>ἀρξαμένοις»</strong></span> 
     </span>
    </p>
   </div>
   <div class='ocr_carea' id='block_1_92' title="bbox 2159 3825 3708 3903">
    <p class='ocr_par' dir='ltr' id='par_1_92' title="bbox 2159 3825 3708 3903">
     <span class='ocr_line' id='line_1_92' title="bbox 2159 3825 3708 3903; baseline -0.007 -18"><span class='ocrx_word' id='word_1_661' title='bbox 2159 3831 2330 3885; x_wconf 77' lang='grc' dir='ltr'><strong>ἔπειτ’</strong></span> <span class='ocrx_word' id='word_1_662' title='bbox 2358 3831 2671 3894; x_wconf 83' lang='grc' dir='ltr'><strong>ἀκολούθως</strong></span> <span class='ocrx_word' id='word_1_663' title='bbox 2697 3832 2788 3883; x_wconf 74' lang='grc' dir='ltr'><strong>ἐπὶ</strong></span> <span class='ocrx_word' id='word_1_664' title='bbox 2813 3832 2984 3886; x_wconf 81' lang='grc' dir='ltr'><strong>τάλλα</strong></span> <span class='ocrx_word' id='word_1_665' title='bbox 3012 3832 3354 3903; x_wconf 89' lang='grc' dir='ltr'><strong>προϐαίνειν.</strong></span> <span class='ocrx_word' id='word_1_666' title='bbox 3384 3832 3533 3886; x_wconf 82' lang='grc' dir='ltr'><strong>Ἔστι</strong></span> <span class='ocrx_word' id='word_1_667' title='bbox 3555 3825 3708 3880; x_wconf 84' lang='grc' dir='ltr'><strong>τοίνυν</strong></span> 
     </span>
    </p>
   </div>
   <div class='ocr_carea' id='block_1_93' title="bbox 2159 3921 3710 3992">
    <p class='ocr_par' dir='ltr' id='par_1_93' title="bbox 2159 3921 3710 3992">
     <span class='ocr_line' id='line_1_93' title="bbox 2159 3921 3710 3992; baseline -0.003 -17"><span class='ocrx_word' id='word_1_668' title='bbox 2159 3921 2299 3992; x_wconf 78' lang='grc' dir='ltr'><strong>αὕτη</strong></span> <span class='ocrx_word' id='word_1_669' title='bbox 2349 3923 2514 3991; x_wconf 82' lang='grc' dir='ltr'><strong>νῆσος</strong></span> <span class='ocrx_word' id='word_1_670' title='bbox 2538 3923 2665 3992; x_wconf 71' lang='grc' dir='ltr'><strong>Ιτῶν</strong></span> <span class='ocrx_word' id='word_1_671' title='bbox 2708 3922 2767 3974; x_wconf 75' lang='grc' dir='ltr'><strong>ὲν</strong></span> <span class='ocrx_word' id='word_1_672' title='bbox 2813 3921 3030 3977; x_wconf 82' lang='grc' dir='ltr'><strong>Ἑλλάδι</strong></span> <span class='ocrx_word' id='word_1_673' title='bbox 3071 3925 3402 3992; x_wconf 78' lang='grc' dir='ltr'><strong>κεφάλαιον,</strong></span> <span class='ocrx_word' id='word_1_674' title='bbox 3445 3925 3518 3987; x_wconf 84' lang='grc' dir='ltr'><strong>ὡς</strong></span> <span class='ocrx_word' id='word_1_675' title='bbox 3552 3921 3710 3974; x_wconf 85' lang='grc' dir='ltr'><strong>είνεκα</strong></span> 
     </span>
    </p>
   </div>
   <div class='ocr_carea' id='block_1_94' title="bbox 2165 4007 3708 4084">
    <p class='ocr_par' dir='ltr' id='par_1_94' title="bbox 2165 4007 3708 4084">
     <span class='ocr_line' id='line_1_94' title="bbox 2165 4007 3708 4084; baseline -0.003 -20"><span class='ocrx_word' id='word_1_676' title='bbox 2165 4013 2264 4081; x_wconf 83' lang='grc' dir='ltr'><strong>μὲν</strong></span> <span class='ocrx_word' id='word_1_677' title='bbox 2295 4011 2562 4082; x_wconf 81' lang='grc' dir='ltr'><strong>μεγέθους</strong></span> <span class='ocrx_word' id='word_1_678' title='bbox 2599 4011 2694 4066; x_wconf 80' lang='grc' dir='ltr'><strong>καὶ</strong></span> <span class='ocrx_word' id='word_1_679' title='bbox 2730 4012 2966 4077; x_wconf 83' lang='grc' dir='ltr'><strong>κάλλους</strong></span> <span class='ocrx_word' id='word_1_680' title='bbox 2997 4015 3092 4067; x_wconf 84' lang='grc' dir='ltr'><strong>καὶ</strong></span> <span class='ocrx_word' id='word_1_681' title='bbox 3127 4013 3338 4078; x_wconf 82' lang='grc' dir='ltr'><strong>θέσεως</strong></span> <span class='ocrx_word' id='word_1_682' title='bbox 3373 4014 3536 4084; x_wconf 76' lang='grc' dir='ltr'><strong>μείζω</strong></span> <span class='ocrx_word' id='word_1_683' title='bbox 3560 4007 3708 4064; x_wconf 82' lang='grc' dir='ltr'><strong>καθά·</strong></span> 
     </span>
    </p>
   </div>
   <div class='ocr_carea' id='block_1_95' title="bbox 2162 4103 3708 4177">
    <p class='ocr_par' dir='ltr' id='par_1_95' title="bbox 2162 4103 3708 4177">
     <span class='ocr_line' id='line_1_95' title="bbox 2162 4103 3708 4177; baseline 0.003 -22"><span class='ocrx_word' id='word_1_684' title='bbox 2162 4104 2269 4168; x_wconf 80' lang='grc' dir='ltr'><strong>παξ</strong></span> <span class='ocrx_word' id='word_1_685' title='bbox 2299 4105 2406 4156; x_wconf 85' lang='grc' dir='ltr'><strong>τῶν</strong></span> <span class='ocrx_word' id='word_1_686' title='bbox 2439 4106 2743 4175; x_wconf 86' lang='grc' dir='ltr'><strong>προσοίκων</strong></span> <span class='ocrx_word' id='word_1_687' title='bbox 2772 4105 3141 4177; x_wconf 82' lang='grc' dir='ltr'><strong>ἀναφανῆναι,</strong></span> <span class='ocrx_word' id='word_1_688' title='bbox 3178 4109 3275 4163; x_wconf 77' lang='grc' dir='ltr'><strong>καὶ</strong></span> <span class='ocrx_word' id='word_1_689' title='bbox 3312 4107 3457 4161; x_wconf 73' lang='grc' dir='ltr'><strong>οὕτω</strong></span> <span class='ocrx_word' id='word_1_690' title='bbox 3492 4103 3708 4176; x_wconf 81' lang='grc' dir='ltr'><strong>μεγίστῳ</strong></span> 
     </span>
    </p>
   </div>
   <div class='ocr_carea' id='block_1_96' title="bbox 2161 4196 3709 4269">
    <p class='ocr_par' dir='ltr' id='par_1_96' title="bbox 2161 4196 3709 4269">
     <span class='ocr_line' id='line_1_96' title="bbox 2161 4196 3709 4269; baseline 0.001 -20"><span class='ocrx_word' id='word_1_691' title='bbox 2161 4196 2561 4266; x_wconf 82' lang='grc' dir='ltr'><strong>παραλλάττειν</strong></span> <span class='ocrx_word' id='word_1_692' title='bbox 2598 4197 2676 4268; x_wconf 86' lang='grc' dir='ltr'><strong>τῷ</strong></span> <span class='ocrx_word' id='word_1_693' title='bbox 2717 4197 2888 4269; x_wconf 75' lang='grc' dir='ltr'><strong>μέσῳ.</strong></span> <span class='ocrx_word' id='word_1_694' title='bbox 2925 4201 3000 4264; x_wconf 83' lang='grc' dir='ltr'><strong>ὡς</strong></span> <span class='ocrx_word' id='word_1_695' title='bbox 3050 4202 3147 4254; x_wconf 75' lang='grc' dir='ltr'><strong>καὶ</strong></span> <span class='ocrx_word' id='word_1_696' title='bbox 3200 4202 3382 4256; x_wconf 81' lang='grc' dir='ltr'><strong>δοκεῖν</strong></span> <span class='ocrx_word' id='word_1_697' title='bbox 3424 4200 3594 4260; x_wconf 89' lang='grc' dir='ltr'><strong>πάσας</strong></span> <span class='ocrx_word' id='word_1_698' title='bbox 3625 4196 3709 4251; x_wconf 68' lang='grc' dir='ltr'><strong>τὰς</strong></span> 
     </span>
    </p>
   </div>
   <div class='ocr_carea' id='block_1_97' title="bbox 2160 4283 3708 4361">
    <p class='ocr_par' dir='ltr' id='par_1_97' title="bbox 2160 4283 3708 4361">
     <span class='ocr_line' id='line_1_97' title="bbox 2160 4283 3708 4361; baseline 0.003 -25"><span class='ocrx_word' id='word_1_699' title='bbox 2160 4287 2380 4354; x_wconf 77' lang='grc' dir='ltr'><strong>νήσους,</strong></span> <span class='ocrx_word' id='word_1_700' title='bbox 2406 4286 2592 4356; x_wconf 85' lang='grc' dir='ltr'><strong>ὥσπερ</strong></span> <span class='ocrx_word' id='word_1_701' title='bbox 2630 4289 2733 4342; x_wconf 82' lang='grc' dir='ltr'><strong>οὐκ</strong></span> <span class='ocrx_word' id='word_1_702' title='bbox 2783 4290 3061 4361; x_wconf 80' lang='grc' dir='ltr'><strong>ἀνταίρειν</strong></span> <span class='ocrx_word' id='word_1_703' title='bbox 3101 4292 3338 4361; x_wconf 76' lang='grc' dir='ltr'><strong>ἐχούσας</strong></span> <span class='ocrx_word' id='word_1_704' title='bbox 3376 4291 3581 4359; x_wconf 72' lang='grc' dir='ltr'><strong>Αἰγίνῃ,</strong></span> <span class='ocrx_word' id='word_1_705' title='bbox 3609 4283 3708 4356; x_wconf 80' lang='grc' dir='ltr'><strong>μεθ’</strong></span> 
     </span>
    </p>
   </div>
   <div class='ocr_carea' id='block_1_98' title="bbox 2162 4376 3710 4454">
    <p class='ocr_par' dir='ltr' id='par_1_98' title="bbox 2162 4376 3710 4454">
     <span class='ocr_line' id='line_1_98' title="bbox 2162 4376 3710 4454; baseline -0.006 -14"><span class='ocrx_word' id='word_1_706' title='bbox 2162 4377 2355 4447; x_wconf 79' lang='grc' dir='ltr'><strong>ἡδονῆς</strong></span> <span class='ocrx_word' id='word_1_707' title='bbox 2399 4380 2506 4430; x_wconf 78' lang='grc' dir='ltr'><strong>τῶν</strong></span> <span class='ocrx_word' id='word_1_708' title='bbox 2565 4381 2875 4450; x_wconf 85' lang='grc' dir='ltr'><strong>πρεσϐείων</strong></span> <span class='ocrx_word' id='word_1_709' title='bbox 2925 4387 3280 4454; x_wconf 76' lang='grc' dir='ltr'><strong>παραχωρεῖν</strong></span> <span class='ocrx_word' id='word_1_710' title='bbox 3309 4400 3324 4414; x_wconf 71' lang='grc' dir='ltr'><strong>ο</strong></span> <span class='ocrx_word' id='word_1_711' title='bbox 3359 4382 3513 4453; x_wconf 83' lang='grc' dir='ltr'><strong>ὡρῶν</strong></span> <span class='ocrx_word' id='word_1_712' title='bbox 3548 4381 3598 4433; x_wconf 74' lang='grc' dir='ltr'><strong>δὲ</strong></span> <span class='ocrx_word' id='word_1_713' title='bbox 3631 4376 3710 4430; x_wconf 79' lang='grc' dir='ltr'><strong>καὶ</strong></span> 
     </span>
    </p>
   </div>
   <div class='ocr_carea' id='block_1_99' title="bbox 2159 4471 3710 4544">
    <p class='ocr_par' dir='ltr' id='par_1_99' title="bbox 2159 4471 3710 4544">
     <span class='ocr_line' id='line_1_99' title="bbox 2159 4471 3710 4544; baseline -0.002 -21"><span class='ocrx_word' id='word_1_714' title='bbox 2159 4471 2337 4540; x_wconf 81' lang='grc' dir='ltr'><strong>ἀέρων</strong></span> <span class='ocrx_word' id='word_1_715' title='bbox 2372 4474 2468 4526; x_wconf 71' lang='grc' dir='ltr'><strong>καὶ</strong></span> <span class='ocrx_word' id='word_1_716' title='bbox 2498 4473 2591 4526; x_wconf 82' lang='grc' dir='ltr'><strong>τοῦ</strong></span> <span class='ocrx_word' id='word_1_717' title='bbox 2623 4475 2745 4528; x_wconf 81' lang='grc' dir='ltr'><strong>κατ’</strong></span> <span class='ocrx_word' id='word_1_718' title='bbox 2776 4475 3065 4543; x_wconf 87' lang='grc' dir='ltr'><strong>ἀμφότερα</strong></span> <span class='ocrx_word' id='word_1_719' title='bbox 3094 4477 3386 4544; x_wconf 86' lang='grc' dir='ltr'><strong>γινομένου</strong></span> <span class='ocrx_word' id='word_1_720' title='bbox 3419 4472 3558 4528; x_wconf 76' lang='grc' dir='ltr'><strong>οὕτω</strong></span> <span class='ocrx_word' id='word_1_721' title='bbox 3579 4485 3710 4522; x_wconf 84' lang='grc' dir='ltr'><strong>τετυ·</strong></span> 
     </span>
    </p>
   </div>
   <div class='ocr_carea' id='block_1_100' title="bbox 2159 4560 3707 4637">
    <p class='ocr_par' dir='ltr' id='par_1_100' title="bbox 2159 4560 3707 4637">
     <span class='ocr_line' id='line_1_100' title="bbox 2159 4560 3707 4637; baseline 0.001 -20"><span class='ocrx_word' id='word_1_722' title='bbox 2159 4565 2388 4634; x_wconf 79' lang='grc' dir='ltr'><strong>χηκέναι</strong></span> <span class='ocrx_word' id='word_1_723' title='bbox 2411 4565 2699 4635; x_wconf 83' lang='grc' dir='ltr'><strong>λαμπρῶς,</strong></span> <span class='ocrx_word' id='word_1_724' title='bbox 2731 4565 2873 4620; x_wconf 85' lang='grc' dir='ltr'><strong>ὥστε</strong></span> <span class='ocrx_word' id='word_1_725' title='bbox 2903 4567 3073 4636; x_wconf 86' lang='grc' dir='ltr'><strong>μόνην</strong></span> <span class='ocrx_word' id='word_1_726' title='bbox 3095 4567 3306 4637; x_wconf 81' lang='grc' dir='ltr'><strong>ταύτην</strong></span> <span class='ocrx_word' id='word_1_727' title='bbox 3322 4568 3495 4622; x_wconf 81' lang='grc' dir='ltr'><strong>δοκεῖν</strong></span> <span class='ocrx_word' id='word_1_728' title='bbox 3515 4563 3601 4618; x_wconf 85' lang='grc' dir='ltr'><strong>καὶ</strong></span> <span class='ocrx_word' id='word_1_729' title='bbox 3623 4560 3707 4627; x_wconf 75' lang='grc' dir='ltr'><strong>τῆς</strong></span> 
     </span>
    </p>
   </div>
   <div class='ocr_carea' id='block_1_101' title="bbox 2159 4653 3704 4730">
    <p class='ocr_par' dir='ltr' id='par_1_101' title="bbox 2159 4653 3704 4730">
     <span class='ocr_line' id='line_1_101' title="bbox 2159 4653 3704 4730; baseline 0.004 -22"><span class='ocrx_word' id='word_1_730' title='bbox 2159 4659 2285 4727; x_wconf 79' lang='grc' dir='ltr'><strong>περὶ</strong></span> <span class='ocrx_word' id='word_1_731' title='bbox 2309 4656 2487 4710; x_wconf 85' lang='grc' dir='ltr'><strong>πάντα</strong></span> <span class='ocrx_word' id='word_1_732' title='bbox 2508 4657 2680 4712; x_wconf 76' lang='grc' dir='ltr'><strong>ταῦτα</strong></span> <span class='ocrx_word' id='word_1_733' title='bbox 2705 4660 2999 4728; x_wconf 87' lang='grc' dir='ltr'><strong>συμπάσης</strong></span> <span class='ocrx_word' id='word_1_734' title='bbox 3023 4659 3374 4730; x_wconf 82' lang='grc' dir='ltr'><strong>εὐδαιμονίας</strong></span> <span class='ocrx_word' id='word_1_735' title='bbox 3393 4655 3621 4725; x_wconf 77' lang='grc' dir='ltr'><strong>ὡσπερεὶ</strong></span> <span class='ocrx_word' id='word_1_736' title='bbox 3642 4653 3704 4722; x_wconf 73' lang='lat' dir='ltr'><strong>(gi</strong></span> 
     </span>
    </p>
   </div>
   <div class='ocr_carea' id='block_1_102' title="bbox 2161 4744 3708 4820">
    <p class='ocr_par' dir='ltr' id='par_1_102' title="bbox 2161 4744 3708 4820">
     <span class='ocr_line' id='line_1_102' title="bbox 2161 4744 3708 4820; baseline -0.001 -21"><span class='ocrx_word' id='word_1_737' title='bbox 2161 4750 2490 4815; x_wconf 88' lang='grc' dir='ltr'><strong>πρυτανεῖον</strong></span> <span class='ocrx_word' id='word_1_738' title='bbox 2532 4744 2672 4802; x_wconf 75' lang='grc' dir='ltr'><strong>εἶναι</strong></span> <span class='ocrx_word' id='word_1_739' title='bbox 2713 4751 2833 4810; x_wconf 84' lang='grc' dir='ltr'><strong>ταῖς</strong></span> <span class='ocrx_word' id='word_1_740' title='bbox 2881 4749 3106 4812; x_wconf 75' lang='grc' dir='ltr'><strong>ἄλλαις,</strong></span> <span class='ocrx_word' id='word_1_741' title='bbox 3148 4752 3248 4804; x_wconf 72' lang='grc' dir='ltr'><strong>καὶ</strong></span> <span class='ocrx_word' id='word_1_742' title='bbox 3292 4752 3542 4820; x_wconf 81' lang='grc' dir='ltr'><strong>χορηγεῖν</strong></span> <span class='ocrx_word' id='word_1_743' title='bbox 3583 4748 3708 4813; x_wconf 73' lang='grc' dir='ltr'><strong>ἔχειν</strong></span> 
     </span>
    </p>
   </div>
   <div class='ocr_carea' id='block_1_103' title="bbox 2159 4837 3707 4914">
    <p class='ocr_par' dir='ltr' id='par_1_103' title="bbox 2159 4837 3707 4914">
     <span class='ocr_line' id='line_1_103' title="bbox 2159 4837 3707 4914; baseline 0.004 -21"><span class='ocrx_word' id='word_1_744' title='bbox 2159 4839 2411 4893; x_wconf 72' lang='grc' dir='ltr'><strong>ἐντεῦθεν</strong></span> <span class='ocrx_word' id='word_1_745' title='bbox 2439 4841 2579 4912; x_wconf 82' lang='grc' dir='ltr'><strong>μετὰ</strong></span> <span class='ocrx_word' id='word_1_746' title='bbox 2601 4840 2798 4896; x_wconf 88' lang='grc' dir='ltr'><strong>πολλοῦ</strong></span> <span class='ocrx_word' id='word_1_747' title='bbox 2819 4841 2915 4895; x_wconf 80' lang='grc' dir='ltr'><strong>τοῦ</strong></span> <span class='ocrx_word' id='word_1_748' title='bbox 2939 4841 3244 4914; x_wconf 84' lang='grc' dir='ltr'><strong>περιόντος,</strong></span> <span class='ocrx_word' id='word_1_749' title='bbox 3273 4844 3342 4896; x_wconf 85' lang='grc' dir='ltr'><strong>δι’</strong></span> <span class='ocrx_word' id='word_1_750' title='bbox 3365 4837 3440 4898; x_wconf 81' lang='grc' dir='ltr'><strong>ὧν</strong></span> <span class='ocrx_word' id='word_1_751' title='bbox 3465 4843 3519 4895; x_wconf 78' lang='lat' dir='ltr'><strong>al</strong></span> <span class='ocrx_word' id='word_1_752' title='bbox 3551 4838 3707 4898; x_wconf 75' lang='grc' dir='ltr'><strong>πόλεις</strong></span> 
     </span>
    </p>
   </div>
   <div class='ocr_carea' id='block_1_104' title="bbox 2087 5047 3698 5120">
    <p class='ocr_par' dir='ltr' id='par_1_104' title="bbox 2087 5047 3698 5120">
     <span class='ocr_line' id='line_1_104' title="bbox 2087 5047 3698 5120; baseline -0.001 -20"><span class='ocrx_word' id='word_1_753' title='bbox 2087 5049 2136 5108; x_wconf 79' lang='grc' dir='ltr'><strong>Β</strong></span> <span class='ocrx_word' id='word_1_754' title='bbox 2165 5048 2420 5120; x_wconf 86' lang='lat' dir='ltr'><strong>circuitu,</strong></span> <span class='ocrx_word' id='word_1_755' title='bbox 2455 5048 2522 5120; x_wconf 80' lang='lat' dir='ltr'><strong>de.</strong></span> <span class='ocrx_word' id='word_1_756' title='bbox 2555 5051 2723 5104; x_wconf 86' lang='lat' dir='ltr'><strong>maris</strong></span> <span class='ocrx_word' id='word_1_757' title='bbox 2763 5051 2994 5120; x_wconf 89' lang='lat' dir='ltr'><strong>imperio</strong></span> <span class='ocrx_word' id='word_1_758' title='bbox 3026 5051 3156 5104; x_wconf 88' lang='lat' dir='ltr'><strong>olim</strong></span> <span class='ocrx_word' id='word_1_759' title='bbox 3194 5047 3520 5105; x_wconf 91' lang='lat' dir='ltr'><strong>contendere</strong></span> <span class='ocrx_word' id='word_1_760' title='bbox 3550 5057 3698 5098; x_wconf 79' lang='lat' dir='ltr'><strong>ausa:</strong></span> 
     </span>
    </p>
   </div>
   <div class='ocr_carea' id='block_1_105' title="bbox 2167 5118 3243 5175">
    <p class='ocr_par' dir='ltr' id='par_1_105' title="bbox 2167 5118 3243 5175">
     <span class='ocr_line' id='line_1_105' title="bbox 2167 5118 3243 5175; baseline 0.003 -3"><span class='ocrx_word' id='word_1_761' title='bbox 2167 5119 2220 5172; x_wconf 89' lang='lat' dir='ltr'><strong>in</strong></span> <span class='ocrx_word' id='word_1_762' title='bbox 2257 5120 2410 5172; x_wconf 80' lang='lat' dir='ltr'><strong>sinus</strong></span> <span class='ocrx_word' id='word_1_763' title='bbox 2462 5118 2712 5173; x_wconf 88' lang='lat' dir='ltr'><strong>Saronici</strong></span> <span class='ocrx_word' id='word_1_764' title='bbox 2749 5118 2913 5174; x_wconf 83' lang='lat' dir='ltr'><strong>veluti</strong></span> <span class='ocrx_word' id='word_1_765' title='bbox 2951 5121 3243 5175; x_wconf 82' lang='lat' dir='ltr'><strong>umbelico.</strong></span> 
     </span>
    </p>
   </div>
   <div class='ocr_carea' id='block_1_106' title="bbox 2240 5183 3697 5260">
    <p class='ocr_par' dir='ltr' id='par_1_106' title="bbox 2240 5183 3697 5260">
     <span class='ocr_line' id='line_1_106' title="bbox 2240 5183 3697 5260; baseline -0.014 -4"><span class='ocrx_word' id='word_1_766' title='bbox 2240 5190 2316 5256; x_wconf 64' lang='grc' dir='ltr'><strong>(ἓ)</strong></span> <span class='ocrx_word' id='word_1_767' title='bbox 2360 5189 2559 5244; x_wconf 77' lang='lat' dir='ltr'><strong>Versus</strong></span> <span class='ocrx_word' id='word_1_768' title='bbox 2589 5189 2875 5255; x_wconf 72' lang='lat' dir='ltr'><strong>lstlnnum,</strong></span> <span class='ocrx_word' id='word_1_769' title='bbox 2905 5191 3158 5250; x_wconf 87' lang='lat' dir='ltr'><strong>Salamis.</strong></span> <span class='ocrx_word' id='word_1_770' title='bbox 3189 5191 3560 5260; x_wconf 33' lang='lat' dir='ltr'><strong>Phartn‘acusae</strong></span> <span class='ocrx_word' id='word_1_771' title='bbox 3577 5183 3697 5260; x_wconf 53' lang='lat' dir='ltr'><strong>dear.</strong></span> 
     </span>
    </p>
   </div>
   <div class='ocr_carea' id='block_1_107' title="bbox 2165 5257 3696 5328">
    <p class='ocr_par' dir='ltr' id='par_1_107' title="bbox 2165 5257 3696 5328">
     <span class='ocr_line' id='line_1_107' title="bbox 2165 5257 3696 5328; baseline -0.003 -16"><span class='ocrx_word' id='word_1_772' title='bbox 2165 5261 2418 5313; x_wconf 83' lang='lat' dir='ltr'><strong>Atalanta</strong></span> <span class='ocrx_word' id='word_1_773' title='bbox 2471 5269 2528 5313; x_wconf 87' lang='lat' dir='ltr'><strong>et</strong></span> <span class='ocrx_word' id='word_1_774' title='bbox 2583 5261 2704 5314; x_wconf 74' lang='lat' dir='ltr'><strong>alia:</strong></span> <span class='ocrx_word' id='word_1_775' title='bbox 2758 5260 2997 5315; x_wconf 82' lang='lat' dir='ltr'><strong>minores</strong></span> <span class='ocrx_word' id='word_1_776' title='bbox 3043 5262 3328 5328; x_wconf 50' lang='lat' dir='ltr'><strong>quaedam:</strong></span> <span class='ocrx_word' id='word_1_777' title='bbox 3374 5257 3606 5328; x_wconf 79' lang='lat' dir='ltr'><strong>Belbina,</strong></span> <span class='ocrx_word' id='word_1_778' title='bbox 3652 5257 3696 5302; x_wconf 76' lang='lat' dir='ltr'><strong>in</strong></span> 
     </span>
    </p>
   </div>
   <div class='ocr_carea' id='block_1_108' title="bbox 2167 5324 3696 5403">
    <p class='ocr_par' dir='ltr' id='par_1_108' title="bbox 2167 5324 3696 5403">
     <span class='ocr_line' id='line_1_108' title="bbox 2167 5324 3696 5403; baseline -0.001 -21"><span class='ocrx_word' id='word_1_779' title='bbox 2167 5328 2420 5403; x_wconf 62' lang='lat' dir='ltr'><strong>[Eginam</strong></span> <span class='ocrx_word' id='word_1_780' title='bbox 2464 5341 2517 5382; x_wconf 92' lang='lat' dir='ltr'><strong>et</strong></span> <span class='ocrx_word' id='word_1_781' title='bbox 2557 5329 2709 5403; x_wconf 82' lang='lat' dir='ltr'><strong>littus</strong></span> <span class='ocrx_word' id='word_1_782' title='bbox 2752 5331 3029 5403; x_wconf 63' lang='lat' dir='ltr'><strong>Atticum;</strong></span> <span class='ocrx_word' id='word_1_783' title='bbox 3062 5324 3262 5403; x_wconf 28' lang='lat' dir='ltr'><strong>iversus</strong></span> <span class='ocrx_word' id='word_1_784' title='bbox 3310 5324 3696 5403; x_wconf 53' lang='lat' dir='ltr'><strong>Arehipelfgum</strong></span> 
     </span>
    </p>
   </div>
   <div class='ocr_carea' id='block_1_109' title="bbox 2168 5393 3693 5466">
    <p class='ocr_par' dir='ltr' id='par_1_109' title="bbox 2168 5393 3693 5466">
     <span class='ocr_line' id='line_1_109' title="bbox 2168 5393 3693 5466; baseline 0 -16"><span class='ocrx_word' id='word_1_785' title='bbox 2168 5393 2296 5452; x_wconf 71' lang='lat' dir='ltr'><strong>vero</strong></span> <span class='ocrx_word' id='word_1_786' title='bbox 2330 5398 2488 5466; x_wconf 90' lang='lat' dir='ltr'><strong>pleno</strong></span> <span class='ocrx_word' id='word_1_787' title='bbox 2517 5400 2673 5462; x_wconf 90' lang='lat' dir='ltr'><strong>mari,</strong></span> <span class='ocrx_word' id='word_1_788' title='bbox 2709 5399 2894 5463; x_wconf 67' lang='lat' dir='ltr'><strong>nullae;</strong></span> <span class='ocrx_word' id='word_1_789' title='bbox 2928 5401 3022 5454; x_wconf 88' lang='lat' dir='ltr'><strong>sed</strong></span> <span class='ocrx_word' id='word_1_790' title='bbox 3053 5401 3194 5455; x_wconf 85' lang='lat' dir='ltr'><strong>circa</strong></span> <span class='ocrx_word' id='word_1_791' title='bbox 3230 5411 3517 5466; x_wconf 78' lang='lat' dir='ltr'><strong>Utrumque</strong></span> <span class='ocrx_word' id='word_1_792' title='bbox 3546 5393 3693 5450; x_wconf 65' lang='lat' dir='ltr'><strong>littus,</strong></span> 
     </span>
    </p>
   </div>
   <div class='ocr_carea' id='block_1_110' title="bbox 2165 5467 3153 5537">
    <p class='ocr_par' dir='ltr' id='par_1_110' title="bbox 2165 5467 3153 5537">
     <span class='ocr_line' id='line_1_110' title="bbox 2165 5467 3153 5537; baseline 0.002 -15"><span class='ocrx_word' id='word_1_793' title='bbox 2165 5479 2218 5522; x_wconf 89' lang='lat' dir='ltr'><strong>et</strong></span> <span class='ocrx_word' id='word_1_794' title='bbox 2250 5469 2317 5530; x_wconf 82' lang='lat' dir='ltr'><strong>ab</strong></span> <span class='ocrx_word' id='word_1_795' title='bbox 2345 5467 2540 5537; x_wconf 68' lang='lat' dir='ltr'><strong>Aigina</strong></span> <span class='ocrx_word' id='word_1_796' title='bbox 2600 5469 2940 5532; x_wconf 88' lang='lat' dir='ltr'><strong>remotiores,</strong></span> <span class='ocrx_word' id='word_1_797' title='bbox 2974 5469 3153 5524; x_wconf 68' lang='lat' dir='ltr'><strong>varize.</strong></span> 
     </span>
    </p>
   </div>
   <div class='ocr_carea' id='block_1_111' title="bbox 2242 5536 3694 5608">
    <p class='ocr_par' dir='ltr' id='par_1_111' title="bbox 2242 5536 3694 5608">
     <span class='ocr_line' id='line_1_111' title="bbox 2242 5536 3694 5608; baseline -0.009 -17"><span class='ocrx_word' id='word_1_798' title='bbox 2242 5538 2315 5606; x_wconf 70' lang='lat'><strong>(3)</strong></span> <span class='ocrx_word' id='word_1_799' title='bbox 2345 5536 2706 5593; x_wconf 83' lang='lat' dir='ltr'><strong>Nominantur</strong></span> <span class='ocrx_word' id='word_1_800' title='bbox 2735 5541 2785 5591; x_wconf 93' lang='lat' dir='ltr'><strong>in</strong></span> <span class='ocrx_word' id='word_1_801' title='bbox 2811 5556 2872 5591; x_wconf 85' lang='lat' dir='ltr'><strong>ea</strong></span> <span class='ocrx_word' id='word_1_802' title='bbox 2921 5542 3036 5608; x_wconf 92' lang='lat' dir='ltr'><strong>ipsa</strong></span> <span class='ocrx_word' id='word_1_803' title='bbox 3069 5539 3286 5604; x_wconf 61' lang='lat' dir='ltr'><strong>Egilia,</strong></span> <span class='ocrx_word' id='word_1_804' title='bbox 3314 5536 3495 5590; x_wconf 62' lang='lat' dir='ltr'><strong>insulae</strong></span> <span class='ocrx_word' id='word_1_805' title='bbox 3522 5540 3694 5585; x_wconf 73' lang='lat' dir='ltr'><strong>nomen</strong></span> 
     </span>
    </p>
   </div>
   <div class='ocr_carea' id='block_1_112' title="bbox 2167 5607 3693 5676">
    <p class='ocr_par' dir='ltr' id='par_1_112' title="bbox 2167 5607 3693 5676">
     <span class='ocr_line' id='line_1_112' title="bbox 2167 5607 3693 5676; baseline -0.007 -17"><span class='ocrx_word' id='word_1_806' title='bbox 2167 5608 2400 5668; x_wconf 81' lang='lat' dir='ltr'><strong>faciens,</strong></span> <span class='ocrx_word' id='word_1_807' title='bbox 2442 5610 2584 5676; x_wconf 85' lang='lat' dir='ltr'><strong>quod</strong></span> <span class='ocrx_word' id='word_1_808' title='bbox 2637 5611 2689 5662; x_wconf 91' lang='lat' dir='ltr'><strong>in</strong></span> <span class='ocrx_word' id='word_1_809' title='bbox 2736 5607 2964 5669; x_wconf 80' lang='lat' dir='ltr'><strong>Enqr’am</strong></span> <span class='ocrx_word' id='word_1_810' title='bbox 3006 5612 3164 5663; x_wconf 82' lang='lat' dir='ltr'><strong>vertit</strong></span> <span class='ocrx_word' id='word_1_811' title='bbox 3213 5609 3499 5662; x_wconf 90' lang='lat' dir='ltr'><strong>hodiernus</strong></span> <span class='ocrx_word' id='word_1_812' title='bbox 3541 5609 3693 5655; x_wconf 84' lang='lat' dir='ltr'><strong>usus:</strong></span> 
     </span>
    </p>
   </div>
   <div class='ocr_carea' id='block_1_113' title="bbox 2167 5676 3337 5751">
    <p class='ocr_par' dir='ltr' id='par_1_113' title="bbox 2167 5676 3337 5751">
     <span class='ocr_line' id='line_1_113' title="bbox 2167 5676 3337 5751; baseline -0.003 -18"><span class='ocrx_word' id='word_1_813' title='bbox 2167 5679 2357 5748; x_wconf 76' lang='lat' dir='ltr'><strong>Aphea:</strong></span> <span class='ocrx_word' id='word_1_814' title='bbox 2383 5681 2591 5751; x_wconf 80' lang='lat' dir='ltr'><strong>fanum,</strong></span> <span class='ocrx_word' id='word_1_815' title='bbox 2626 5677 2773 5734; x_wconf 78' lang='lat' dir='ltr'><strong>Jovt&#39;s</strong></span> <span class='ocrx_word' id='word_1_816' title='bbox 2807 5676 3138 5735; x_wconf 75' lang='lat' dir='ltr'><strong>Panltrllenii</strong></span> <span class='ocrx_word' id='word_1_817' title='bbox 3173 5695 3337 5733; x_wconf 86' lang='lat' dir='ltr'><strong>mem.</strong></span> 
     </span>
    </p>
   </div>
  </div>
