3982 6208
340 308 437 370 ’157

1558 323 1735 385 VlTA
1768 324 1823 382 s.
1866 304 2326 385 THEODORJE.

3483 320 3581 386 738

334 424 608 492 ἀμείνους.
646 426 707 477 Ei
739 427 795 479 δὲ
831 428 926 481 καὶ
970 429 1154 499 μεῖζον
1185 432 1308 485 ὅτου
1358 450 1442 495 τις
1481 432 1546 487 ἂν
1583 434 1729 487 εἴποι
1768 434 1902 503 πρὸς

2022 433 2214 502 rliquid
2244 434 2368 488 addi
2406 435 2579 503 possit
2621 435 2685 486 ad
2729 434 2977 502 gloriam,
3013 434 3141 489 inde
3173 434 3337 487 etiam
3376 433 3585 489 accedit

329 517 512 582 δόξαν,
558 521 649 573 καὶ
673 521 735 572 τὸ
775 523 915 577 κατὰ
943 525 1069 588 τοὺς
1101 525 1323 591 πολίτας
1353 527 1412 582 εῦ
1444 529 1567 599 ἔχον
1611 531 1904 585 κάντεῦθεν

334 610 573 678 μάλιστα
608 612 813 674 πάσαις
844 616 904 667 τὸ
931 619 1088 688 νικᾷν
1124 620 1468 688 περιγίνεται
1491 664 1504 685 ,
1543 624 1638 676 καὶ
1671 622 1813 676 οὕτω
1847 624 1907 676 τὸ

329 702 459 755 κατ’
501 703 672 773 αὐτὴν
709 705 983 761 δείκνυται
1014 710 1251 779 προῦχον
1274 728 1290 743 ³
1343 714 1450 779 ὅτῳ
1483 718 1592 785 γάρ
1627 717 1761 769 πᾶσι
1795 720 1904 780 τοῖς

329 796 515 859 ἄλλοις
545 799 815 867 περιττῶς
847 801 1303 874 φιλοτιμουμένη,
1340 808 1432 859 καὶ
1464 808 1604 860 κατὰ
1631 809 1820 862 πασῶν
1849 811 1907 862 τὸ

328 886 535 955 κράτος
561 888 779 975 ἔχουσα,
812 894 905 944 καὶ
927 893 1026 964 τὴν
1052 896 1288 948 νικῶσαν
1322 900 1377 950 ἐν
1406 898 1580 951 ἅπασι
1603 902 1904 970 φερομένη,

332 978 542 1045 μείζων
575 980 654 1043 είς
680 980 838 1047 δόξαν
872 986 905 1053 ἡ
931 984 1216 1056 θαυμαστὴ
1248 988 1355 1040 τῶν
1390 991 1681 1044 οἰκούντων
1722 995 1909 1045 ἐπιτυ-

327 1074 427 1140 χία
450 1115 463 1136 ,
500 1074 595 1126 καὶ
624 1076 685 1128 τὸ
711 1076 800 1131 διὰ
835 1078 1052 1132 πάντων
1080 1080 1330 1143 ἐλθοῦσα,
1364 1082 1437 1146 ὡς
1471 1086 1699 1152 μηδενὸς
1738 1087 1907 1139 ἐνδεῖν

326 1159 410 1217 ὧν
439 1183 502 1233 γε
533 1168 718 1219 πόλεσι
749 1168 985 1237 μάλιστα
1009 1171 1090 1224 δεῖ
1118 1174 1209 1225 καὶ
1239 1175 1615 1239 τοὺς’πολίτας
1640 1177 1914 1247 καταλλή-⁴

323 1257 459 1320 λονς
495 1259 794 1328 κεκτῆσθαι
817 1275 830 1290 ⁸
869 1260 1012 1315 οὕτω
1053 1265 1159 1331 γὰρ
1192 1267 1520 1336 χρηστότητι
1560 1271 1779 1340 τρόπων
1815 1274 1909 1327 καὶ⁴

325 1349 483 1416 ἠθῶν
508 1351 795 1421 εὐκοσμίᾳ,
825 1354 917 1407 καὶ
941 1357 1107 1408 πᾶσιν
1130 1352 1209 1417 οἷς
1244 1358 1515 1429 ἀνθρώπῳ
1544 1360 1676 1431 πρὸς
1705 1364 1906 1431 τρόπου

326 1442 542 1503 πάντας
563 1445 785 1496 νικῶσιν
806 1447 880 1508 ὡς
911 1449 1171 1511 ἐπιεικῶς
1199 1454 1262 1519 τῇ
1292 1454 1508 1520 πατρίδι
1532 1456 1908 1524 προσήκοντας

328 1534 429 1583 καὶ
454 1535 564 1593 τοῖς
596 1536 805 1588 ἐκεῖθεν
827 1538 1070 1602 ἐπαίνοις
1098 1540 1171 1603 ὡς
1203 1544 1423 1605 οἰκείοις
1451 1548 1906 1615 σεμνυνομένους,

326 1621 507 1685 οὕτως
536 1627 672 1695 αὐτῇ
707 1631 989 1695 συναύξειν
1021 1630 1079 1684 εὖ
1116 1633 1347 1701 μάλιστα
1379 1636 1477 1697 τὰς
1508 1638 1801 1709 εὐφημίας,
1834 1642 1909 1705 ὡς

328 1712 633 1783 ἑκατέρους
665 1718 915 1789 ἀλλήλοις
945 1726 1189 1792 κοσμεῖν,
1224 1728 1315 1778 καὶ
1340 1727 1407 1779 δι’
1438 1728 1688 1797 ἀλλήλων
1723 1732 1911 1786 ἐκατέ-

333 1821 467 1873 ρους
500 1808 861 1879 εὐδαιμονεῖν.

409 2067 472 2125 δ’.
502 2070 719 2125 Τούτων
748 2076 802 2127 δὲ
834 2078 893 2131 τὸ
920 2079 1179 2147 μέγιστον
1206 2086 1368 2153 μέρος
1397 2088 1446 2139 oi
1482 2088 1787 2157 θαυμαστοὶ
1812 2096 1913 2160 τῆς

337 2164 589 2233 μεγάλης
621 2170 900 2236 πρόγονοι,
932 2176 1026 2225 καὶ
1052 2175 1099 2227 oi
1130 2176 1293 2230 αἴτιοι
1323 2183 1610 2247 γεγονότες
1636 2183 1770 2251 αὐτῇ
1813 2187 1913 2253 τῆς

335 2259 420 2318 εἰς
448 2257 538 2309 τὸν
565 2257 675 2328 βίον
708 2264 935 2331 προόδου
963 2282 975 2295 -
1014 2268 1271 2322 τοσοῦτον
1302 2272 1410 2341 γὰρ
1440 2274 1535 2325 καὶ
1566 2275 1781 2344 πλούτῳ
1820 2280 1913 2331 καὶ

334 2349 467 2420 δόξῃ
529 2355 619 2404 καὶ
679 2354 756 2422 τῷ
803 2355 897 2408 τοῦ
964 2358 1155 2425 γένους
1225 2358 1282 2415 εὖ
1334 2363 1479 2433 ἔχειν
1535 2369 1627 2419 καὶ
1690 2368 1912 2437 τρόποις

336 2447 597 2510 χρηστοῖς
628 2447 719 2497 καὶ
752 2448 827 2517 τῷ
862 2450 979 2517 Θεῷ
1014 2451 1187 2518 φιλεῖς
1216 2450 1374 2518 εἶναι,
1415 2460 1509 2510 καὶ
1542 2459 1706 2511 πᾶσιν
1734 2461 1809 2523 ὡς
1842 2466 1916 2514 εξ-

338 2538 466 2587 ττεῖν
492 2538 602 2599 τοῖς
634 2538 929 2607 βελτίστοις
964 2545 1115 2612 παρὰ
1144 2545 1252 2597 τῶν
1280 2547 1514 2601 πολιτῶν
1543 2551 1602 2601 τὸ
1635 2569 1915 2623 συγκεχω-

345 2628 514 2696 ρηκὸς
562 2630 736 2699 ἔσχον,
773 2634 896 2687 ὅσον
943 2631 1087 2690 οὗτοι
1117 2641 1212 2691 καὶ
1252 2642 1462 2704 τούτοις
1502 2645 1595 2695 καὶ
1623 2647 1755 2697 πᾶσι
1802 2649 1913 2709 τοῖς

340 2721 524 2783 ἄλλοις
555 2724 662 2776 τῶν
692 2725 867 2779 ἄλλων
898 2729 1230 2799 ἐκράτησαν.
1267 2734 1362 2796 Τίς
1401 2736 1499 2787 οὐκ
1524 2734 1664 2789 οἶδεν
1713 2739 1907 2792 Ἀντώ-

339 2831 472 2876 νιον,
521 2815 578 2879 ὃς
620 2819 699 2880 εἰς
744 2820 870 2880 τοὺς
914 2822 1166 2892 ἱερᾶσθαι
1207 2824 1470 2894 λαχόντας
1518 2828 1762 2894 τελέσας,
1821 2833 1916 2883 καὶ

343 2906 551 2969 πάντας
610 2909 666 2959 ὲν
725 2912 891 2963 πᾶσιν
948 2913 1356 2985 ὑπερνικήσας,
1412 2918 1613 2983 ἔδειξεν
1668 2923 1916 2991 ἐναργῶς

340 3001 523 3051 ὁποῖον
551 2996 691 3053 εἶναι
716 3003 821 3073 χρὴ
854 3005 955 3057 κάν
987 3009 1094 3068 τοῖς
1120 3008 1305 3077 ἔργοις
1338 3011 1428 3061 τὸν
1453 3012 1712 3081 τοιαύτην
1754 3017 1915 3085 ὲσχη-

2011 527 2151 580 ltaud
2187 542 2398 594 parum,
2435 528 2578 597 quod
2615 526 2819 595 optima
2867 526 3167 580 incolarum
3205 522 3583 592 complexione

2008 618 2222 672 cunctis
2268 618 2349 671 vel
2386 619 2624 671 maxime
2673 618 2744 672 sit
2787 617 3069 687 superior,
3120 624 3174 670 et
3214 615 3333 684 ejus
3380 613 3481 667 hac
3527 615 3581 666 in

2009 719 2162 778 parte
2211 710 2566 779 praerogativa
2620 710 2797 777 palam
2842 710 3272 761 demonstretur.
3331 705 3386 757 Id
3432 702 3578 757 enim

2011 800 2156 853 unde
2189 815 2298 869 prae
2329 800 2452 854 aliis
2486 800 2835 868 singulariter
2869 798 3157 868 gloriatur,
3192 805 3447 863 tanquam
3478 795 3580 847 ima

2008 893 2216 962 perium
2257 893 2310 945 in
2342 908 2532 947 omnes
2560 893 2768 946 habens
2818 902 2872 945 et
2925 889 3127 959 primas
3161 888 3213 942 in
3240 886 3450 940 cunctis
3503 886 3580 939 l'c-

2008 1001 2174 1048 rens,
2233 986 2491 1054 quodque
2546 998 2732 1038 revera
2788 991 2871 1036 est
2924 981 2989 1035 ad
3047 977 3576 1035 commendationem

2009 1077 2333 1137 maximum,
2364 1086 2447 1130 est
2474 1075 2803 1144 prosperitas
2830 1073 3128 1125 incolarum
3161 1066 3498 1121 admirabilis
3523 1075 3578 1120 et

2010 1169 2267 1222 omnibus
2295 1167 2540 1221 numeris
2577 1178 2683 1219 tam
2709 1164 2980 1225 absoluta,
3008 1171 3067 1215 ut
3096 1162 3229 1213 nihil
3272 1174 3461 1214 eorum
3490 1157 3577 1210 itt-

2009 1261 2210 1330 digeat,
2256 1276 2377 1328 quae
2422 1258 2693 1327 praecipue
2726 1256 2951 1309 urbibus
2999 1264 3123 1308 sunt
3154 1250 3486 1313 necessaria,
3524 1256 3578 1301 et

2010 1354 2159 1406 cives
2208 1352 2347 1404 inter
2395 1365 2456 1405 se
2502 1348 2877 1419 quantnptime
2928 1348 3121 1399 haheat
3167 1342 3576 1397 convenientes.

2010 1444 2143 1497 Nam
2194 1444 2437 1497 bonitate
2488 1443 2686 1495 indolis
2739 1453 3060 1506 morumque
3105 1444 3322 1495 ornatu,
3364 1441 3413 1486 et
3458 1432 3580 1500 qui-

2011 1538 2328 1605 buscuuque
2369 1533 2575 1589 homini
2617 1548 2757 1601 opus
2800 1542 2885 1585 est
2936 1529 3002 1583 ad
3047 1528 3169 1582 vitae.
3215 1527 3575 1583 honestatem,

2012 1637 2272 1696 superant
2308 1627 2572 1696 reliquos,
2605 1625 2765 1679 veluti
2800 1623 2893 1692 qui
2927 1637 3039 1675 sua:
3068 1620 3258 1689 patri-ce
3294 1628 3417 1685 apte
3447 1629 3583 1670 con-

2014 1728 2233 1791 gruant,
2289 1729 2343 1773 et
2379 1719 2518 1774 sicut
2555 1717 2703 1771 illius
2746 1714 3001 1769 laudibus
3039 1712 3297 1779 tanquam
3346 1708 3589 1778 propriis

2013 1813 2363 1877 decorentur,
2398 1810 2477 1864 sic
2506 1808 2609 1879 ipsi
2645 1805 3143 1863 commendationis
3175 1803 3380 1857 addant
3415 1799 3587 1870 pluri-

2012 1921 2184 1970 mum,
2209 1914 2508 1974 mutuoque
2535 1917 2594 1957 se
2616 1909 2813 1956 ornent
2838 1906 2894 1959 et
2928 1908 3173 1952 mutuam
3205 1895 3468 1964 impleant
3504 1890 3580 1946 fe-

2014 2001 2269 2055 licitatem
2282 2040 2296 2054 .

2084 2088 2141 2147 4.
2183 2090 2389 2146 llorum
2418 2100 2597 2145 autem
2625 2105 2754 2160 pars
2783 2104 2888 2143 non
2924 2088 3147 2141 minima
3176 2100 3386 2153 magna:
3422 2083 3587 2152 hujus

2015 2195 2218 2241 sancta:
2245 2185 2397 2239 fuere
2428 2182 2737 2238 admirandi
2770 2189 3044 2251 parentes,
3080 2192 3174 2247 per
3205 2192 3342 2246 quos
3376 2175 3586 2240 ingres-

2016 2293 2136 2333 sum
2182 2277 2300 2345 ipsa
2347 2274 2401 2327 in
2445 2275 2584 2349 hanc
2621 2274 2786 2328 vitam
2832 2271 3023 2325 habuit
3051 2288 3064 2323 :
3096 2268 3235 2322 adeo
3265 2268 3408 2321 enim
3444 2266 3588 2319 inter

2016 2367 2160 2421 cives
2185 2379 2377 2419 omnes
2412 2365 2788 2419 excelluerunt
2822 2362 3019 2431 opibus
3042 2400 3057 2424 ,
3090 2359 3261 2427 gloria
3286 2396 3300 2421 ,
3336 2356 3588 2411 claritate

2015 2458 2251 2528 generis,
2280 2471 2490 2511 morum
2523 2453 2855 2524 praestantia,
2882 2451 2975 2506 Dei
2997 2451 3313 2514 dilectione,
3339 2461 3391 2503 et
3421 2448 3587 2501 rebus

2015 2552 2433 2620 quibuscunque
2478 2549 2558 2618 (ut
2608 2547 2772 2601 verbo
2818 2560 2927 2600 uno
2976 2543 3277 2607 absolvam)
3328 2538 3583 2609 optimis,

2016 2654 2277 2714 quantum
2312 2642 2385 2696 illi
2416 2649 2471 2696 et
2504 2641 2587 2693 his
2616 2654 2738 2709 qme
2778 2636 2915 2701 dixi,
2949 2646 3000 2689 et
3032 2635 3157 2689 aliis
3189 2632 3347 2687 bonis
3373 2630 3589 2686 cunctis

2017 2734 2363 2790 antestabant
2392 2732 2621 2786 caeteris.
2668 2729 2802 2795 Quis
2842 2728 3140 2783 Antonium
3188 2725 3408 2794 ignorat
3447 2725 3589 2778 inter

2018 2825 2332 2881 sacerdotes
2382 2823 2718 2885 ordinatum,
2771 2830 2826 2874 et
2873 2827 2998 2873 ante
3047 2826 3277 2871 cunctos
3327 2815 3382 2869 in
3428 2815 3588 2869 rebus

2015 2917 2272 2972 omnibus
2332 2914 2508 2970 ordini
2564 2927 2667 2967 suo
2720 2910 2979 2981 congruis
3035 2907 3442 2963 excellentem?
3493 2904 3593 2973 qui

2020 3011 2198 3078 reipsa
2233 3008 2621 3061 demonstrans
2650 3004 2863 3073 qualem
2899 3001 3153 3069 operibus
3185 3012 3306 3052 esse
3341 3001 3592 3066 oporteat

344 3091 476 3146 κάτα
510 3094 812 3163 πρόσρησιν
835 3113 848 3127 ·
887 3098 943 3159 ὃς
982 3114 1043 3162 γε
1076 3099 1184 3149 τῶν
1219 3101 1600 3167 αἱρετιζόντων
1630 3105 1913 3175 ἐπικειμέ-

2022 3097 2283 3167 ejusmodi
2312 3095 2563 3150 sortitum
2602 3093 2941 3148 vocationem
2964 3130 2979 3154 ,
3013 3105 3139 3145 cum
3165 3099 3377 3144 satorcs
3417 3087 3591 3142 hatre-

342 3199 449 3236 νων
483 3185 574 3235 καὶ
614 3186 712 3253 τῆς
742 3187 990 3239 ἐντεῦθεν
1028 3189 1223 3258 ἀχλύος
1257 3192 1651 3263 ἐπισκοτούσης
1685 3198 1749 3265 τῇ
1798 3198 1918 3249 Ἑκ-

344 3276 561 3346 κλησίᾳ,
591 3279 749 3345 μόνος
771 3279 879 3331 τῶν
903 3281 1141 3344 πάντων,
1168 3281 1355 3352 ὥσπερ
1380 3285 1535 3347 ἀετὸς
1567 3287 1624 3337 ὲν
1644 3288 1917 3356 νεφέλαις,

342 3367 434 3418 τοῦ
458 3367 726 3431 κλύδωνος
750 3370 1063 3440 ὑπερσχὼν,
1086 3372 1355 3442 ἀνώτερος
1386 3374 1540 3445 ὤφθη
1560 3377 1679 3430 ’τῶν
1708 3380 1917 3433 ἐκεῖθεν

342 3462 608 3528 διαύλωνς
644 3464 752 3515 Καὶ
787 3463 882 3533 μὲν
928 3466 1021 3516 καὶ
1062 3464 1386 3535 Χρυσάνθην
1426 3466 1507 3529 τίς
1544 3469 1644 3519 οὐκ
1685 3470 1746 3519 ἂν
1786 3471 1919 3535 ἀγά-

347 3569 532 3617 σαιτο,
562 3553 661 3605 οὐκ
695 3553 978 3617 εὐσεϐείας
1010 3554 1198 3607 εἵνεκα
1230 3556 1389 3623 μόνον
1424 3560 1514 3608 καὶ
1545 3553 1609 3627 ἦς
1642 3555 1756 3626 εἶχε
1791 3560 1917 3627 περὶ

342 3645 548 3713 ταύτην
573 3646 834 3715 σπουδῆς,
864 3646 1005 3699 ὥστε
1030 3647 1188 3698 τοῦτο
1219 3649 1317 3716 μὲν
1347 3649 1482 3718 αὐτῇ
1516 3649 1691 3701 πάντα
1724 3650 1918 3703 παθεῖν

343 3736 521 3807 ἐσχειν
573 3738 804 3805 ἑτοίμως
848 3739 880 3808 ἢ
922 3740 1125 3807 ταύτης
1181 3742 1271 3791 καὶ
1324 3741 1522 3810 μικρὸν
1576 3738 1915 3811 ἀποστῆναι,

344 3830 499 3883 τοῦτο
532 3831 588 3884 δὲ
627 3831 720 3884 καὶ
749 3834 861 3894 τοῖς
891 3831 1092 3897 ἄλλοις,
1128 3832 1317 3901 ὥσπερ
1346 3850 1431 3896 τις
1461 3834 1637 3896 κοινὸς
1680 3834 1919 3904 μελεδω-

344 3922 430 3984 νὸς
461 3922 766 3986 εὐσεδείας,
806 3923 1192 3986 καθίστασθαι,
1230 3924 1367 3978 ἀλλὰ
1400 3926 1492 3978 καὶ
1528 3927 1625 3996 τῆς
1659 3928 1765 3981 τῶν
1795 3930 1921 4000 τρό-

348 4031 464 4066 πων
500 4015 767 4083 μουσικῆς
809 4017 901 4067 καὶ
935 4016 1052 4067 κατ’
1084 4017 1285 4085 ἀρετὴν
1318 4017 1580 4085 ἐργασίας
1602 4033 1614 4047 ·
1648 4018 1707 4083 ἐξ
1739 4012 1814 4073 ὧν
1853 4038 1916 4089 γε

346 4107 643 4176 προσήκειν
669 4103 811 4174 εἶχεν
850 4108 1139 4177 Ἀντωνίῳ,
1168 4110 1259 4160 καὶ
1291 4111 1388 4178 τῆς
1419 4109 1662 4177 μεγάλης
1689 4114 1918 4179 ταυτησὶ

348 4198 604 4266 συζυγίας
637 4198 934 4270 ἀξιόχρεως
960 4195 1121 4253 εἶναι.

417 4384 477 4429 ε’.
516 4377 674 4429 Οὕτω
707 4376 761 4429 δὲ
797 4376 1001 4447 ἔχουσι,
1045 4377 1140 4430 καὶ
1170 4376 1312 4433 οὕτω
1344 4380 1522 4434 πάντα
1560 4377 1628 4433 τὰ
1666 4379 1916 4450 βέλτιστα

351 4468 649 4535 συνελοῦσι,
690 4469 750 4521 τὸ
784 4470 1002 4523 πάντων
1040 4471 1294 4538 μέγιστον
1324 4472 1420 4525 καὶ
1453 4474 1614 4525 οίονεὶ
1648 4472 1916 4541 κολοφὼν,

351 4564 443 4615 καὶ
496 4564 732 4631 μάλιστα
764 4563 981 4617 πάντων
1013 4558 1086 4617 ὧν
1120 4562 1264 4633 εἶχον
1298 4567 1537 4629 ἐκείνους
1586 4566 1848 4634 κοσμοῦν,
1885 4567 1918 4637 ή

355 4656 558 4724 μεγάλη
592 4657 690 4707 καὶ
723 4654 1009 4725 θαυμαστὴ
1044 4655 1313 4725 Θεοδώρα,
1358 4657 1657 4727 τεκμήριον
1689 4656 1921 4726 ἐναργὲς

351 4751 685 4817 ἀιαφανείσα
732 4752 881 4817 σφίσι
928 4750 1111 4802 θεόθεν
1141 4748 1233 4801 τοῦ
1280 4749 1415 4801 Θεοῦ
1449 4750 1586 4818 πρὸς
1626 4748 1828 4810 αὐτοὺς
1860 4742 1919 4800 εὖ

351 4841 696 4908 διακειμένου
737 4843 812 4911 (Ιι)
847 4842 939 4893 καὶ
974 4840 1119 4905 Disce,
1157 4839 1346 4909 ὥσπερ
1379 4839 1630 4893 ἐντεῦθεν
1663 4838 1923 4900 ἐπιεικῶς

354 4932 778 5001 ὶπιδειξαμὲνου,
801 4933 927 4983 ὅσου
955 4933 1098 4994 τινος
1125 4930 1247 4998 ἄγει
1275 4931 1561 4991 τάκείνων,
1585 4932 1680 4982 καὶ
1705 4928 1779 4991 ὡς
1804 4928 1918 4981 ἀντ’

356 5024 511 5077 ἄλλου
546 5025 688 5087 τινος
720 5025 752 5093 ἦ
785 5024 891 5094 πρὸ
923 5025 1118 5087 παντὸς
1146 5024 1303 5078 ἄλλου
1334 5024 1507 5092 γέρως
1538 5021 1737 5074 δέδωκέ
1774 5024 1929 5089 σφίσι

354 5118 450 5189 τὴν
493 5118 681 5186 παῖδα,
729 5118 818 5169 ἐπὶ
846 5116 1098 5170 τοσοῦτον
1135 5117 1333 5186 ἥκουσι
1382 5112 1786 5180 καλοκαγαθίας
1826 5113 1926 5165 καὶ

356 5210 445 5262 τοῦ
469 5211 555 5262 διὰ
584 5213 799 5263 πάντων
822 5209 1029 5262 ἐλάται.
1059 5208 1217 5261 Οὕτω
1235 5207 1323 5260 διὰ
1352 5203 1627 5273 γυναικῶν
1654 5204 1926 5273 βελτίστη,

356 5301 442 5354 διά
472 5301 687 5353 πάντων
714 5301 1021 5368 τυγχάνεις,
1055 5299 1148 5351 καὶ
1180 5299 1355 5353 πάντα
1382 5296 1731 5366 καταλλήλως
1762 5295 1926 5365 ἐσχης

358 5398 549 5464 σαυτῇ,
583 5396 681 5461 τήν
708 5410 765 5446 τε
802 5394 1053 5462 πατρίδα,
1083 5391 1206 5453 τούς
1236 5407 1293 5441 τε
1323 5388 1644 5452 τοκέας,ἴνα
1676 5405 1758 5440 σοι
1788 5404 1927 5441 παν-

361 5489 586 5558 ταχόθεν
627 5487 711 5557 εἴη
739 5487 797 5539 τὸ
824 5486 1080 5556 εὔδαιμον
1112 5488 1208 5536 καὶ
1238 5482 1323 5535 διὰ
1354 5482 1573 5535 πάντων
1604 5480 1825 5551 νικῲης.
1863 5480 1925 5533 Et

362 5581 419 5635 δὲ
453 5584 547 5635 καὶ
584 5582 788 5634 τούτων
824 5581 884 5633 οὐ
928 5580 1088 5649 μόνον
1124 5579 1421 5646 ἀξινῐχρεως
1452 5574 1723 5643 ἀνεφάνης
1762 5572 1923 5640 αὐτὴ,

1949 4429 1996 4485 D

2019 3204 2147 3244 seou
2179 3186 2437 3241 Ecclesiae
2462 3185 2860 3242 incumberent.
2889 3196 3118 3249 eamque
3149 3180 3324 3234 oﬂ‘usa
3358 3179 3591 3247 caligine

2019 3280 2478 3339 obtenebrarent,
2516 3286 2773 3343 tanquam
2806 3274 2987 3343 aquila
3034 3273 3209 3328 nubes
3256 3273 3591 3347 procellosas

2020 3370 2434 3432 transcendens,
2464 3380 2655 3420 eorum
2692 3363 3196 3418 concertationibus
3236 3362 3386 3418 solus
3419 3377 3590 3429 appa-

2020 3461 2130 3514 ruit
2154 3460 2334 3512 altior.
2364 3456 2766 3528 Chrysantham
2800 3469 2965 3523 porro
2986 3453 3111 3525 quis
3135 3469 3242 3507 non
3264 3453 3596 3507 admiratur?

2020 3553 2136 3606 Non
2172 3559 2381 3605 tantum
2415 3559 2637 3617 propter
2669 3546 2985 3617 religionem
3019 3546 3213 3613 ipsius,
3235 3551 3287 3597 et
3315 3554 3424 3599 tam
3454 3542 3592 3596 iusi-

2022 3658 2125 3713 gne
2159 3656 2284 3711 erga
2324 3638 2574 3693 eamdem
2617 3638 2897 3699 studium,
2927 3645 2986 3690 ut
3022 3636 3136 3705 ipsa
3170 3635 3385 3703 quidem
3416 3632 3591 3688 levius

2019 3738 2241 3791 (luceret
2289 3732 2473 3787 omnia
2520 3732 2726 3800 perpeti
2767 3744 2932 3798 quam
2978 3729 3047 3782 ab
3092 3742 3155 3781 ea
3198 3728 3282 3781 vel
3317 3726 3588 3780 tantillum

2020 3826 2306 3890 recedere,
2354 3824 2477 3878 aliis
2524 3838 2654 3876 vero
2699 3830 2958 3891 tanquam
3000 3818 3308 3873 communis
3348 3816 3591 3871 curatrix

2021 3921 2239 3993 pietatis
2268 3918 2625 3988 praesideret;
2666 3915 2758 3969 sed
2790 3915 2951 3967 etiam
2985 3918 3206 3982 propter
3233 3908 3590 3976 compositio-

2021 4029 2142 4068 nem
2175 4010 2560 4067 suavissimam
2604 4020 2846 4068 morum,
2888 4014 2940 4058 et
2974 4006 3237 4057 virtutum
3271 4001 3593 4069 omnigena-

2022 4121 2142 4161 rum
2178 4103 2648 4164 exercitationem,
2682 4113 2909 4168 quarum
2942 4110 3108 4151 causa
3139 4093 3451 4148 merebatur
3484 4090 3591 4145 frui

2022 4196 2303 4256 Antonio,
2366 4204 2419 4248 et
2475 4204 2685 4262 magna:
2747 4189 2906 4258 hujus
2965 4185 3369 4254 conjunctionis
3426 4182 3590 4250 digna

2021 4288 2213 4345 videri.
2840 4321 2845 4327 -

2095 4381 2148 4435 5.
2189 4380 2265 4434 Ita
2310 4393 2368 4431 se
2420 4376 2746 4431 habentibus
2775 4373 2881 4428 illis
2923 4383 2975 4428 et
3010 4371 3212 4441 optima
3260 4383 3490 4439 quaeque
3535 4365 3592 4421 in

2027 4488 2194 4529 unum
2234 4468 2661 4530 conferentibus,
2691 4468 2935 4520 omnium
2964 4463 3288 4524 maximum,
3323 4474 3386 4513 ac
3425 4458 3595 4512 veluti

2026 4563 2268 4628 coronis,
2300 4569 2355 4615 et
2403 4573 2513 4627 prze
2554 4556 2768 4612 caeteris
2811 4567 2999 4608 eorttm
3051 4552 3389 4604 ornamentis
3434 4547 3597 4615 longe

2026 4651 2617 4726 praecellentissimum,
2642 4659 2835 4714 magna
2861 4655 3023 4712 atque
3043 4640 3382 4695 admirabilis
3411 4637 3597 4692 Theo-

2028 4725 2159 4803 dora
2201 4744 2430 4813 obtigit;
2464 4740 2679 4809 signum
2716 4736 2798 4789 eis
2855 4730 3203 4786 manifestum
3238 4728 3486 4795 praahens
3509 4725 3596 4779 dis

2030 4842 2168 4892 vina:
2204 4849 2332 4902 erga
2375 4847 2433 4886 se
2474 4824 2861 4887 miserationis,
2892 4820 3109 4876 abunde
3138 4815 3595 4879 demonstrantis,

2031 4924 2219 4997 quanti
2256 4926 2405 4992 ipsos
2433 4920 2655 4980 faceret,
2682 4924 2733 4969 et
2760 4914 2903 4982 quod
2930 4927 3027 4982 pro
3050 4910 3153 4964 alia
3176 4922 3505 4978 quacunque
3544 4917 3600 4961 et

2034 4996 2143 5086 pra:
2171 5011 2320 5066 omni
2360 5006 2607 5061 mercede
2660 5002 2766 5057 illis
2829 5010 3103 5067 tantopere
3131 4998 3384 5052 virtutem
3412 4996 3601 5050 colen-

2032 5105 2181 5159 tibus
2213 5111 2264 5156 et
2296 5115 2390 5170 per
2419 5097 2604 5151 omnia
2637 5095 2901 5164 proiicere
2932 5090 3283 5160 cupientibus
3310 5088 3476 5142 tiliam
3509 5086 3603 5138 de-

2034 5198 2197 5253 derit.
2222 5193 2444 5262 Sicque,
2474 5205 2507 5244 o
2536 5188 2827 5242 mulierum
2860 5181 3335 5253 praestantissima,
3367 5178 3514 5232 omni
3535 5188 3600 5228 ex

2036 5298 2186 5359 parte
2217 5285 2405 5341 eﬂecta
2430 5297 2490 5337 es
2530 5280 2759 5350 optima,
2793 5285 2846 5331 ct
2871 5285 3070 5330 cuncta
3097 5274 3191 5327 tibi
3220 5265 3601 5326 convenientia

2037 5379 2296 5438 habuisti,
2326 5377 2581 5445 patriam,
2614 5373 2866 5439 inquam,
2903 5376 3061 5433 atque
3091 5371 3345 5432 parentes
3366 5400 3381 5425 ,
3417 5370 3475 5411 ut
3501 5371 3602 5409 un-

2037 5476 2322 5542 dequaque
2362 5468 2517 5521 beata
2554 5464 2721 5529 fores,
2745 5470 2799 5516 et
2827 5458 3082 5514 omnibus
3107 5471 3201 5524 per
3231 5451 3412 5507 omnia
3448 5450 3603 5517 longe

2037 5563 2308 5635 superior.
2342 5556 2537 5613 Utrum
2572 5569 2702 5612 vero
2735 5567 2843 5607 non
2875 5550 3048 5607 solum
3093 5547 3256 5615 digna
3293 5542 3401 5598 illis
3435 5542 3606 5596 lueris

437 5762 513 5835 (Ii)
543 5760 810 5833 Scriptum
842 5768 978 5827 erat,
1016 5759 1108 5813 τοῦ
1161 5758 1295 5828 πρὸς
1350 5754 1550 5818 αὐτοὺς
1587 5751 1752 5809 αὑτοῦ
1808 5751 2180 5817 διακειμένου.
