3982 6208
415 285 531 355 759

1644 287 1947 348 NlCOLAl
1988 285 2374 349 CABASILE

3545 286 3643 347 7ῡί

414 408 552 477 ipsa,
579 408 671 464 sed
700 406 870 462 multo
901 406 1063 461 etiam
1095 404 1471 459 admirabilior
1502 403 1767 473 majorem
1797 402 1987 457 melio-

2106 403 2227 457 ὶλλὰ
2270 409 2367 458 καὶ
2422 402 2603 476 πολλῷ
2656 404 3083 475 θαυμαστοτέρα
3137 405 3230 457 καὶ
3283 402 3507 472 μείζων,
3554 405 3640 456 καὶ

416 514 641 568 remque
665 508 718 553 te
750 498 1067 568 probaveris
1095 497 1161 552 iis
1190 513 1285 566 per
1312 512 1435 566 qum
1462 496 1841 561 exornabaris,
1868 495 1994 566 quis

428 589 648 645 demum
689 598 865 659 potest
904 588 1187 659 ignorare?

486 681 539 735 6.
582 680 819 735 ltlustria
859 679 1022 749 igitur
1053 691 1142 735 tua
1180 681 1501 743 certamina,
1529 689 1581 734 et
1604 695 1829 750 magnos
1850 681 1993 734 circa

418 772 817 840 philosophiam
844 788 1071 843 agones,
1096 774 1297 841 quibus
1330 774 1530 828 mullos
1572 775 1623 826 in
1648 774 1837 828 eadem
1869 788 1993 827 cum

419 866 577 919 laude
612 875 882 930 versatos,
929 863 1099 920 victos
1128 882 1154 917 a
1197 876 1245 919 te
1270 867 1537 937 longeque
1586 865 1725 920 infra
1774 866 1998 921 relictos

418 957 725 1012 clarissime
775 958 1189 1021 demonstrasti,
1226 959 1338 1029 jam
1393 959 1576 1015 dicere
1625 960 1995 1029 aggredimur.

420 1048 485 1103 Et
537 1064 599 1105 ea
657 1048 1033 1120 quidemquae
1102 1052 1186 1106 his
1245 1052 1420 1105 instar
1478 1052 1814 1106 fundamenti
1865 1051 1997 1105 sub-

342 1214 345 1217 Α
421 1152 615 1208 strata,
636 1160 699 1199 ac
726 1144 889 1199 veluti
917 1145 1276 1199 maximarum
1311 1162 1491 1199 rerum
1520 1162 1675 1201 tuere
1704 1148 1993 1215 prommia,

421 1235 700 1304 quomodo
733 1252 840 1291 non
870 1236 925 1290 in
956 1238 1375 1291 admirationem
1407 1247 1803 1309 stuporemque
1830 1240 2002 1293 dedu-

420 1338 549 1380 cant
581 1327 843 1395 aliquem,
880 1336 934 1380 et
966 1327 1274 1381 futurorum
1312 1326 1514 1382 faciant
1546 1330 1770 1384 minime
1802 1328 1996 1382 falsum

424 1418 639 1474 vatem?
665 1417 1058 1474 instituebatur
1089 1419 1311 1489 quidem
1348 1420 1491 1474 inter
1516 1435 1733 1489 pueros,
1767 1422 1859 1476 sed
1896 1422 1999 1475 mi—

420 1511 568 1565 nime
596 1510 859 1577 puerilem
892 1510 1115 1578 gerebat
1148 1526 1369 1564 sensum
1397 1550 1412 1573 ,
1450 1526 1623 1581 neque
1652 1511 1717 1565 ad
1746 1528 1831 1566 res
1861 1512 1999 1567 ludi-

422 1616 546 1658 cras
572 1603 1019 1664 convertebatur,
1054 1602 1391 1673 voluptatem
1438 1603 1636 1658 exinde
1672 1603 1996 1673 captandam

424 1692 644 1748 virtutis
690 1694 811 1749 loco
862 1695 1183 1759 aestimans,
1233 1696 1327 1750 sed
1377 1695 1575 1750 divinis
1620 1696 1999 1750 oblectabatur

424 1783 938 1851 exercitationibus,
974 1786 1149 1841 sacris
1174 1787 1471 1841 erudienda
1499 1786 1715 1840 litteris.
1752 1784 2001 1840 Etnula-

424 1876 585 1929 batur
607 1886 812 1941 autem,
843 1886 895 1931 et
925 1879 1105 1933 socias
1129 1879 1326 1932 habere
1345 1868 1648 1948 expetebat,
1676 1893 1785 1931 non
1811 1892 2001 1933 assue-

427 1972 515 2024 tas
553 1968 660 2024 illis
688 1972 964 2025 contraria
996 1986 1180 2024 amare
1208 1978 1262 2024 et
1293 1970 1448 2024 malis
1483 1969 1537 2023 in
1573 1977 1737 2025 rebus
1764 1969 1996 2032 versari,

423 2060 570 2130 quod
615 2060 731 2114 vitii
767 2069 873 2124 est,
906 2062 999 2115 sed
1030 2061 1435 2131 adiungebatur
1465 2062 1712 2131 solisque
1745 2062 1999 2116 convive-

424 2152 518 2206 bat
545 2151 631 2214 iis,
666 2166 804 2221 quas
832 2167 988 2206 amor
1020 2152 1380 2222 philosophiae
1426 2153 1745 2223 divinaeque;
1774 2168 2001 2208 conver-

424 2242 652 2299 sationis
686 2244 932 2308 tenehat;
970 2252 1156 2313 utpote
1189 2259 1309 2312 quae
1347 2243 1663 2299 felicitatem
1699 2246 2001 2300 constitue-

423 2342 509 2389 ret
535 2333 589 2388 in
626 2334 735 2390 illis
758 2335 1045 2389 dumtaxat
1070 2336 1256 2399 rebus,
1285 2350 1407 2404 quae
1440 2336 1550 2390 Deo
1575 2336 1812 2403 placent,
1836 2344 2000 2404 atque

424 2426 492 2481 ad
527 2427 787 2482 virtutem
825 2426 1058 2490 ducunt,
1094 2438 1147 2482 et
1180 2426 1538 2481 inetfabilium
1573 2426 1841 2481 bonorum
1873 2442 2000 2495 par-

425 2515 797 2585 ticipationem
834 2518 1157 2571 conciliant.
1206 2515 1299 2570 Sic
1345 2516 1511 2586 igitur
1548 2522 1732 2569 animo
1774 2530 1998 2584 compa-

427 2612 565 2669 rata,
597 2602 853 2673 conjugio
882 2606 1103 2675 quidem
1138 2621 1233 2661 usa
1267 2613 1371 2671 est,
1404 2606 1495 2659 sed
1535 2620 1627 2659 usa
1659 2615 1742 2659 est
1765 2616 1997 2669 tantum,

426 2698 484 2745 et
516 2690 651 2746 nihil
683 2694 950 2763 amplius,
978 2706 1243 2763 quantum
1288 2696 1502 2750 scilicet
1543 2710 1679 2763 opus
1723 2709 1871 2761 erat,
1899 2696 1992 2749 ali-

426 2796 590 2851 quam
630 2784 697 2837 ad
728 2784 933 2853 optima
970 2800 1200 2853 quaeque
1227 2788 1532 2840 tendentem
1588 2786 1757 2841 etiam
1790 2790 1987 2857 conjua

425 2872 517 2941 gio
538 2872 761 2927 subesse
786 2891 800 2926 :
832 2882 890 2928 ut
918 2890 1040 2942 quae
1065 2884 1229 2929 totam
1258 2891 1317 2930 se
1350 2876 1591 2931 dedisset
1617 2878 1997 2947 philosophiae,

427 2976 537 3016 non
570 2962 869 3031 respiciens
897 2962 950 3017 in
978 2964 1202 3020 delicias
1234 2975 1329 3019 aut
1354 2968 1686 3036 voluptates,
1717 2970 1997 3040 animique

2099 495 2411 565 κρείττονας
2430 497 2581 567 σφῶν
2611 498 2792 551 αὐτῶν
2823 497 3100 561 ἀνέδειξας
3119 491 3200 554 οἷς
3226 496 3545 564 ἐκόσμησας,
3568 500 3643 557 τίς

2098 589 2198 641 οὑκ
2224 583 2334 642 οἵδε
2364 589 2474 643 τῶν
2506 590 2724 644 πάντων
2748 604 2763 656 ;

2172 687 2246 745 ς’.
2283 680 2423 744 Τοὺς
2458 681 2556 749 μὲν
2588 679 2681 735 οὖν
2714 683 3017 752 ὑπερφυεῖς
3056 680 3300 742 ἐκείνους
3331 679 3534 747 ἀγῶνας
3564 680 3648 731 καὶ

2098 773 2167 827 τά
2196 773 2408 842 μεγάλα
2436 775 2529 827 ἐπὶ
2560 774 2849 846 φιλοσοφίᾳ
2887 774 3213 853 σκάμματα,
3245 774 3301 825 ἐν
3328 766 3405 833 οἷς
3435 770 3645 833 πολλοὺς

2100 868 2192 921 ἐπὶ
2224 867 2513 937 φιλοσοφίᾳ
2543 866 2991 936 θαυμαζομένους
3019 865 3363 934 ἡττωμένους
3390 863 3479 914 καὶ
3510 862 3647 915 κάτω

2100 960 2414 1028 χωροῦντας
2452 958 2655 1022 ἔδειξας
2695 958 3034 1028 περιφανῶς,
3073 956 3273 1008 αὐτίκα
3306 952 3549 1024 ἐροῦμεν.
3588 954 3649 1006 Ἀ

2100 1051 2155 1103 δέ
2197 1051 2403 1103 τούτων
2438 1049 2629 1120 ὥσπερ
2665 1050 2770 1115 πρὸ
2804 1048 3016 1110 τελείας
3049 1042 3283 1100 ὑπέθουν
3317 1045 3410 1099 καὶ
3440 1044 3541 1098 τῶν
3568 1061 3653 1110 με·

2101 1144 2282 1213 γάλων
2314 1142 2595 1214 προοίμια,
2615 1142 2731 1204 πῶς
2760 1140 2820 1194 οὑ
2856 1141 2986 1208 πρὸς
3020 1138 3283 1208 ἔκπληξιν
3314 1138 3515 1199 πάντας
3541 1136 3651 1188 ἐνά-

2102 1249 2187 1302 γει
2224 1236 2315 1287 καὶ
2361 1234 2547 1304 θαῦμα
2596 1236 2689 1287 καὶ
2734 1235 2843 1286 τῶν
2885 1234 2961 1296 είς
3013 1232 3184 1286 ἔπειτ’
3239 1228 3505 1299 ἐσομένων
3537 1228 3656 1295 μάν·-

2101 1343 2214 1388 τεις
2243 1328 2433 1393 σαφεῖς
2456 1325 2832 1379 ἀναδείκνυσιν
2858 1341 2874 1389 ;
2899 1326 2988 1388 Εἰς
3016 1324 3213 1386 παῖδας
3243 1324 3342 1391 μὲν
3370 1319 3459 1375 οὖν
3481 1321 3652 1382 ἐτέλει.

2103 1412 2218 1473 ἀλλ’
2247 1418 2307 1470 οὑ
2348 1418 2487 1471 κατὰ
2520 1417 2713 1480 παῖδας
2746 1411 2858 1486 εἶχε
2889 1416 2948 1469 τὸ
2976 1416 3249 1486 φρόνημα,
3280 1415 3389 1467 οὐδ’
3425 1415 3655 1474 είς⁸παι-

2101 1512 2219 1573 διας
2254 1511 2422 1581 ἐώρα,
2460 1511 2554 1564 καὶ
2590 1510 2687 1580 τὴν
2726 1511 2936 1562 ἐκεῖθεν
2971 1507 3162 1579 τέρψιν
3201 1508 3303 1577 τῆς
3341 1507 3534 1575 ἀρετῆς
3562 1505 3656 1556 ἐτιο

2106 1604 2244 1671 μᾶτο
2262 1617 2278 1637 ⁶
2313 1603 2426 1655 ἀλλ’
2445 1602 2632 1672 ἔχαιρε
2664 1602 2760 1672 μέν
2784 1603 2902 1664 ταῖς
2932 1601 3102 1663 θείαις
3126 1599 3431 1669 διατριϐαῖς
3459 1600 3521 1649 τὰ
3549 1595 3657 1648 θεία

2104 1695 2495 1765 παιδευομένη,
2523 1693 2789 1763 ἡμιλλᾶτο
2838 1692 2895 1744 δέ
2951 1691 3045 1745 καὶ
3100 1689 3267 1760 συνῆν
3309 1689 3370 1742 οὑ
3415 1690 3527 1749 ταῖς
3560 1685 3659 1738 τῶν

2109 1788 2363 1841 ἐναντίων
2408 1786 2613 1856 ἐρῶσαν.
2651 1786 2877 1848 είδυίαις
2916 1787 3009 1839 κα)⁵
3044 1785 3104 1837 τὸ
3144 1785 3333 1846 κακοῖς
3378 1782 3657 1842 συνοικεῖν,

2109 1876 2247 1945 πρὸς
2264 1874 2651 1945 ἐλαττώματος
2681 1873 2740 1926 ὅν
2764 1890 2779 1907 ·
2812 1874 3038 1927 ἐκείνων
3067 1872 3111 1924 δ’
3141 1872 3406 1940 ἐξήρτητο
3434 1868 3521 1919 καὶ
3545 1864 3661 1917 ταὺ-

2108 1987 2226 2032 ταις
2262 1968 2449 2037 μόναις
2486 1965 2680 2035 συνέξη
2701 2005 2715 2029 ,
2752 1965 2817 2029 ἃς
2861 1967 2888 2019 ὁ
2922 1964 3243 2033 φιλοσοφίας
3273 1961 3413 2031 ἔρως
3448 1958 3659 2025 κατέσχε

2108 2060 2315 2116 καὶτοῦ
2344 2063 2582 2114 συνεῖναι
2609 2059 2729 2130 Θεῷ
2750 2076 2762 2089 ο
2788 2059 2956 2129 μόνην
2986 2058 3091 2128 γάρ
3120 2054 3467 2123 εὐδαιμονίαν
3494 2052 3660 2121 ἠγεῖτο

2107 2154 2142 2208 ἃ
2180 2152 2555 2222 κεχαρισμένα
2590 2152 2849 2221 τυγχάνει
2883 2149 3023 2218 Θεῷ,
3058 2152 3151 2202 καὶ
3185 2147 3326 2217 πρὸς
3360 2142 3549 2215 ἀρετὴν
3573 2140 3661 2208 φέ-

2110 2264 2229 2316 ρει,
2271 2246 2363 2299 καὶ
2410 2244 2520 2299 τῶν
2555 2245 2811 2317 ἀρρήτων
2843 2242 3135 2304 κοινωνοὺς
3176 2237 3485 2309 ἐργάζεται.
3521 2232 3662 2288 Οὕτω

2107 2338 2286 2391 τοίνυν
2307 2338 2406 2408 τὴν
2425 2337 2606 2407 ψυχὴν
2633 2337 3078 2406 παρεσκευακυία
3104 2331 3356 2401 ὡμίλησε
3382 2328 3476 2398 μέν
3491 2326 3660 2394 γάμῳ.

2106 2426 2352 2499 ὡμίλησε
2398 2428 2476 2493 δὲ,
2520 2428 2671 2487 οὐδὲν
2718 2426 2917 2497 μᾶλλον
2944 2442 2959 2457 ο
2995 2424 3129 2478 ἀλλὰ
3172 2421 3431 2475 τοσοῦτον
3465 2418 3662 2485 ἐδέησεν

2110 2519 2323 2586 ὑφεῖναι
2373 2536 2423 2571 τι
2466 2517 2617 2588 παρὰ
2656 2518 2746 2570 τὸν
2782 2516 2957 2584 γάμον
3010 2513 3103 2566 τοῦ
3150 2512 3278 2581 περὶ
3319 2510 3384 2563 τὰ
3436 2507 3663 2578 βέλτιστα

2107 2609 2286 2670 τόνου,
2321 2607 2459 2661 ὥστε
2494 2610 2589 2659 καὶ
2634 2604 2815 2674 πο).λῷ
2853 2604 3055 2674 μείζων
3100 2599 3166 2673 ἦν
3216 2602 3297 2663 είς
3334 2596 3662 2669 φιλοσοφίαν·
3744 2652 3745 2655 η

2106 2699 2208 2753 οὑκ
2239 2701 2319 2761 εἰς
2358 2698 2569 2767 τρυφὰς
2604 2696 2787 2768 δρῶσα
2825 2697 2916 2749 καὶ
2951 2695 3143 2765 ἡδονὰς
3181 2692 3277 2746 καλ⁸
3317 2692 3412 2759 τὴν
3439 2686 3665 2741 ἐντεῦθεν

2109 2790 2412 2861 ῥᾳστώνην,
2446 2790 2565 2841 οὑδέ
2601 2789 2760 2857 δόξης
2791 2788 3081 2857 ἡττωμένη
3113 2787 3205 2838 καὶ
3234 2786 3295 2836 π)
3314 2785 3491 2837 θύτου,
3521 2779 3666 2846 Μὸνῳ

2108 2884 2217 2952 γὰρ
2250 2882 2367 2951 Θεῷ
2398 2884 2493 2936 καὶ
2522 2884 2632 2942 τοῖς
2667 2880 2872 2933 ἐκείνου
2912 2881 3187 2948 προσεῖχε,
3225 2878 3323 2928 καὶ
3362 2875 3459 2942 τὴν
3496 2869 3665 2923 ἐπιθυ-

2115 2972 2243 3041 μίαν
2291 2972 2425 3042 πρὸς
2461 2974 2669 3024 ἐκεῖνον
2715 2972 2883 3023 ἔτεινε
2918 2971 3098 3038 μόνον,
3130 2969 3225 3021 καὶ
3256 2967 3443 3020 πάντα
3465 2962 3529 3016 τά
3560 2955 3666 3014 καθ’

427 3052 806 3108 remissionem
845 3069 939 3123 per
967 3070 1060 3111 eas
1088 3059 1413 3125 captandam
1438 3097 1454 3120 ,
1486 3075 1663 3129 neque
1691 3062 1862 3131 gloria
1898 3073 1993 3118 aut

2106 3064 2274 3134 αὑτὴν
2306 3065 2518 3118 ἐκείνου
2543 3066 2770 3135 γνώμην
2793 3062 2979 3116 διώκει
3013 3062 3098 3131 (t').

426 3144 633 3200 divitiis
662 3145 997 3202 vinceretur.
1038 3148 1148 3203 Soli
1184 3151 1328 3203 enim
1356 3150 1467 3205 Deo
1495 3153 1772 3222 rebusque
1826 3157 2024 3213 divinis
2075 3158 2401 3224 inhaerebat,
2455 3166 2511 3211 et
2565 3157 2632 3209 ad
2669 3172 2794 3209 eum
2831 3154 3006 3211 solum
3041 3151 3211 3206 anitui
3246 3150 3340 3206 sui
3369 3145 3671 3205 extendebat

426 3236 785 3304 desiderium,
821 3255 1035 3309 suaque
1070 3243 1257 3296 omnia
1286 3244 1352 3297 ad
1388 3244 1532 3298 illius
1561 3245 1836 3315 dirigebat
1868 3249 2182 3305 arbitrium.
2654 3268 2667 3275 ί

501 3328 553 3381 7.
599 3325 734 3382 Vera
770 3343 857 3383 me
882 3329 1084 3394 dicere,
1123 3332 1206 3385 vel
1236 3333 1361 3386 hinc
1401 3334 1628 3401 patebit,
1662 3335 1807 3403 quod
1843 3349 1997 3405 post-

426 3433 593 3487 quam
616 3430 837 3490 propter
862 3437 1055 3490 graves
1085 3422 1451 3478 Barbarorum
1484 3427 1744 3481 incursus
1768 3429 1998 3497 patriam

428 3514 723 3578 deserens,
774 3498 1149 3568 Mat-edoniam
1200 3515 1450 3569 habitare
1482 3516 1679 3586 coepit,
1721 3530 2003 3589 materque

428 3599 621 3656 eﬂ'ecta
658 3611 774 3668 est,
810 3604 1229 3673 primogenilam
1263 3605 1507 3673 prolem,
1551 3606 1707 3675 juxta
1744 3606 1893 3660 Pauli
1929 3608 2003 3661 le-

430 3706 545 3760 ges,
574 3692 778 3749 dilecto
806 3694 908 3748 sibi
943 3694 1053 3748 Deo
1083 3696 1303 3761 obtulit,
1327 3708 1628 3766 sanctoque
1656 3698 1868 3765 piarum
1896 3700 2000 3751 vir-

430 3783 617 3851 ginum
653 3785 1017 3840 contubernio
1052 3786 1216 3840 tiliam
1262 3787 1505 3841 tradidit.
1544 3786 1757 3842 Etenim
1795 3790 1838 3844 si
1873 3806 2002 3857 pos-

429 3874 739 3930 sessionum
780 3888 989 3945 partem
1032 3880 1165 3932 dare
1197 3876 1418 3933 Numini
1489 3881 1666 3949 magni
1695 3890 1777 3934 est
1818 3882 1995 3935 meriti

429 3967 735 4035 animaque
767 3967 935 4022 Deum
974 3969 1288 4039 diligentis;
1326 3972 1604 4039 quomodo
1643 3986 1748 4026 non
1784 3986 2000 4041 omnem

430 4057 607 4113 laudis
625 4059 876 4114 humana:
892 4074 1177 4114 excessum
1202 4064 1594 4116 transcendent
1620 4080 1826 4133 magna:
1846 4065 2004 4133 hujus

433 4160 636 4205 sanctae
659 4151 933 4217 eneomia,
959 4167 1078 4221 qua:
1101 4166 1210 4205 non
1245 4168 1469 4207 suarum
1503 4152 1846 4208 fortunarum
1873 4170 2002 4224 por-

434 4242 637 4299 tionem
668 4243 908 4313 aliquam
945 4243 1027 4296 vel
1058 4243 1240 4297 simile
1275 4244 1582 4313 quidpiam,
1621 4244 1715 4297 sed
1751 4246 2002 4312 proprio-

432 4346 552 4385 rum
582 4332 852 4387 viscerum
879 4330 1184 4400 genituram
1210 4334 1551 4385 consecravit
1582 4331 1728 4384 Deo?
1758 4330 1849 4385 Sic
1874 4346 2004 4400 ergo

436 4423 553 4487 uni,
588 4431 649 4476 ut
676 4422 810 4487 dixi,
840 4420 952 4476 Deo
984 4421 1251 4490 rebusque
1280 4422 1481 4477 divinis
1512 4422 1830 4487 inhaarebat,
1855 4433 1909 4478 et
1938 4424 2002 4476 ad

433 4528 558 4567 eum
581 4513 748 4567 animi
770 4512 855 4567 sui
876 4512 1201 4568 extendebat
1222 4512 1574 4580 desiderium,
1595 4529 1802 4583 suaque
1822 4515 2002 4568 omnia

2177 3341 2242 3404 ζ’.
2281 3340 2391 3392 Καὶ
2418 3339 2493 3403 ὡς
2522 3338 2697 3407 ἀληθῆ
2736 3337 2902 3404 λέγω,
2941 3337 3098 3406 δῆλον
3134 3335 3390 3388 ἐκεῖθεν·
3426 3331 3543 3385 ἐπεὶ
3577 3328 3671 3396 γὰρ

2104 3432 2202 3499 τῆς
2233 3430 2491 3500 πατρίδος
2532 3430 2913 3491 ἀπαναστᾶσα,
2946 3428 3054 3480 τῶν
3096 3427 3410 3495 Βαρϐάρων
3450 3419 3670 3492 σφοδρῶς

2106 3519 2536 3588 ἐπιτιθεμένων,
2584 3519 2684 3589 τὴν
2738 3518 3078 3573 Μακεδονίαν
3131 3517 3285 3587 ᾤκει,
3356 3518 3449 3569 καὶ
3505 3515 3672 3583 μήτηρ

2055 3612 2355 3679 «ἐγένετο,
2419 3611 2480 3663 τὸ
2537 3612 2731 3680 πρῶτα
2791 3609 3023 3679 τεχθὲν,
3089 3609 3231 3661 κατὰ
3285 3609 3425 3670 τοὺς
3477 3602 3669 3659 Παύλου

2107 3702 2362 3772 θεσμοὺς,
2401 3701 2535 3773 πρὸς
2567 3702 2657 3754 τὸν
2701 3701 3037 3768 ποθούμενον
3070 3700 3193 3766 ἄγει
3233 3698 3394 3773 Θεὸν,
3434 3697 3524 3749 καὶ
3558 3692 3667 3761 ίερᾷ

2109 3791 2354 3863 συνοικίᾳ
2378 3792 2663 3863 παρθένων
2688 3792 2859 3859 ἁγίων
2884 3792 3053 3860 φέρου
3064 3807 3129 3844 αα
3150 3791 3242 3844 τὸν
3266 3791 3433 3843 παῖδα
3448 3788 3663 3841 δίδωσιν.

2110 3884 2169 3935 El
2200 3882 2380 3935 τοίνυν
2412 3883 2473 3935 τδ
2509 3886 2806 3952 κτημάτων
2834 3883 3133 3950 ἀπονεῖμαι
3174 3883 3378 3949 μοῖραν
3408 3877 3520 3947 Θεῷ
3550 3874 3664 3927 πολ-

2106 3973 2200 4025 λοῦ
2248 3990 2389 4036 τινος
2428 3973 2577 4039 ἄξιον
2620 3974 2716 4027 καὶ
2759 3973 3115 4042 θεοφιλοὺσης
3165 3972 3253 4040 είη
3306 3971 3518 4040 ψυχῆς³
3565 3965 3668 4026 πῶς

2105 4066 2229 4135 οὐχὶ
2276 4068 2460 4119 πᾶσαν
2504 4065 2740 4119 ἐπαίνων
2778 4066 3087 4137 ὑπερϐολὴν
3127 4065 3451 4133 ὑπερϐαίνει
3487 4062 3551 4114 τά
3579 4058 3669 4125 τῆς

2108 4154 2374 4223 μεγάλης,
2396 4155 2455 4207 οὑ
2479 4154 2772 4225 κτημάτων
2792 4153 2990 4225 μοῖραν
3012 4153 3119 4207 οὐδ’
3140 4153 3271 4207 ἄλλο
3301 4171 3355 4205 τι
3375 4153 3484 4205 τῶν
3510 4148 3670 4202 τοιού-

2106 4265 2231 4309 των,
2283 4246 2417 4300 ἀλλὰ
2464 4247 2524 4298 τὸ
2572 4247 2827 4317 μέγιστον
2878 4248 3119 4310 πάντων,
3164 4248 3266 4308 τὰς
3308 4246 3419 4299 τῶν
3466 4242 3666 4297 οἰκείων

2109 4338 2429 4409 σπλάγχνων
2469 4339 2629 4405 γονὰς
2673 4338 3128 4413 πρρσαγαγούσης
3161 4337 3321 4408 Θεῷς
3358 4336 3570 4397 Οὕτως,
3601 4333 3668 4392 ὡς

2106 4432 2262 4501 ἔφην,
2298 4434 2441 4501 μόνῳ
2471 4431 2589 4500 Θιῷ
2630 4434 2723 4483 καὶ
2752 4434 2867 4494 τοῖς
2896 4431 3104 4484 ἐκείνου
3140 4433 3422 4501 προσεῖχε,
3453 4428 3546 4481 καὶ
3581 4424 3668 4492 τὴν

2110 4522 2407 4593 ἐπιθυμίαν
2440 4522 2575 4593 πρὸς
2616 4524 2820 4575 ἐκεῖνον
2853 4522 3022 4575 ἔτεινε
3060 4522 3242 4591 μόνον,
3274 4522 3373 4576 καὶ
3404 4523 3577 4574 πάντα
3609 4516 3669 4567 τὰ

435 4602 503 4656 ad
542 4601 688 4657 illius
713 4602 985 4674 dirigebat
1016 4604 1337 4670 arbitrium;
1380 4605 1459 4659 sic
1526 4604 1847 4659 ltonorahilc
1875 4621 1999 4659 san-

2112 4613 2233 4668 καθ’
2273 4612 2440 4682 αὑτὴν
2470 4613 2614 4665 κατὰ
2642 4612 2741 4682 τὴν
2777 4613 2988 4665 ἐκείνου
3018 4612 3244 4684 γνώμην
3275 4614 3485 4666 διώκει.
3526 4606 3670 4662 Οὕτω

445 4699 714 4762 ctumque
744 4695 1056 4764 coniugium
1087 4703 1142 4748 et
1167 4704 1343 4749 torum
1371 4694 1782 4750 immaculatum
1809 4712 2011 4750 secun-

435 4783 564 4837 dum
589 4782 741 4839 Pauli
795 4799 980 4841 vocem
1020 4785 1290 4852 exhibuit,
1328 4802 1562 4859 eumque
1586 4797 1758 4844 totum
1789 4788 1895 4843 Deo
1921 4804 2008 4843 re-

437 4874 698 4930 servavit.

2107 4704 2287 4770 τίμιον
2312 4702 2404 4755 καὶ
2436 4701 2590 4769 ἅγιον
2616 4705 2713 4755 καὶ
2735 4705 3000 4773 ἀμίαντον
3026 4704 3171 4757 κατὰ
3192 4704 3290 4774 τὴν
3323 4700 3537 4756 Παύλου
3565 4713 3669 4762 φωι

2110 4794 2207 4863 νὴν
2253 4792 2344 4845 τὸν
2394 4792 2574 4860 γάμον
2622 4793 2913 4858 ἀνέδειξεν,
2959 4793 3078 4846 ὅλον
3119 4793 3378 4857 καθάπαξ
3422 4789 3667 4846 ἀναθεῖσα

2108 4881 2248 4953 Θεῷ.

1867 5041 2097 5099 CAPUT
2136 5042 2198 5098 ll.

1433 5160 1552 5216 Vita
1586 5164 1876 5219 monastica
1895 5175 1944 5219 et
1979 5167 2200 5223 virtutes
2230 5167 2286 5224 S.
2333 5168 2641 5224 Theodora’.

506 5277 559 5332 8.
598 5274 891 5342 Postquam
940 5286 1118 5333 autem
1167 5277 1249 5331 vir
1296 5277 1413 5343 ejus
1463 5293 1492 5331 e
1537 5279 1677 5333 vivis
1730 5280 1999 5348 excessit,

435 5370 622 5428 atatim
661 5369 749 5424 illa
784 5385 890 5424 non
933 5369 1045 5437 jam
1096 5368 1259 5422 filiam
1295 5384 1481 5431 suam,
1533 5384 1639 5423 non
1680 5382 1999 5426 extraneum

439 5460 642 5531 aliquid
666 5501 680 5523 ,
711 5461 805 5515 sed
850 5459 1203 5528 semetipsam
1247 5459 1448 5514 obtulit
1483 5458 1615 5527 Deo,
1650 5462 1884 5516 hostiam
1923 5464 2003 5516 vi-

508 5600 571 5672 (ί)
609 5601 767 5672 Addit
799 5616 903 5654 ms.
928 5601 1019 5654 καὶ
1052 5599 1187 5663 ὅλως
1214 5600 1427 5654 ἐκεῖθεν
1454 5602 1522 5654 τά
1559 5600 1655 5672 τῆς
1702 5602 2003 5672 σωτηρείας

436 5666 964 5739 ἐξῆπιεπάσμασα,
998 5685 1116 5737 quae
1135 5673 1475 5739 nequivimus
1504 5671 1571 5724 ad
1605 5666 1796 5728 Sanum
1833 5666 1999 5728 ullum

425 5738 655 5795 “Ieusum
690 5738 978 5807 adducere,
1007 5738 1236 5812 ideoque
1267 5742 1571 5797 omisimus.

2185 5291 2252 5351 η’.
2294 5282 2416 5339 Εἶεν
2446 5285 2614 5338 ταῦτα
2651 5286 2749 5354 μὲν
2779 5285 2842 5354 δὴ
2874 5285 3096 5339 τοιαῦτα
3132 5283 3227 5355 (It).
3257 5280 3365 5335 Τοῦ
3397 5278 3453 5332 δέ
3488 5273 3662 5343 ἀνδρδς

2110 5374 2431 5436 ἀπελθόντος
2464 5376 2519 5441 ἐξ
2548 5376 2871 5443 ἀνθρώπων.
2902 5378 3065 5439 εὐθὺς
3092 5377 3272 5447 ἐκείνη
3294 5373 3477 5425 οὐκέτι
3506 5366 3660 5421 παῖδα

2112 5465 2220 5517 οὐδ’
2254 5465 2384 5519 ἄλλο
2413 5483 2465 5518 τι
2495 5466 2602 5519 τῶν
2634 5466 2857 5534 ἔξωθεν,
2894 5467 3009 5523 ἀλλ’
3043 5467 3242 5536 ἐαυτὴν
3272 5464 3464 5517 θυαίαν
3494 5459 3661 5524 ζῶσαν

2182 5604 2254 5671 (k)
2297 5605 2361 5660 Et
2411 5608 2525 5662 haec
2553 5607 2770 5677 quidem
2810 5608 2934 5661 talia
2986 5607 3209 5677 fuerint.
3244 5604 3338 5677 Est
3390 5600 3526 5656 enim
3557 5589 3658 5648 εἷεν

2112 5678 2373 5745 particula
2408 5676 2727 5748 permissiva
2759 5688 2813 5734 et
2839 5679 2904 5734 ad
2928 5678 3030 5733 alia
3062 5676 3383 5733 festinantis.
