3982 6208
353 258 419 324 7τῖ
434 262 453 327 ι

1576 272 1750 331 γιΤΑ
1795 276 1857 334 S.
1886 272 2339 339 THEODORE.

3487 280 3593 345 7'2

352 381 640 453 προσάγει,
681 379 864 447 ἁγίαν,
914 380 1227 449 εὐάρεστον,
1261 384 1294 451 ἡ
1350 386 1445 437 καὶ
1479 384 1714 454 πρόσθεν
1765 387 1917 440 οὐδὲν

2029 399 2267 456 ventem,
2310 399 2558 445 sanctam
2584 432 2599 449 .
2643 391 2778 443 bene
2808 390 3111 459 placentem
3139 391 3479 463 (quanquam
3516 396 3591 451 nil
3672 402 3683 405 '

349 469 514 543 ἦττον
550 470 811 541 ἀνειμένη
842 471 980 542 Θεῷ.
1027 475 1119 526 καὶ
1152 474 1289 543 μετά
1331 476 1431 544 τῆς
1470 478 1657 540 παιδὸς
1689 479 1921 547 γίνεται,

350 566 448 620 καὶ
486 566 649 635 τρίχα
695 567 905 635 τέμνει,
943 568 1036 619 καὶ
1073 565 1141 621 τὰ
1175 568 1275 637 τῆς
1306 568 1452 625 θείας
1488 571 1806 639 φιλοσοφίας
1834 572 1923 626 διὰ

348 659 571 711 πάντων
610 658 877 721 τελεῖται,
930 659 1195 729 χαίρουσα
1256 662 1357 731 μὲν
1406 664 1501 717 καὶ¹
1549 665 1925 736 συγχαίρουσα

351 749 522 818 ἑαυτῇ
556 751 655 818 τῆς
686 749 815 818 περὶ
840 750 1016 802 πάντα
1037 751 1105 803 τὰ
1133 751 1395 805 κάλλιστα
1426 753 1738 821 εὐδρομίας,
1762 754 1839 822 τῷ
1867 755 1926 808 δὲ

351 839 471 908 Θεῷ
506 840 668 910 χάρη
700 840 878 892 ἐἰδυῖα
908 841 1006 909 τῆς
1046 841 1372 911 θαυμαστῆς
1420 847 1656 914 ταυτησὶ
1691 845 1926 915 κηδεμο-

351 931 505 994 νίας,
539 931 605 1000 ἢν
635 930 763 999 περὶ
796 932 965 999 αὐτὴν
999 933 1431 1004 μεγαλοπρεπῶς
1469 935 1804 1001 ἐπεδείξατο,
1843 932 1921 991 ὧν

352 1023 411 1088 ἐξ
462 1023 635 1091 ἀρχῆς
688 1023 816 1092 ἦρα,
878 1024 969 1075 καὶ
1021 1024 1091 1077 δι’
1145 1025 1310 1094 εὐχῆς
1361 1026 1612 1089 ἐποιεῖτο,
1655 1030 1748 1079 καὶ
1798 1029 1926 1099 περὶ¹

353 1115 596 1176 πλείονος
624 1111 727 1186 ἦγε
748 1117 854 1171 τῶν
889 1118 1162 1181 ἁπάντων,
1192 1119 1399 1172 τούτων
1428 1119 1723 1173 ἀπολαύειν
1751 1138 1930 1194 παρα-

354 1209 647 1271 σκευάσας.
705 1209 768 1262 Ἦ
819 1209 918 1279 μὲν
974 1209 1067 1263 οὖν
1129 1211 1496 1278 ύπογενναίως
1542 1213 1927 1283 ἀποδυσαμένη

356 1299 489 1367 πρὸς,
518 1298 644 1361 τοὺς
678 1300 822 1352 κατὰ
852 1300 1170 1369 φιλοσοφῖαν
1204 1301 1443 1369 ἀγῶνας,
1475 1304 1569 1355 καὶ
1596 1304 1766 1367 οὕτως
1796 1306 1923 1356 ἐαυ-

356 1392 453 1459 τὴν
488 1388 1050 1461 παρασκευασαμένη,
1083 1391 1157 1453 ὡς
1198 1395 1295 1461 οὐχ
1328 1394 1452 1447 ὅσον
1481 1395 1619 1463 πρὸς
1657 1389 1796 1464 αἷμα
1836 1395 1927 1445 καὶ

360 1480 556 1547 σάρκα,
593 1479 732 1533 ἀλλὰ
763 1481 857 1534 καὶ
886 1481 1021 1551 πρὸς
1048 1482 1223 1552 ἀρχὰς
1263 1485 1354 1536 καὶ
1382 1486 1515 1554 πρὸς
1556 1484 1805 1550 ἐξουσίας
1836 1486 1930 1537 ἀν-

354 1570 776 1635 ταγωνίσασθαι.
824 1573 906 1639 ἐφ’
943 1572 1086 1626 οὕτω
1129 1589 1209 1625 τοι
1246 1574 1453 1645 προέϐη
1487 1575 1583 1644 τῆς
1614 1574 1801 1646 τύχης,
1835 1576 1928 1628 καὶ

354 1658 500 1713 οὕτω
530 1661 607 1730 τῷ
640 1662 747 1714 τῶν
785 1662 1010 1728 ἀγώνων
1044 1663 1314 1733 ὑπερφυεῖ
1351 1665 1555 1728 πάντας
1596 1665 1922 1737 ἐξέπληξεν,

356 1756 449 1807 καὶ
481 1754 615 1823 πρὸς
661 1754 913 1807 τοσοῦτον
947 1756 1121 1826 ἧγαγε
1157 1756 1452 1825 θαύματος,
1486 1757 1625 1810 ὥστε
1661 1760 1805 1825 ἔδοξε
1840 1778 1927 1828 μι-

353 1842 488 1911 κροῦ
538 1846 633 1898 καὶ
670 1845 761 1897 τον
807 1846 1092 1915 ἄνθρωπον
1142 1846 1511 1917 ὑπερϐαίνειν.
1562 1849 1783 1919 Πρῶτον
1832 1853 1929 1919 μὲν

352 1938 444 1991 οὖν
467 1938 967 2009 ταπεινοφροσύνην
993 1941 1087 1994 καὶ
1105 1942 1325 2012 ἀγάπην
1343 1942 1545 2012 (διώκει
1563 1941 1676 2013 [1]),
1697 1943 1797 2005 τάς
1821 1943 1928 1993 τῶν

353 2028 573 2096 ἀγαθῶν
606 2030 823 2084 πάντων
854 2030 1030 2094 αἰτίας
1053 2048 1065 2061 ’
1097 2031 1163 2095 ἃς
1194 2034 1421 2103 ἐπείπερ
1453 2035 1512 2087 οὐ
1552 2034 1710 2104 μόνον
1739 2032 1926 2086 πασῶν

354 2123 758 2191 ὑπερκειμένας
803 2122 948 2192 ἐώρα
970 2166 984 2189 ,
1017 2124 1152 2178 ἀλλὰ
1197 2128 1292 2178 καὶ
1329 2126 1599 2195 κρηπῖδας
1633 2124 1927 2193 συμπάσης

350 2215 586 2283 ταυτησὶ
615 2213 716 2283 τῆς
747 2212 897 2276 Θείας
930 2215 1269 2285 φιλοσοφίας,
1304 2216 1461 2270 τοῦτο
1498 2218 1594 2286 μὲν
1624 2215 1731 2268 τῶν
1767 2214 1925 2265 θείων

352 2304 745 2373 ἐπιταγμάτων
778 2305 1234 2375 νομοθετούντων,
1268 2309 1424 2360 τοῦτο
1452 2308 1507 2360 δὲ
1540 2308 1631 2359 καὶ
1659 2306 1795 2375 πρὸς
1828 2303 1925 2355 αὐ-

351 2392 451 2461 τῆς
479 2396 619 2463 αὐτῇ
649 2394 805 2447 τοῦτο
838 2395 1145 2456 πεισθεῖσα,
1180 2396 1255 2459 ὡς
1289 2395 1378 2465 ἄρ’
1410 2397 1508 2448 οὐκ
1538 2395 1684 2447 ἐστιν
1722 2392 1926 2446 οἰκοδο-

354 2488 479 2554 μεῖν
509 2487 585 2556 μὴ
614 2486 723 2538 τῶν
746 2488 1029 2557 κρηπίδων
1060 2488 1459 2557 ὑποκειμένων.

423 2579 491 2632 θ’.
536 2578 689 2630 Ἐπεὶ
730 2580 910 2633 τοίνυν
940 2580 1145 2644 ταύτας
1188 2579 1332 2632 οὕτω
1367 2578 1629 2648 μεγίστας
1666 2575 1758 2627 καὶ
1789 2572 1922 2626 πολ-

349 2671 444 2724 λοῦ
474 2688 619 2731 τινος
647 2670 801 2734 ἀξίας
831 2671 998 2743 ἑώρα,
1029 2674 1198 2735 οὕτως
1228 2670 1519 2740 ὑπερφυῶς
1551 2667 1780 2721 ὑπέθετο
1811 2666 1922 2718 τῶν

348 2761 581 2829 ἀγώνων
611 2763 706 2817 καὶ
744 2762 886 2817 οὕτω
917 2765 1311 2835 κατώρθωκεν,
1348 2763 1421 2824 ὡς
1455 2761 1621 2828 μηδὲν
1656 2759 1924 2812 ἐλλείπειν

350 2860 457 2913 τῶν
506 2860 828 2930 γινομένων,
875 2859 982 2911 Καὶ
1029 2858 1244 2924 πρῶτον
1289 2855 1387 2923 μὲν
1422 2852 1515 2906 οὖν
1550 2854 1610 2904 τὸ
1665 2851 1922 2923 τοιαύτην

352 2951 519 3005 οὖσαν
554 2952 649 3004 καὶ
678 2950 824 3005 οὕτω
855 2952 991 3003 πᾶσι
1024 2951 1135 3010 τοῖς
1168 2947 1473 3008 καλλίστοις
1512 2944 1920 3014 σεμνυνομένην

2028 477 2209 532 minus
2241 487 2396 532 antea
2423 478 2737 546 obtulerat),
2772 478 2998 547 liliaque
3031 494 3090 532 se
3124 479 3386 548 jungens,
3418 493 3472 537 et
3504 499 3598 537 co-

2027 585 2169 623 mam
2204 570 2486 639 deponens
2511 610 2524 634 ,
2572 579 2738 624 totam
2772 584 2893 623 sese
2922 570 3121 624 divinae
3166 571 3385 627 tradidit
3420 575 3599 643 philo-

2026 661 2253 729 sophiaa,
2288 661 2533 729 gaudens
2563 661 2783 730 quidem
2820 660 3036 729 sibique
3080 663 3361 729 gratulans
3391 665 3457 718 de
3484 675 3593 719 tam

2026 752 2167 807 felici
2199 754 2264 807 ad
2291 769 2521 824 qumque
2548 752 2913 821 pulcherrima
2947 765 3110 806 cursu
3136 791 3152 816 ,
3190 752 3298 807 Deo
3326 770 3453 809 vero
3475 772 3599 826 gra-

2028 845 2133 900 tias
2160 860 2358 913 agens,
2396 862 2495 915 pro
2529 855 2637 901 tam
2683 842 2993 900 admirabili
3037 848 3401 916 providentia,
3433 865 3596 919 quam

2026 952 2152 1006 erga
2184 938 2354 1007 ipSam
2399 939 2680 1007 magnifice
2723 938 3174 1005 demonstraret,
3222 939 3289 994 iis
3320 938 3427 993 lrui
3466 956 3600 995 con-

2030 1031 2259 1096 cedens,
2295 1046 2414 1098 qua:
2437 1046 2465 1085 a
2501 1030 2771 1100 principio
2803 1041 3122 1095 amaverat,
3156 1040 3211 1084 et
3242 1032 3295 1083 in
3332 1032 3470 1086 votis
3505 1034 3601 1085 ha-

2031 1123 2253 1184 buerat,
2298 1134 2460 1191 atque
2497 1123 2662 1175 rebus
2702 1120 2958 1175 omnibus
2998 1121 3124 1175 aliis
3159 1121 3331 1191 pluris
3371 1121 3598 1175 fecerat.

2031 1210 2120 1266 Sic
2152 1212 2315 1280 igitur
2341 1212 2526 1265 animo
2557 1218 2891 1279 comparata,
2926 1219 3088 1279 atque
3119 1226 3321 1280 agones
3358 1212 3601 1280 philoso-

2028 1304 2220 1373 phicos
2255 1304 2523 1372 ingressa,
2556 1316 2662 1355 non
2700 1311 2957 1371 tanquam
2996 1301 3262 1356 adversus
3291 1288 3511 1356 carnem
3546 1312 3602 1357 et

2028 1397 2389 1465 sanguinem,
2440 1395 2535 1449 sed
2581 1393 2843 1448 adversus
2896 1394 3170 1463 principes
3210 1401 3264 1448 et
3304 1404 3602 1464 potestates

2030 1488 2374 1542 tenebrarum
2410 1486 2601 1539 barum
2640 1493 2954 1549 certatnra,
3000 1500 3125 1538 eum
3161 1485 3351 1538 habuit
3383 1499 3603 1539 succes-

2030 1593 2174 1644 sum,
2202 1588 2257 1632 et
2285 1578 2365 1631 sic
2406 1577 2618 1629 labores
2648 1574 2962 1643 superavit,
3001 1584 3061 1628 ut
3097 1590 3289 1630 omnes
3325 1574 3379 1628 in
3410 1583 3603 1643 stupo-

2030 1686 2140 1724 rem
2189 1676 2420 1723 verteret
2473 1666 3041 1735 aulmirationemque,
3092 1666 3242 1721 velut
3293 1681 3416 1734 quae
3465 1682 3603 1734 pene

2032 1761 2264 1816 hominis
2288 1758 2653 1813 conditionem
2683 1771 2829 1813 esset
2862 1774 3240 1828 supergressa.
3267 1757 3333 1811 Et
3358 1758 3596 1827 primunt

2028 1852 2246 1921 quidem
2277 1850 2634 1904 humilitatem
2664 1861 2826 1919 atque
2857 1852 3228 1914 dilectionem,
3264 1851 3406 1905 velut
3429 1852 3602 1906 bono-
3660 1908 3666 1913 _

2026 1958 2147 1998 rum
2196 1944 2440 1997 omnium
2488 1944 2892 1997 conciliatrices
2944 1951 3151 1998 sectata
3182 1951 3303 2009 est;
3351 1958 3492 2014 quas
3523 1943 3602 1995 vi—

2026 2036 2190 2091 debat
2215 2052 2321 2089 nou
2355 2035 2531 2089 solum
2563 2036 2774 2089 cttttctis
2801 2050 2923 2090 esse
2954 2037 3388 2104 praastmntiores,
3421 2036 3515 2090 sed
3549 2044 3603 2089 ct

2028 2130 2381 2183 fundamenta
2418 2129 2588 2181 totius
2625 2127 2785 2197 hujus
2820 2128 3019 2182 divina:
3051 2128 3449 2197 philosophiae:
3486 2137 3603 2181 tum

2025 2216 2153 2284 quia
2184 2216 2265 2270 sic
2298 2215 2389 2270 Dei
2425 2216 2681 2270 mandata
2722 2218 3131 2286 principiebant,
3163 2227 3275 2271 tmn
3305 2233 3432 2286 quta
3474 2233 3601 2286 pcr-

2026 2326 2189 2365 suasa
2214 2318 2333 2365 erat
2352 2311 2456 2366 sibi
2485 2313 2781 2367 convenire
2802 2313 3023 2368 nonnisi
3048 2312 3419 2370 fundamentis
3438 2313 3600 2383 jactis

2024 2402 2319 2459 aedificare.

2095 2575 2147 2629 9.
2186 2573 2296 2629 llas
2327 2590 2455 2645 ergo
2492 2575 2757 2630 maximas
2788 2574 3062 2645 longeque
3101 2574 3456 2644 dignissimas
3484 2576 3599 2629 vir-

2026 2675 2172 2722 tutes
2198 2683 2322 2722 esse
2349 2666 2730 2729 considerans,
2759 2666 2895 2720 adeo
2928 2681 3191 2735 generose
3217 2666 3422 2721 subivit
3447 2666 3600 2720 labo-

2026 2745 2112 2814 res
2146 2759 2586 2822 exercitationis,
2625 2758 2869 2826 adeoque
2910 2769 3056 2813 recte
3091 2758 3235 2828 egit,
3269 2770 3328 2813 ut
3360 2759 3413 2812 in
3452 2759 3599 2812 nulla

2024 2867 2249 2907 suarum
2282 2853 2561 2907 actionum
2595 2851 2874 2906 deficeret.
2913 2849 3048 2905 Nam
3093 2866 3216 2905 cum
3257 2852 3381 2907 talis
3418 2861 3600 2908 tanta-

2022 2961 2129 3015 que
2156 2956 2320 3008 esset,
2348 2951 2401 2999 et
2433 2944 2646 2999 cunctis
2671 2944 3006 2998 ornamentis
3063 2960 3241 3013 usque
3274 2947 3410 2999 adeo
3439 2946 3602 3001 deco-

353 3045 446 3095 καὶ
479 3044 689 3095 συνέσει
720 3042 813 3095 καὶ
840 3040 1087 3115 ἀγχινοίᾳ
1120 3038 1271 3109 παρά
1301 3036 1485 3089 πασῶν
1515 3037 1821 3107 φερομένην
1857 3037 1918 3089 τὸ

2029 3046 2165 3101 rata,
2200 3036 2533 3106 praecelleret
2556 3052 2749 3092 omnes
2780 3037 2981 3105 ingenii
3015 3036 3406 3108 perspicuitate
3433 3050 3601 3109 atque

352 3135 578 3205 κράτος,
611 3134 778 3188 ἔπειθ’
818 3132 907 3201 ὑφ’
935 3131 1097 3201 ἑτέρᾳ
1118 3129 1329 3183 τάττειν
1353 3128 1591 3195 ἑλέσθαι,
1620 3129 1715 3182 καὶ
1744 3128 1920 3202 ταύτῃ

355 3229 490 3297 μόνῃ
541 3226 608 3279 τὰ
660 3227 754 3296 τῆς
809 3223 1079 3292 σωτηρίας
1131 3222 1427 3274 πιστεύειν.
1476 3220 1642 3289 Δῆλον
1694 3219 1723 3273 δ
1780 3221 1924 3288 λέγω

350 3322 497 3374 ποιεῖ
523 3338 538 3353 ο
566 3318 755 3371 ἔπειτα
794 3318 853 3367 τὸ
883 3317 993 3376 τοῖς
1023 3311 1284 3381 νεύμασιν
1312 3312 1524 3381 ἐκείνης
1552 3311 1922 3364 ἀκολουθοῦσα

354 3413 486 3482 μηδὲ
524 3411 634 3463 τῶν
696 3404 1089 3459 εὐτελεστάτων
1125 3402 1303 3473 ἔργων
1328 3403 1650 3474 ἀπέχεσθαι,
1674 3404 1811 3457 ἀλλὰ
1838 3421 1925 3456 το.

352 3507 541 3558 σοῦτον
579 3504 671 3557 καὶ
713 3501 921 3559 τούτοις
965 3496 1273 3567 προσέχειν,
1318 3497 1439 3549 ὅσον
1473 3498 1647 3560 οὐδεὶς
1699 3498 1814 3560 τοῖς
1847 3499 1922 3560 ὡς

346 3596 553 3665 ἑτέρως
585 3596 765 3664 ἔχουσι
786 3611 800 3625 ο
835 3595 929 3648 καὶ
960 3578 1229 3665 μὴμόνον
1256 3596 1335 3656 είς
1363 3595 1571 3665 ἀγοράν
1606 3594 1920 3665 ἐμῆἀλλειν,

348 3693 445 3745 καὶ
472 3690 807 3744 διατίθεσθαι
831 3728 847 3754 ,
876 3691 970 3743 καὶ
996 3688 1250 3741 ὠνεῖσθαι
1283 3680 1357 3742 ὧν
1388 3687 1494 3741 ἔδει
1534 3690 1600 3757 τῇ
1638 3688 1881 3756 συνοικία
1904 3727 1918 3751 ,

346 3783 487 3836 ἀλλά
517 3782 611 3835 καὶ
644 3782 806 3851 ἄχθος
839 3782 1027 3851 φέρειν
1056 3778 1387 3849 δεῆσαν,καὶ
1419 3776 1531 3845 πῦρ
1559 3776 1918 3838 ἀναπάλλειν,

322 3876 447 3927 καὶ
468 3874 672 3944 χύτραν
700 3875 874 3943 ἕψειν,
902 3873 996 3926 καὶ
1016 3873 1152 3932 ὅλως
1178 3873 1245 3924 τὰ
1267 3871 1442 3924 πάντα
1472 3871 1728 3938 πράττειν
1753 3868 1788 3922 ἃ
1810 3870 1920 3930 τοῖς

344 3965 751 4028 εὐτελεστάτοις
796 3967 1025 4033 ἐφεῖται.
1074 3962 1285 4016 Ἔπειτ’
1309 3962 1401 4014 ἐπὶ
1442 3962 1571 4013 πᾶσι
1610 3960 1819 4020 τούτοις
1846 3960 1920 4029 μὴ

349 4060 516 4127 μόνον
548 4058 609 4110 τὸ
646 4057 813 4126 μηδὲν
848 4057 1048 4125 ἑαυτὴν
1075 4055 1347 4124 ἡγεῖσθαι,
1375 4052 1508 4106 ἀλλὰ
1539 4053 1631 4105 καὶ
1663 4051 1922 4121 σκώληκα

347 4151 445 4201 καὶ
474 4148 673 4210 ὄνειδος
696 4147 997 4217 ἀνθρώπων
1014 4146 1106 4200 καὶ
1126 4147 1193 4198 τὰ
1216 4145 1441 4200 τοιαῦτα
1466 4146 1920 4216 προσαγορεύειν,

356 4241 470 4303 πῶς
486 4242 545 4293 οὐ
564 4239 1064 4309 ταπεινοφροσύνης
1095 4239 1337 4306 μείζονος
1370 4239 1401 4311 ἢ
1432 4239 1919 4308 παραϐάλλεσθαι;

345 4333 426 4385 ’Ἥ
447 4348 530 4399 γε,
560 4331 659 4398 τῆς
692 4331 889 4401 ἀρετῆς
917 4331 1359 4399 προκαλουμένης
1388 4330 1479 4381 ἐπὶ
1506 4331 1584 4399 τῷ
1610 4331 1703 4382 καὶ
1720 4331 1920 4401 ἐτέρων

2025 3133 2359 3201 capacitate;
2404 3131 2504 3185 sibi
2554 3130 2656 3200 ipsi
2705 3131 2978 3199 persuasit
3026 3132 3186 3186 alteri
3241 3146 3364 3186 sese
3409 3143 3601 3200 sponte

2023 3223 2314 3294 subjicere,
2348 3227 2505 3292 eique
2538 3224 2638 3276 soli
2671 3221 2895 3277 credere
2930 3222 3163 3277 salutem
3204 3238 3385 3278 suam.
3417 3223 3600 3289 Quare

2023 3326 2075 3370 et
2099 3317 2360 3370 minimos
2393 3315 2664 3384 magistra:
2693 3323 2863 3370 nutus
2890 3315 3237 3375 observabat.
3266 3324 3319 3369 et
3348 3330 3415 3369 ne
3448 3315 3602 3369 vilis-

2023 3408 2162 3462 sima
2192 3408 2410 3478 quidem
2438 3420 2603 3476 Opera
2628 3405 3104 3475 subterfugiebat;
3136 3404 3231 3460 sed
3266 3404 3353 3460 his
3382 3418 3601 3474 quoque

2024 3510 2233 3555 tantutn
2265 3500 2624 3565 adiciebatur,
2659 3508 2925 3569 quantum
2963 3496 3106 3551 alius
3145 3510 3309 3550 nemo
3337 3496 3601 3566 digniori-

2023 3592 2129 3646 bus
2156 3610 2169 3646 :
2205 3606 2381 3661 neque
2411 3592 2586 3646 solum
2628 3604 2736 3645 non
2772 3587 3171 3659 dedignabatur
3203 3587 3268 3640 ad
3299 3583 3477 3639 l‘orum
3508 3587 3601 3639 de-

2025 3682 2189 3744 lerre,
2233 3683 2313 3735 vel
2352 3695 2552 3735 venum
2588 3693 2899 3748 exponere,
2939 3687 3035 3731 aut
3071 3691 3253 3732 emere
3298 3691 3361 3729 ea
3401 3675 3600 3745 quibus

2021 3777 2167 3824 esset
2210 3784 2348 3838 opus
2395 3768 2774 3823 communitati
2810 3807 2824 3829 ,
2877 3767 2971 3820 sed
3018 3780 3196 3835 neque
3242 3765 3387 3834 ligna
3432 3762 3596 3828 ferre,

2023 3857 2205 3914 focum
2247 3867 2488 3924 struere,
2532 3858 2683 3913 cibos
2716 3871 2974 3927 coquere,
3010 3866 3102 3910 aut
3136 3854 3341 3924 aliquid
3376 3854 3600 3909 omnino

2023 3965 2211 4005 eorum
2241 3949 2440 4012 facere,
2476 3967 2597 4020 qua:
2635 3951 2822 4004 inlimo
2854 3949 3056 4019 cuique
3102 3958 3326 4017 possent
3364 3945 3595 4015 imponi.

2024 4044 2105 4099 Ad
2134 4046 2245 4099 hac
2270 4058 2392 4115 quae
2417 4060 2523 4098 non
2547 4054 2754 4099 tantum
2780 4043 3014 4111 seipsam
3040 4041 3273 4095 faciebat
3294 4038 3475 4100 nihil'.,
3503 4037 3598 4092 sed

2024 4152 2260 4191 vermem
2291 4145 2455 4206 atque
2480 4135 2831 4205 opprobrium
2856 4134 3139 4189 hominum
3169 4131 3384 4202 aliaque
3408 4130 3602 4199 hujus-

2030 4230 2175 4284 modi
2205 4229 2511 4299 appellabat
2539 4242 2680 4293 sese,
2711 4226 2988 4297 quomodo
3018 4239 3124 4279 non
3151 4226 3454 4279 mstimetur
3480 4237 3599 4275 ma-

2023 4323 2157 4393 joris
2189 4320 2358 4375 fuisse
2390 4320 2735 4383 humilitatis,
2759 4334 2920 4389 quam
2948 4318 3035 4373 cui
3067 4315 3597 4386 possitcomparatio

345 4426 440 4475 ἐπὶ
471 4423 760 4492 φιλοσοφίᾳ
790 4424 1132 4491 προστατεῖν,
1159 4422 1256 4473 καὶ
1286 4422 1504 4474 πάντων
1530 4423 1609 4483 είς
1634 4421 1793 4474 τοῦτο
1821 4441 1922 4475 πα-

2029 4414 2184 4482 digna
2228 4412 2500 4466 inveniri?
2541 4411 2740 4465 Eadem
2794 4426 2924 4465 vero
2972 4426 3096 4464 cum
3150 4408 3364 4462 virtutis
3406 4408 3598 4460 merito

345 4514 752 4587 ρακαλούντων,
797 4512 902 4564 οὐδ’
935 4511 1124 4582 ἄκροις
1167 4511 1269 4565 ὠσὶ
1314 4512 1373 4564 τὸ
1405 4513 1638 4583 πρᾶγμα
1668 4514 1919 4580 ἐδέξατο,

344 4608 491 4677 ὑπὲρ
520 4604 716 4674 ἐαυτὴν
745 4599 881 4658 εἶναι
910 4604 1174 4671 νομίσασα
1193 4619 1207 4634 ⁸
1237 4600 1487 4666 τοσοῦτος
1518 4598 1588 4673 ἦν
1614 4606 1800 4676 ἐκείνῃ
1828 4603 1922 4682 τῷ

348 4696 579 4768 μετρίου
615 4696 795 4763 λόγος.

422 4961 475 5010 ι’.
520 4954 630 5023 Τῆς
660 4952 716 5007 δὲ
760 4952 887 5023 περὶ
934 4950 994 5004 τὸ
1026 4950 1178 5004 Θεῐον
1221 4949 1443 5021 ἀγάπης
1495 4950 1589 5004 καὶ
1626 4948 1783 5004 τοῦτο
1830 4951 1927 5021 μὲν

341 5050 624 5114 ἀπόδειξις
674 5048 945 5117 ἐναργὴς,
986 5046 1044 5098 τὸ
1086 5046 1263 5099 πάντα
1301 5047 1473 5098 ταῦτα
1507 5047 1693 5117 φέρειν
1722 5047 1809 5099 διὰ
1836 5048 1927 5099 τὸν

346 5145 483 5211 περὶ
508 5141 669 5194 αὐτὸν
700 5141 901 5209 ἔρωτα,
931 5138 1024 5189 καὶ
1057 5137 1131 5207 μὴ
1178 5138 1260 5189 ὅτι
1298 5154 1363 5205 γε
1406 5137 1781 5206 δυσχεραίνειν
1816 5141 1925 5202 τοῖς

343 5232 699 5302 δυσχερέσιν,
732 5230 869 5283 ἀλλὰ
901 5231 996 5283 καὶ
1034 5228 1409 5298 δυσχεραίνειν
1438 5230 1519 5281 ὅτι
1551 5228 1625 5299 μὴ
1655 5230 1825 5281 πλείω
1858 5232 1923 5283 τὰ

342 5325 583 5396 δυσχερῆ
607 5339 624 5357 ο
656 5325 752 5376 καὶ
774 5322 881 5392 πρό
901 5338 964 5389 γε
984 5320 1188 5374 τούτων
1209 5323 1301 5375 καὶ
1328 5322 1467 5392 μετά
1494 5324 1699 5375 τούτων
1728 5322 1787 5376 τὸ
1810 5325 1924 5386 τοῖς

347 5417 689 5484 ὑπερφυέσιν
716 5412 1027 5467 ἐπιϐάλλειν
1059 5412 1234 5481 ἀγῶσι
1262 5412 1355 5466 τοῦ
1386 5414 1520 5482 πρὸς
1548 5413 1710 5467 αὐτὸν
1738 5415 1922 5467 εἵνεκα

345 5508 543 5571 πόθου,
570 5509 665 5561 καὶ
694 5505 790 5561 νῦν
821 5508 918 5576 μὲν
944 5508 1220 5575 νηστείαις
1251 5506 1344 5559 καὶ
1369 5506 1718 5578 ἀγρυπνίαις,
1752 5507 1843 5561 νῦν
1868 5507 1924 5561 δὲ

2027 4512 2413 4574 provocaretur
2466 4503 2531 4555 ad
2588 4501 2817 4555 aliarum
2882 4502 2933 4552 in
2993 4497 3372 4568 philosophico
3420 4498 3597 4550 stadio

2027 4594 2403 4664 prterecturam
2437 4592 2866 4661 suscipiendam,
2893 4600 2947 4643 et
2978 4604 3169 4643 omnes
3197 4589 3345 4641 illam
3384 4587 3449 4641 ad
3493 4589 3595 4640 hoc

2024 4688 2350 4753 invitarent,
2408 4701 2477 4740 ne
2525 4685 2759 4740 summis
2798 4684 3019 4753 quidem
3070 4684 3300 4744 auribus
3348 4681 3467 4750 ejus
3518 4682 3597 4735 rei

2029 4777 2248 4832 admisit
2280 4779 2638 4841 mentionem,
2672 4791 2833 4844 supra
2865 4790 2986 4831 sese
3018 4773 3071 4829 id
3100 4768 3219 4830 esse
3251 4784 3404 4840 rata;
3446 4783 3595 4829 tanta

2030 4866 2079 4921 ci
2104 4876 2221 4921 erat
2248 4865 2641 4920 mediocritatis
2668 4881 2823 4919 cura.

2101 4958 2186 5012 10.
2225 4958 2434 5023 Quanta
2476 4972 2603 5027 erga
2640 4958 2806 5011 Deum
2849 4954 3085 5013 ferveret
3127 4956 3441 5018 dilectione,
3479 4955 3597 5008 evi-

2031 5052 2180 5104 denti
2212 5058 2435 5119 apparet
2466 5050 2938 5106 demonstratione
2961 5066 3056 5121 per
3085 5051 3209 5114 hoc,
3243 5048 3386 5118 quod
3412 5046 3594 5101 omnia

2029 5146 2129 5198 ista
2164 5159 2261 5213 pro
2292 5144 2438 5199 illius
2469 5142 2659 5199 amore
2694 5144 2877 5209 ferret,
2909 5159 3085 5213 neque
3118 5143 3168 5195 in
3198 5141 3367 5210 ipsius
3430 5137 3597 5190 mole-

2031 5239 2150 5294 stiis
2177 5238 2401 5294 sentiret
2428 5240 2755 5303 molestiam,
2778 5238 2882 5294 nisi
2908 5238 3156 5307 quia‘non
3182 5237 3331 5305 plura
3348 5240 3400 5285 et
3421 5227 3594 5297 magis

2033 5327 2264 5383 molesta
2313 5328 2655 5397 patiebatur:
2689 5328 2945 5398 quodque
2995 5334 3188 5395 praeter
3222 5326 3323 5379 ista
3368 5330 3423 5374 et
3469 5332 3591 5371 cum

2030 5419 2173 5483 istis,
2222 5434 2343 5474 sese
2383 5428 2636 5491 attcreret
2673 5419 2951 5473 laboribus
3001 5412 3329 5474 immodicis,
3374 5416 3596 5479 propter

2030 5524 2149 5563 eam
2185 5523 2290 5580 qua
2320 5523 2447 5577 erga
2480 5508 2658 5581 ipsum
2692 5508 2965 5585 ferebatur
2996 5505 3337 5561 cbaritatem.
3381 5496 3592 5554 Etenim

429 5682 490 5753 (ί)
536 5682 734 5739 Decsse
764 5683 867 5739 hoc
917 5690 1096 5739 autem
1134 5682 1309 5739 simile
1361 5684 1601 5750 verbum,
1635 5699 1699 5739 ex
1749 5698 1913 5739 sensu
1956 5682 2141 5752 liquet.
