3982 6208
495 269 602 332 763

1722 279 2035 343 NICOLAI
2076 281 2163 342 CA
2175 280 2463 340 BASIL.’E
3604 301 3700 364 76;

494 400 642 443 nunc
679 386 899 456 quidem
935 389 1135 460 vigiliis
1167 401 1328 462 atque
1373 393 1632 462 jejuniis.
1671 412 1818 452 nunc
1861 399 2072 452 incom-

2186 393 2518 464 δυσχερείαις
2555 399 2793 464 ἁπάσαις
2825 403 2966 475 ὑπὲρ
3008 405 3068 457 τὸ
3113 406 3304 476 μέτρον
3332 407 3388 460 τὸ
3418 408 3560 478 σῶμα
3581 412 3704 467 διδό-

498 481 676 535 modis
719 481 1052 537 omnimodis
1103 499 1302 552 corpus
1351 501 1512 540 suum
1567 488 1710 544 ultra
1757 506 2067 546 mensuram

496 572 806 634 addicebat.
837 573 1130 641 omniaque
1154 575 1242 630 illa
1271 589 1465 646 sponte
1492 582 1848 650 suscipiebat,
1869 583 2071 652 quibus

499 665 676 734 ipsum
728 665 946 735 quidem
999 667 1242 732 domari,
1291 671 1535 726 animum
1584 690 1713 728 vero
1756 675 2068 732 conﬁrmari

498 757 784 824 contingit.
821 755 1010 828 Neque
1044 758 1220 816 levius
1256 762 1381 831 hoc,
1410 764 1454 817 si
1489 745 1594 820 non
1623 776 1677 822 et
1713 768 1892 838 majus
1925 769 2072 839 ejus-

496 847 620 901 dem
677 845 988 902 dilectionis
1041 861 1423 920 argumentum
1475 864 1594 920 est.
1649 867 1702 912 et
1753 859 1898 927 quod
1943 875 2070 930 erga

497 951 691 992 omnes
740 938 994 995 homines
1043 941 1124 997 sic
1169 943 1510 1012 adiceretur,
1555 957 1613 1002 ut
1655 964 1777 1018 quae
1824 950 2068 1020 ipsorum

496 1029 782 1083 commoda
829 1030 1135 1088 attinebant
1178 1034 1461 1102 praeferret
1507 1041 1733 1096 omnino
1785 1043 1938 1099 suis:
1976 1044 2069 1112 qui

496 1119 642 1174 enim
680 1120 898 1176 rratrem
932 1124 1142 1193 diligit.
1178 1127 1354 1194 diligit
1385 1139 1438 1182 et
1473 1128 1638 1184 Deum
1663 1172 1679 1196 ,
1721 1150 1902 1203 neque
1933 1138 2070 1192 alte-

500 1227 618 1265 rum
662 1212 781 1267 sine
817 1215 989 1269 altero
1023 1227 1197 1285 potest
1232 1221 1569 1288 consistere;
1617 1226 1710 1278 sed
1739 1242 1962 1283 necesse
1987 1238 2072 1283 est

498 1320 622 1357 cum
649 1304 758 1360 Deo
781 1321 1201 1364 conversantem
1221 1314 1384 1367 etiam
1418 1316 1625 1370 versari
1651 1335 1770 1374 cum
1797 1323 2067 1391 proximo,

497 1405 552 1449 et
587 1412 711 1451 eum
744 1399 838 1467 qui
881 1400 1132 1456 homines
1164 1404 1376 1474 diligit,
1418 1405 1588 1462 Deum
1631 1425 1848 1481 quoque
1889 1416 2067 1484 ipsum

501 1489 744 1557 diligere.
795 1492 936 1548 Hinc
983 1493 1033 1548 ei
1077 1494 1350 1551 familiare
1410 1511 1528 1556 erat
1582 1505 1836 1562 omnibus
1885 1510 2071 1564 omnia

503 1580 835 1647 ministrare,
871 1600 1045 1653 neque
1092 1588 1196 1653 pati
1236 1600 1293 1641 ut
1361 1591 1470 1645 sibi
1493 1595 1829 1653 ministraret
1854 1601 2072 1670 aliquis;

2179 504 2286 553 ναι,
2317 491 2409 541 καὶ
2441 490 2578 554 ὅλως
2601 494 2829 558 ἐκείνοις
2861 499 3026 550 πᾶσιν
3053 499 3337 569 ἐγχειρεῖν,
3369 500 3423 565 ἐξ
3451 496 3517 554 ῶν
3540 504 3594 555 τὸ
3622 505 3707 570 μὲν

2179 581 2529 649 ὑποπίπτειν,
2581 584 2680 655 τὴν
2721 587 2776 640 δέ
2821 587 2999 657 ψυχὴν
3029 588 3214 653 αὔξειν
3254 594 3583 659 περιγίνεται.
3613 596 3711 666 οὐχ

2179 667 2343 741 ἦττον
2379 673 2435 726 δέ
2469 675 2627 728 τοῦτο
2665 679 2714 730 εἰ
2750 680 2823 747 μὴ
2858 681 2952 732 καὶ
2990 683 3204 750 μεῖζον,
3245 683 3302 736 τὸ
3332 687 3462 738 πᾶσι
3500 689 3602 746 τοῖς
3629 690 3710 740 ἀν-

2179 763 2419 834 θρώποις
2461 767 2606 822 οὕτω
2648 772 2948 841 κεχρῆσθαι
2991 775 3068 836 ὡς
3125 776 3216 828 καί
3270 776 3375 828 τῶν
3418 777 3530 830 καθ’
3571 779 3712 849 αὐτὴν

2177 858 2462 921 τάκείνων,
2493 861 2623 930 περὶ
2661 862 2905 926 πλείονος
2954 867 3109 931 ἄγειν
3153 868 3245 919 καὶ
3287 868 3583 937 προτιθέναι
3625 872 3715 934 rei;

2177 945 2356 1009 ὅλοις⁶
2393 950 2422 1001 ὁ
2459 950 2568 1020 γὰρ
2598 952 2689 1004 τὸν
2729 951 2978 1022 ἀδελφὸν,
3023 957 3209 1025 φησὶν.
3259 957 3482 1023 ἀγαπῶν
3529 959 3613 1010 καὶ
3637 960 3712 1011 τὸν

2179 1035 2309 1089 Θεὸν
2354 1037 2542 1109 ἀγαπᾷ
2567 1056 2578 1069 ³
2619 1042 2712 1094 καὶ
2775 1043 3054 1113 οὐδέτερον
3091 1047 3259 1116 χωρὶς
3300 1048 3478 1114 ἐτέρου
3518 1051 3716 1120 συσταίη

2180 1127 2300 1180 ποτ’
2334 1125 2432 1193 ἂν,
2469 1129 2603 1184 ἀλλὰ
2635 1130 2726 1184 τδν
2760 1132 2836 1203 τῷ
2859 1133 2990 1203 ῥΘεῷ
3021 1136 3356 1204 κεχρημένον
3388 1137 3480 1190 καὶ
3518 1141 3618 1202 τοῖς
3641 1143 3717 1192 άν-

2179 1218 2418 1285 θρὼποις
2474 1222 2816 1293 κεχρῆσθαι,
2873 1225 2966 1278 τὸν
3024 1226 3070 1278 δ’
3135 1226 3202 1279 αὖ
3259 1228 3382 1291 τοὺς
3437 1229 3720 1297 ἀνθρώπους

2122 1366 2129 1371 ,
2183 1309 2466 1377 φιλοῦντα,
2501 1315 2713 1384 ἀνάγκη
2755 1317 2905 1369 πᾶσα
2938 1319 3030 1370 καὶ
3069 1318 3160 1371 τὸν
3197 1319 3330 1372 Θεὸν
3362 1322 3584 1391 ἀγαπᾷν.
3620 1323 3720 1374 Ἕν-

2177 1401 2364 1454 τεῦθεν
2395 1405 2529 1474 αὐτῇ
2563 1405 2624 1458 τὸ
2647 1407 2847 1469 πάσαις
2879 1409 3053 1462 πάντα
3088 1409 3372 1473 διακονεῖν,
3411 1412 3491 1464 ἵνα
3519 1413 3584 1481 μὴ
3615 1413 3717 1464 διι-

2179 1495 2386 1547 κονοϊτο
2437 1496 2673 1564 Χριστὸν
2716 1500 3030 1570 μιμουμένη
3074 1499 3170 1553 καὶ
3217 1501 3338 1556 κατ’
3373 1500 3510 1571 ἴχνος
3539 1501 3720 1554 ἐκείνου

2183 1585 2466 1656 βαίνουσα.

504 1673 559 1726 in
595 1688 772 1742 eoque
805 1675 1084 1732 Christum
1123 1679 1478 1746 imitabatur,
1517 1684 1662 1740 illius
1693 1689 1917 1760 vestigia
1942 1694 2072 1747 sub-

504 1778 762 1832 sequens.
2114 1774 2153 1827 Β

578 1857 669 1913 il.
711 1859 803 1914 Sic
841 1860 1006 1930 igitur
1039 1865 1300 1919 virtutum
1338 1869 1820 1935 praestantissimas
1861 1874 1914 1928 in
1959 1873 2082 1931 fun—

2258 1879 2345 1928 ια’.
2397 1875 2554 1928 Οὕτω
2605 1877 2785 1931 τοίνυν
2827 1880 2928 1943 τὰς
2974 1880 3240 1950 μεγίστας
3286 1883 3582 1952 ὑποθεμένη
3629 1885 3722 1938 τῶν

504 1946 763 2006 damento
787 1951 992 2016 locans,
1030 1955 1095 2009 ad
1125 1955 1358 2010 aliarum
1395 1973 1617 2028 quoque
1653 1961 1926 2034 fastigium
1961 1981 2083 2035 per-

2186 1962 2394 2032 ἀρετῶν
2414 2009 2428 2032 ,
2468 1966 2611 2022 οὕτω
2641 1971 2735 2022 καὶ
2771 1970 2882 2024 τῶν
2909 1946 3083 2026 ἄλλων
3118 1974 3199 2036 είς
3230 1975 3397 2045 ἀκρον
3434 1946 3635 2043 ἤλασεν,
3660 1975 3723 2040 ὡς

506 2039 675 2100 venit.
700 2051 760 2094 ut
789 2059 964 2112 neque
995 2045 1048 2099 in
1081 2045 1187 2102 illis
1223 2047 1480 2115 cuiquam
1508 2049 1711 2116 βιίιιιοε
1739 2054 2083 2109 concederet.

2193 2054 2315 2122 μηδ’
2349 2057 2406 2108 ἐν
2429 2059 2657 2124 ταύταις
2695 2061 2883 2131 μηδενὶ
2911 2064 3020 2117 τῶν
3052 2039 3318 2136 ἁπάντων.
3339 2039 3622 2135 ὑπερύολὴν
3651 2039 3734 2119 is?

504 2128 651 2184 Nihil
690 2142 870 2187 autem
903 2135 1098 2192 melius
1131 2149 1212 2191 est
1247 2139 1674 2205 generalissimis
1709 2153 1967 2212 quatuor.
2023 2148 2083 2201 Et

2187 2143 2427 2201 λοιπέναι
2447 2164 2460 2178 ·
2494 2128 2777 2224 ὅλους
2804 2158 3085 2226 τεσσάρων
3117 2134 3271 2211 οὖδὲν
3319 2128 3486 2212 ὄνειον
3520 2128 3604 2229 (ut)
3637 2161 3724 2212 τᾶν

504 2221 572 2275 de
605 2224 893 2293 prudentia
921 2227 1143 2296 quidem
1176 2228 1296 2299 ejus
1327 2230 1429 2284 hoc
1459 2247 1680 2300 possum
1713 2234 1914 2293 dicere.
1943 2239 2083 2304 quod

2189 2242 2592 2300 γενικωτάτων·
2625 2221 2940 2317 φρονήσεως
2976 2221 3073 2318 μὲν
3113 2252 3242 2320 πέρι
3275 2253 3448 2304 ἐκεῖνο
3479 2221 3636 2316 λέγώ,
3663 2251 3724 2310 ὠς

506 2313 551 2370 si
591 2315 838 2368 maximae
873 2319 1156 2385 sapientia:
1185 2322 1453 2376 terminus
1483 2333 1569 2378 est
1599 2339 1783 2387 nosse.
1815 2337 2000 2381 utrum
2025 2345 2083 2382 ea

2190 2326 2306 2389 εἴγε
2329 2329 2580 2397 γνώσεως
2603 2313 2725 2406 ὅρος
2758 2313 2875 2396 ἐστὶ
2901 2313 2997 2409 τῆς
3032 2313 3322 2412 μεγίστης,
3343 2339 3455 2418 τδῇ
3487 2313 3603 2396 ὄντα
3629 2343 3724 2396 ἐστὶ

2190 2418 2258 2470 τά
2291 2420 2416 2473 ὅντα
2455 2425 2672 2491 εἰδέναι,
2707 2432 2799 2482 καὶ
2833 2432 2906 2501 μὴ
2947 2433 3205 2487 ἀσύνετον
3237 2432 3376 2488 εἶναι
3411 2438 3531 2506 περὶ
3561 2435 3722 2488 ταυτί·

2193 2507 2310 2571 πῶς
2339 2512 2400 2564 ού
2436 2513 2612 2569 πάντα
2637 2521 2948 2590 φρονήσεως
2973 2525 3097 2592 ὅρον
3119 2525 3434 2597 ὑπερϐαίνει
3456 2529 3515 2579 τὰ
3539 2528 3624 2592 τῆς
3643 2541 3723 2594 μευ

2195 2599 2366 2668 γάλης
2405 2602 2549 2656 οὕτω
2580 2607 2680 2677 τὴν
2720 2611 3120 2685 ἀκριϐεστάτην
3150 2618 3461 2688 ἐπιστήμην
3487 2619 3724 2682 ἑκατέρων

2192 2692 2426 2763 σχούσης
2448 2696 2556 2748 τῶν
2581 2698 2768 2761 ὄντων,
2800 2703 2875 2765 ὡς
2908 2705 2981 2774 μὴ
3010 2704 3220 2782 μόνονῇ
3251 2710 3382 2762 ὄντα
3409 2714 3516 2762 ἐστὶ
3536 2712 3597 2762 τὰ
3618 2710 3723 2760 ὄντα

2193 2784 2414 2845 εἰδέναι.
2444 2787 2580 2840 ἀλλά
2611 2792 2702 2840 καὶ
2719 2792 2847 2874 οἴων
2879 2795 3154 2867 ἑκατέρων
3182 2800 3532 2868 ἀντιληπτέον
3554 2802 3611 2855 ἀν
3634 2801 3722 2868 εἴη,

505 2420 626 2474 qua
648 2417 775 2462 sunt
813 2424 1002 2464 revera
1045 2413 1192 2478 sint,
1225 2421 1278 2466 et
1307 2415 1451 2468 circa
1491 2415 1604 2470 haec
1633 2417 1944 2486 imperitum
1977 2435 2085 2473 non

505 2513 628 2553 esse
661 2517 674 2554 :
706 2502 980 2570 quomodo
1028 2518 1135 2557 non
1189 2517 1410 2560 omnem
1466 2508 1744 2577 sapientiae
1795 2513 2085 2566 terminum

507 2605 698 2659 magna
733 2592 848 2648 haec
875 2604 1061 2649 sancta
1099 2611 1449 2666 supergressa
1494 2609 1597 2665 est,
1640 2609 1844 2655 tantam
1899 2619 2086 2658 rerum

509 2683 719 2740 habens
743 2687 1022 2754 notitiam,
1044 2700 1228 2744 utnon
1264 2690 1442 2744 solum
1471 2691 1795 2762 intelligeret
1814 2709 1881 2749 an
1906 2705 2092 2751 essent

508 2775 720 2845 singula
765 2789 820 2831 nt
849 2795 972 2835 esse
1003 2782 1344 2849 videbantur,
1371 2785 1464 2838 sed
1490 2785 1654 2839 etiam
1683 2795 1865 2841 utrum
1899 2803 1930 2843 e
1955 2789 2092 2843 duo-

507 2869 614 2924 bus
644 2881 825 2934 esset;
866 2875 1339 2941 prastantioribus
1367 2886 1549 2931 autem
1582 2893 1647 2935 ac
1673 2881 1996 2937 melioribus
2032 2899 2083 2938 se

2191 2873 2266 2935 ὼς
2297 2877 2407 2937 τοῖς
2446 2876 2546 2944 μὲν
2586 2869 2806 2950 ἑστῶσι)
2829 2885 2922 2935 καὶ
2958 2884 3168 2954 μείζοσι
3205 2890 3427 2956 θέσθαι,
3465 2893 3550 2944 καὶ
3591 2891 3726 2945 πάνθ’

506 2963 768 3021 traderet.
806 2980 903 3032 pro
931 2965 998 3021 iis
1028 2967 1137 3035 pati
1165 2969 1431 3036 quidlibet
1466 2978 1519 3024 et
1551 2968 1733 3027 facere
1762 2985 1988 3042 parata;
2022 2977 2083 3031 ah

2193 2970 2333 3039 ὑπὲρ
2360 2971 2565 3024 τούτων
2600 2975 2692 3026 καὶ
2723 2979 2897 3028 ποιεῖν
2926 2980 3019 3032 καὶ
3051 2982 3284 3052 πάσχειν
3318 2984 3607 3054 αἱρεῖσθαι·
3638 2983 3726 3035 τῶν

509 3055 636 3110 aliis
672 3072 804 3112 vero
843 3073 1019 3128 usque
1055 3059 1192 3115 adeo
1227 3061 1532 3126 abstinens.
1567 3072 1629 3118 ut
1661 3080 1771 3120 non
1809 3067 1986 3122 solum
2023 3069 2083 3124 iis

2193 3059 2237 3112 δ’
2283 3062 2616 3130 ἀποσχέσθαι
2661 3066 2912 3122 τοσοῦτον
2954 3072 3046 3123 καὶ
3091 3076 3307 3141 χαίρειν
3341 3077 3524 3136 ἐάσαι,
3551 3075 3617 3137 ὡς
3663 3073 3724 3143 μὴ

511 3149 680 3203 nollet
718 3151 1126 3218 (ιιιοιιιοᾶοιίιιιιι
1160 3155 1272 3220 ttti,
1318 3154 1411 3209 sed
1457 3170 1557 3211 nec
1599 3156 1652 3212 in
1699 3160 2083 3228 cogitationem

2197 3156 2355 3222 μόνον
2407 3155 2529 3225 μηδ’
2579 3159 2827 3213 ὁπωσοῦν
2865 3163 3071 3218 ἐθέλειν
3112 3167 3441 3236 κεχρῆσθαι,
3479 3169 3599 3223 ἀλλὰ
3625 3166 3726 3237 μηδ’

507 3242 732 3310 quidem
756 3259 946 3298 eorum
981 3247 1186 3301 venire.
1213 3247 1368 3312 Quod
1403 3264 1570 3318 porro
1601 3251 1654 3304 in
1688 3253 1948 3308 omnibus
1973 3269 2083 3320 ara-

2193 3245 2400 3299 εννοιαν
2426 3250 2633 3306 τούτων
2660 3253 2952 3322 ἐσχηκέναι
2985 3257 3136 3311 ποτέ.
3169 3259 3243 3311 Τὸ
3277 3261 3332 3313 δὲ
3355 3263 3522 3316 πάντα
3548 3261 3607 3313 τὰ
3628 3257 3726 3310 καθ’

511 3334 668 3398 tiose,
689 3345 743 3389 ut
767 3338 1044 3403 convenit,
1069 3354 1186 3394 sese
1213 3340 1438 3396 haberet
1463 3358 1477 3404 ;
1505 3352 1560 3396 et
1581 3344 1846 3400 rationem
1873 3349 2083 3413 quidem

2193 3338 2362 3410 αὐτὴν
2387 3339 2755 3412 δημαγωγεῖν,
2778 3345 2872 3398 καὶ
2900 3346 3140 3410 διοικεῖν,
3169 3352 3268 3402 καὶ
3299 3353 3502 3422 διαιτᾷν
3591 3365 3730 3416 προσ·

512 3442 748 3496 praeesse
778 3428 1082 3497 all'ectibus,
1106 3431 1206 3486 hos
1241 3448 1368 3488 vero
1395 3434 1570 3491 eidem
1599 3437 1828 3492 subesse
1860 3437 2083 3506 faceret;

2193 3430 2292 3498 ἧκε
2324 3449 2337 3462 ·
2369 3435 2464 3485 καὶ
2495 3434 2755 3506 λογισμὸν
2801 3440 2898 3506 μὲν
2937 3442 3049 3503 τοῖς
3083 3440 3321 3496 πάθεσιν
3351 3445 3641 3511 ἐφιστάναι,
3676 3443 3729 3493 τά

510 3531 732 3572 carnem
766 3533 988 3589 quoque
1013 3521 1378 3590 supprimere,
1409 3531 1466 3579 et
1495 3526 1551 3579 in
1584 3527 1908 3582 servitutem
1945 3530 2083 3584 redi-

2191 3519 2238 3574 δ’
2265 3521 2591 3576 ὑποπίπτειν
2635 3528 3102 3596 παρασκευάζειν·
3157 3532 3254 3583 καὶ
3303 3533 3402 3603 τὴν
3443 3532 3539 3603 μὲν
3585 3531 3733 3600 σάρκα

515 3621 670 3678 gere,
695 3617 860 3676 atque
895 3609 1153 3682 alnigere,
1190 3623 1427 3669 mentem
1459 3629 1494 3670 e
1526 3626 1714 3672 contra
1750 3619 2083 3677 subtillorem

2194 3616 2555 3688 κατατρύχειν
2599 3621 2696 3673 καὶ
2735 3621 3101 3691 ὣυλαγωγεῖν
3149 3626 3245 3678 καὶ
3289 3630 3527 3694 πιέζειν,
3569 3629 3654 3696 τὴν
3687 3627 3732 3679 δὲ

514 3699 743 3755 reddere
765 3711 928 3772 atque
955 3704 1218 3760 extollere
1242 3716 1541 3778 satageret;
1576 3710 1828 3766 universa
1857 3712 2083 3781 denique

2192 3709 2370 3780 ψυχὴν
2394 3711 2681 3783 καθαίρειν
2707 3731 2762 3766 τε
2791 3715 2886 3768 καὶ
2907 3715 3190 3771 λεπτύνειν
3209 3733 3224 3748 ⁸
3257 3722 3355 3775 καὶ
3375 3722 3505 3784 ὅλως
3521 3721 3576 3774 τὸ
3604 3719 3732 3773 πάντ’

515 3789 570 3843 in
622 3791 862 3860 pondere
907 3800 966 3848 et
1012 3801 1214 3850 statera
1270 3806 1516 3866 poneret,
1569 3809 1733 3868 atque
1775 3802 1829 3856 in
1879 3803 2083 3858 cunctis

2195 3801 2254 3854 ἐν
2294 3800 2446 3871 ζυγῷ
2488 3802 2581 3855 καὶ
2617 3804 2844 3875 σταθμῷ
2893 3805 3135 3861 τιθέναι·
3169 3811 3266 3862 καὶ
3327 3813 3451 3883 περὶ
3499 3811 3655 3864 πάντα
3679 3810 3733 3861 τὰ

514 3892 793 3951 utcunque
835 3885 1158 3942 accidebant
1206 3902 1265 3942 se
1295 3900 1540 3945 servaret
1583 3891 1926 3959 indemnem,
1959 3911 2083 3965 quo-

2194 3891 2458 3959 γινόμενα
2488 3893 2716 3958 σώζειν,
2763 3893 2882 3958 πῶς
2909 3895 3010 3949 οὒκ
3045 3896 3125 3950 ἔνι
3169 3901 3409 3972 μεγίστῃ
3456 3898 3733 3968 δικαιοσύνῃ

515 3976 678 4030 modo
711 3993 816 4032 non
853 3991 1047 4047 arguat
1075 3981 1348 4048 justitiam
1392 3983 1443 4036 in
1477 3985 1564 4038 illa
1602 3986 2095 4043 absolutissimam?
2196 3980 2541 4050 κεχρῆσθαι;

586 4068 675 4123 12.
703 4068 778 4123 De
803 4071 1094 4139 prudentia
1113 4071 1282 4142 igitur
1303 4073 1716 4144 atquejustitia.
1749 4092 1854 4132 non
1879 4089 2083 4148 quanta

2267 4070 2355 4142 ιβ’.
2380 4074 2698 4144 Φρονήσεως
2723 4077 2820 4146 μὲν
2849 4077 2942 4132 οὖν
2960 4079 3142 4134 εἵνεκα
3167 4083 3265 4135 καὶ
3287 4083 3634 4153 δικαιοσύνης,
3655 4084 3735 4148 οὐχ

515 4160 617 4231 ipsi
641 4161 888 4223 aderant.
917 4162 1009 4216 sed
1039 4163 1318 4232 quomodo
1351 4167 1530 4232 potui,
1550 4166 1825 4231 elocutus,
1856 4169 1922 4223 ad
1952 4171 2083 4226 alias

2195 4161 2294 4213 ὅσα
2321 4165 2386 4232 τῇ
2422 4166 2634 4237 μεγάλῃ
2689 4168 2934 4237 προσῆν,
2970 4170 3086 4223 ἀλλ’
3127 4172 3224 4225 ὅσα
3259 4174 3410 4241 ἐξῆν,
3456 4173 3633 4234 είπὼν,
3662 4172 3736 4223 ἐπὶ

515 4251 858 4320 progredior.
906 4251 966 4306 In
1009 4252 1095 4307 his
1138 4253 1334 4323 igitur,
1371 4257 1733 4324 temperantia
1770 4258 1996 4327 inquam
2043 4275 2083 4316 et

2195 4255 2292 4315 τὰς
2325 4253 2491 4317 ἄλλας
2523 4258 2616 4310 καὶ
2661 4257 2725 4329 δὴ
2756 4258 3064 4330 βαδιοῦμαι.
3107 4264 3214 4317 Καὶ
3255 4267 3366 4336 μὴν
3398 4265 3611 4318 τουτωνὶ
3654 4263 3736 4332 μὲν

517 4340 866 4404 fortitudine,
903 4341 1048 4394 haud
1077 4357 1208 4397 sane
1245 4343 1473 4399 minima
1504 4345 1792 4403 Theodora
1825 4349 1964 4406 fuit:
1999 4356 2083 4407 sed

2197 4345 2434 4400 τοσαῦτα
2456 4349 2651 4418 περιῆν
2674 4351 2922 4422 Θεοδώρα
2942 4357 3300 4428 σωφροσύνης
3322 4375 3382 4411 τε
3407 4361 3496 4412 καὶ
3521 4356 3736 4426 ἀνδρείας

519 4447 696 4500 usque
738 4433 875 4486 adeo
923 4433 1085 4486 etiam
1143 4433 1251 4489 hoc
1293 4435 1514 4491 nomine
1543 4437 1752 4492 laudari
1803 4442 2000 4497 meruit
2045 4455 2083 4498 el

2203 4438 2296 4489 κα“·⁴
2327 4437 2425 4503 τῆς
2453 4439 2510 4489 ἐν
2549 4437 2718 4493 ἅπασι
2749 4443 3041 4513 καρτερίας
3080 4445 3292 4501 ἐλάττω
3318 4463 3332 4478 ⁶
3360 4449 3496 4502 ἀλλά
3521 4447 3737 4500 τοσοῦτον

519 4525 772 4577 coronari
796 4565 810 4588 ,
846 4533 905 4578 ut
955 4539 1116 4581 nemo
1153 4525 1206 4581 id
1243 4527 1421 4582 valeat
1458 4528 1788 4586 suilicienter
1823 4535 2083 4606 explicari

2202 4527 2492 4582 κάντεῦθεν
2515 4535 2796 4600 στεφανεῖν
2817 4536 2951 4606 αὐτῇ
2973 4537 3239 4609 προσῆκε,
3263 4544 3356 4594 καὶ
3379 4542 3518 4595 οὓτω
3541 4541 3736 4610 μετέσχε

518 4613 768 4671 dicendo.
815 4616 940 4671 llaec
985 4619 1130 4673 enim
1177 4635 1305 4675 vere
1348 4622 1686 4686 admirabilis
1734 4641 1827 4694 per
1877 4643 2094 4684 omnem

517 4705 682 4760 vitam
699 4711 834 4763 adeo
853 4709 1046 4764 fortem
1065 4725 1124 4766 se
1149 4710 1400 4781 praebuit,
1427 4712 1782 4785 animumque
1802 4718 1884 4772 sic
1909 4720 2100 4775 habuit

513 4800 872 4854 exercitatum
899 4841 913 4864 ,
955 4810 1013 4857 ut
1044 4817 1154 4855 non
1183 4803 1360 4856 solum
1399 4805 1659 4870 superior
1703 4821 1850 4863 esset
1885 4811 2098 4864 cunctis

2200 4625 2294 4675 καὶ
2337 4624 2444 4675 τῶν
2495 4624 2742 4678 ἐντεῦθεν
2800 4629 3063 4695 παιάνων,
3111 4631 3187 4694 ὡς
3233 4634 3360 4705 μηδ’
3408 4635 3736 4704 ἀποχρώνΐως

2201 4712 2343 4782 ἔχειν
2372 4713 2680 4777 διεξελθεῖν.
2707 4715 2956 4788 Θεοδώρα
2982 4720 3090 4790 γὰρ
3117 4721 3480 4795 ὴθαυμαστὴ,
3507 4720 3736 4792 καρτερίᾳ

516 4905 638 4959 qum
669 4891 982 4947 hominibus
1014 4894 1190 4946 solent
1231 4893 1351 4947 laeta
1401 4892 1648 4949 tristiave
1685 4899 1964 4962 accidere;
1997 4900 2092 4954 sed

518 4981 650 5049 ipsis
681 4993 887 5038 naturae
909 4983 1120 5052 legibus
1142 4985 1416 5042 videretur
1447 5004 1843 5058 usquequaque
1895 4989 2091 5054 maior,

520 5072 736 5128 labores
781 5073 1002 5144 quidem
1047 5078 1296 5145 corporis
1339 5080 1641 5135 secundum
1689 5081 2090 5150 philosophiam

518 5176 780 5233 quantum
826 5166 968 5221 alius
1011 5167 1285 5238 quiSpiam
1331 5181 1478 5225 rei-te
1509 5174 1800 5234 ordinans,
1847 5172 2094 5227 animum

519 5272 650 5311 vero
696 5257 893 5328 ubique
933 5263 1176 5315 erectum
1229 5277 1294 5316 ac
1348 5279 1673 5331 generosum
1729 5278 2092 5320 conservans.

520 5349 773 5409 Testatur
809 5351 912 5406 hoc
945 5352 1121 5421 primo
1157 5356 1434 5423 egregium
1485 5355 1801 5422 silentium,
1840 5363 1894 5410 et
1929 5370 2093 5426 quam

522 5449 574 5499 in
607 5445 724 5515 ipso
752 5443 985 5499 tenendo
1009 5447 1329 5501 monstravit
1360 5447 1758 5509 constantiam;
1789 5454 1920 5502 totis
1941 5447 2086 5501 enim

522 5535 832 5604 quindecim
887 5534 1050 5589 annis
1098 5536 1266 5591 tiliam
1325 5553 1480 5592 suam
1535 5539 1777 5594 allocuta
1827 5551 1939 5591 non
1992 5545 2096 5603 est,

2198 4805 2284 4858 διά
2311 4806 2425 4875 βίον
2448 4809 2642 4871 παντὸς
2667 4813 3000 4883 κεχρημένη,
3030 4816 3123 4867 καὶ
3144 4815 3289 4869 οὕτω
3309 4817 3407 4889 τὴν
3432 4817 3600 4886 ψυχὴν
3621 4828 3736 4882 παρ·

2197 4899 2548 4959 εσκευακυῖα,
2579 4897 2654 4961 ὡς
2674 4900 2748 4970 μὴ
2781 4900 2940 4971 μόνον
2964 4903 3240 4971 ἀνωτέραν
3268 4908 3554 4976 τυγχάνειν
3573 4903 3667 4955 τῶν
3688 4915 3734 4951 τε

2196 4987 2339 5042 κατά
2373 4988 2462 5041 τὸν
2493 4989 2606 5058 βίον
2647 4992 2906 5063 ἀνιαρῶν,
2946 4996 3055 5048 τῶν
3089 4995 3137 5048 θ’
3177 4998 3252 5060 ῶς
3283 4999 3481 5066 ἑτέρως
3511 4995 3733 5066 ἐχόντων,

2196 5080 2334 5133 ἀλλά
2354 5083 2448 5134 καὶ
2465 5083 2572 5135 τῶν
2589 5084 2833 5152 φυσικῶς
2855 5086 3070 5156 θεσμῶν
3090 5091 3434 5143 παντάπασιν
3452 5084 3731 5157 ὑπερσχεῖν.

2196 5176 2294 5228 καὶ
2320 5175 2446 5238 τοὺς
2472 5175 2568 5242 μὲν
2591 5174 2683 5229 τοῦ
2709 5177 2960 5246 σώματος
2981 5179 3175 5245 πόνους
3196 5184 3282 5235 καὶ
3313 5183 3491 5234 πᾶσαν
3513 5179 3604 5248 τὴν
3625 5174 3732 5243 περὶ

2198 5256 2370 5317 ταῦτα
2393 5265 2707 5333 φιλοσοφίαν
2727 5266 2915 5329 ῶςόὑκ
2942 5264 3040 5321 οἷδ’
3055 5271 3108 5323 εί
3128 5287 3210 5328 τις
3234 5268 3629 5340 κατωρθωκυῖα,
3648 5264 3732 5329 τὴν

2201 5356 2256 5408 δὲ
2289 5355 2465 5427 ψυχὴν
2493 5357 2686 5427 ἀκλινῆ
2717 5359 2809 5412 καὶ
2843 5361 3099 5427 γενναίαν
3141 5361 3393 5425 καθάπαξ
3427 5363 3482 5412 ἐν
3511 5359 3632 5410 πᾶσι
3658 5369 3730 5404 τε·

2193 5449 2483 5515 τηρηκυῖα.
2527 5449 2636 5502 Καὶ
2668 5454 2936 5520 μαρτυρεῖ
2986 5453 3158 5505 ταῦτα
3191 5453 3400 5524 πρῶτον
3433 5451 3529 5522 μὲν
3555 5449 3609 5502 τὸ
3647 5441 3729 5510 τῆς

2207 5539 2419 5606 σιωπῆς
2456 5538 2668 5610 ἐκείνης
2699 5539 2974 5611 ὑπερφυὲς
3004 5543 3098 5596 καὶ
3139 5544 3205 5614 ἢν
3233 5544 3354 5615 ἔσχε
3387 5544 3508 5613 περὶ
3532 5534 3730 5605 ταυτηνὶ

598 5719 692 5790 (ηι)
749 5718 826 5777 lta
871 5738 965 5791 per
1015 5723 1384 5792 conjecturam
1447 5720 1808 5791 corrigimus,
1869 5738 1966 5792 pro
2029 5722 2087 5775 οὐ
2127 5723 2260 5788 ἀῶν,
2295 5724 2433 5794 quod
2472 5723 2606 5778 nihil
2645 5724 2813 5782 visunt
2853 5724 3178 5795 signiﬁcare.
