3982 6208
310 274 408 342 765

1576 286 1752 346 Vl'l‘A
1791 286 1850 346 S.
1882 289 2341 350 ’I'IIEODOIUE.

3459 297 3563 358 766

302 396 591 466 καρτερίαν
610 413 625 430 ο
650 397 743 450 ἐπὶ
759 396 867 465 γὰρ
888 397 1046 451 πέντε
1074 399 1167 450 κα)⁵
1187 398 1314 451 δέκα
1339 399 1607 459 ἐνιαυτοῖς
1625 402 1718 453 καὶ
1744 402 1879 471 πρὸς

1993 407 2241 473 quamvis
2278 407 2330 460 in
2367 408 2559 461 eodem
2592 422 2714 461 cum
2748 410 2862 474 ipsa
2895 410 3115 465 virtutis
3139 411 3317 465 stadio
3347 427 3568 466 exerce-

298 491 386 543 τδν
418 491 582 543 παῖδα
618 491 677 543 τὸ
708 493 865 561 σιγᾷν
890 492 1176 562 ἐκέχρητο,
1204 494 1297 545 καὶ
1327 491 1500 545 ταῦτα
1529 496 1649 556 ταῖς
1680 495 1873 558 αὑταῖς

297 582 478 653 ἐκείνῃ
521 585 781 651 χρωμένη
824 583 1153 652 διατριεαίς·
1192 583 1382 637 ἔπειτα
1421 588 1516 638 καὶ
1545 588 1572 638 ὁ
1611 586 1873 654 μέγιστος

295 678 500 737 ἐκεῖνος
528 676 625 728 καὶ
648 678 828 728 πᾶσαν
862 675 1208 739 ἀντεξέτασιν
1231 676 1579 746 ὑπερϐαίνων
1610 679 1747 749 πρὸς
1782 679 1873 733 τον

294 766 543 839 χειμῶνα
594 767 705 819 τῶν
762 767 1039 836 στοιχείων
1091 767 1261 833 ἀγών.
1319 768 1476 821 Οὕτω
1521 766 1611 820 διὰ
1656 769 1876 839 πάντων

294 861 533 924 ὑπέταξε
568 859 665 931 τὴν
694 860 871 929 σάρκα
909 859 986 929 τῷ
1022 862 1311 930 πνεύματι,
1346 863 1439 914 καὶ
1482 862 1555 933 μὴ
1593 862 1751 931 μόνον
1776 861 1876 931 ἅρ-

292 972 391 1022 γον
421 953 677 1019 καθάπαξ
724 952 1026 1023 ἀπέφηνεν,
1060 954 1197 1005 ἀλλὰ
1234 953 1326 1006 καὶ
1357 954 1500 1007 κατά
1530 954 1591 1005 τὸ
1617 955 1877 1024 φρόνημα

289 1047 387 1100 τοῦ
412 1048 721 1115 πνεύματος
754 1040 857 1115 ἦγε
881 1044 973 1098 τοῦ
1009 1046 1152 1099 κατά
1198 1046 1361 1113 φύσιν
1394 1049 1735 1115 ὲκστήσασα.
1770 1047 1879 1098 Kal.

291 1140 406 1201 τοῖς
444 1138 540 1207 μὲν
571 1137 749 1199 ἄλλοις
783 1138 1070 1206 ἀγαπητὸν
1097 1138 1155 1189 τὸ
1191 1140 1265 1208 μὴ
1296 1141 1418 1199 ταῖς
1448 1140 1651 1207 σαρκὸς
1688 1138 1878 1190 ἐπιθυο

294 1232 449 1302 μίαις
473 1229 570 1301 τὴν
596 1229 773 1301 ψυχὴν
795 1230 1103 1294 ὑπάγεσθαι
1120 1244 1134 1259 °
1160 1229 1413 1300 Θεοδώρῳ
1441 1230 1495 1282 δὲ
1526 1230 1731 1291 οὐκέτι.
1764 1231 1879 1283 ἀλλ’

291 1327 342 1378 εί
380 1326 453 1394 μὴ
480 1326 572 1377 καί¹
601 1325 698 1395 τὴν
727 1324 904 1394 σάρκα
931 1324 1259 1393 μεταϐάλλοι
1290 1324 1388 1393 τὴν
1422 1322 1605 1391 φύσιν,
1643 1324 1733 1376 καὶ
1759 1326 1879 1386 ταῖς

292 1416 615 1487 ἐπιθυμίαις
653 1417 747 1470 τοῦ
795 1415 1109 1486 κρείττονος
1154 1416 1383 1469 ἕπεσθαι
1426 1417 1876 1486 παρασκευάσαι,

292 1510 397 1563 οὐκ
430 1510 655 1575 ἀνεκτὸν
689 1508 809 1563 οὐδὲ
838 1507 975 1579 πρὸς
1006 1509 1176 1577 αὑτῆς
1212 1510 1421 1577 ἡγεῖτο.

368 1609 458 1669 ιγ’.
505 1600 784 1657 Ἐντεῦθεν
817 1602 910 1656 καὶ
948 1601 1303 1673 σωφροσύνης
1336 1601 1478 1656 οὕτω
1513 1603 1650 1673 μετά
1684 1602 1879 1656 πολλοῦ

295 1694 582 1763 περιόντος
638 1697 717 1758 είς
768 1696 939 1764 ἀκρον
990 1695 1197 1765 ῆλασε·
1245 1695 1307 1747 τὸ
1336 1696 1444 1765 γάρ
1483 1696 1573 1749 τὸν
1621 1696 1719 1765 μὲν
1758 1695 1882 1750 νοῦν

292 1787 404 1842 τῶν
448 1787 635 1841 παθῶν
668 1788 1049 1859 αὐτοκράτορα
1099 1789 1466 1857 καταστῆσαι,
1491 1788 1779 1859 αἰσθήσεις
1824 1788 1881 1842 δὲ

294 1881 387 1935 καὶ
411 1880 512 1951 τὴν
544 1880 790 1934 ἐντεῦθεν
818 1881 1065 1951 ἀνάγκην
1098 1880 1241 1934 οὕτω
1277 1882 1540 1950 ρυθμίσαι
1563 1884 1658 1936 καὶ
1700 1899 1885 1936 κατα-

294 1972 523 2039 στεῖλαι,
556 1971 631 2037 ὡς
665 1973 803 2042 μήτε
869 1975 979 2034 τοῖς
1015 1972 1320 2043 ὀφθαλμοῖς
1349 1974 1427 2035 είς
1458 1973 1494 2028 ἃ
1528 1974 1603 2044 μὴ
1637 1974 1884 2045 προσῆκε

293 2064 615 2134 κεχρῆσθαι,
655 2065 791 2135 μήτε
827 2064 999 2135 ἀκοὴν
1020 2066 1253 2134 ἑτέροις,
1286 2067 1469 2133 μόνοις
1499 2066 1555 2119 δὲ
1595 2069 1703 2127 τοῖς
1736 2066 1887 2119 λυσι-

296 2156 648 2217 τελεστάτοις
680 2158 947 2226 ἀνοίγειν,
975 2159 1069 2210 καὶ
1096 2158 1231 2220 ὅλως
1261 2158 1446 2221 πάσας
1473 2160 1570 2221 τὰς
1603 2157 1886 2225 αἰσθήσεις

297 2248 441 2301 κατά
464 2248 523 2300 τὸ
550 2247 739 2301 δοκοῦν
767 2248 920 2316 ἄγειν
948 2249 1026 2319 τῷ
1058 2249 1154 2319 νῷ,
1182 2249 1209 2301 ὃ
1235 2250 1335 2318 τῆς
1374 2249 1637 2319 μεγίστης
1672 2264 1887 2313 σωφροα

302 2338 469 2407 σύνης
497 2340 620 2406 ὅρον
653 2340 894 2403 ἅπαντες
919 2340 1101 2409 ίσμεν,
1127 2342 1233 2393 τίνι
1255 2342 1360 2393 τῶν
1382 2340 1557 2392 ἄλλων
1580 2339 1675 2392 καὶ
1702 2338 1884 2391 πάντα,

294 2431 392 2484 καὶ
426 2428 547 2498 μεθ’
572 2430 881 2500 ὑπερϐολῆς
912 2430 1057 2484 οὕτω
1081 2430 1478 2500 κατώρθωται;
1514 2430 1673 2482 υῦτω
1704 2430 1887 2481 τοίνυν

292 2522 495 2584 τελέως
520 2523 805 2594 ἀποστάσῃ
833 2522 941 2574 τῶν
971 2522 1275 2590 σαρκικῶν,
1309 2523 1404 2575 καὶ
1432 2522 1523 2574 τὸν
1548 2522 1676 2591 περὶ
1709 2518 1886 2572 ταῦτα

298 2612 483 2666 πᾶσαν
538 2613 919 2681 προσπάθειαν
966 2615 1061 2682 ἀφ’
1104 2615 1304 2683 ἑαυτῆς
1348 2612 1609 2676 καθάπαξ
1649 2629 1886 2681 ποιησα-

300 2704 457 2773 μένη,
498 2706 593 2755 καὶ
624 2704 772 2757 τοῦτ’
801 2706 1027 2767 εἰκότως
1061 2706 1119 2769 ἐξ
1151 2706 1401 2773 ἀνάγκης
1428 2705 1664 2774 ἀπήντα,
1706 2703 1885 2773 μόνων

297 2792 392 2862 μὲν
424 2793 685 2860 γενέσθαι
717 2796 827 2847 τῶν
865 2798 994 2864 περὶ
1028 2797 1089 2848 τὸ
1130 2795 1288 2849 Θείον
1320 2795 1563 2866 ἐρώτων,
1588 2796 1682 2847 καὶ
1719 2794 1888 2863 μόνης

297 2884 639 2954 ἐξηρτῆσθαι
672 2890 771 2955 τῆς
812 2887 1023 2938 ἐκεῖθεν
1060 2886 1300 2948 ἀκτῖνος,
1332 2884 1549 2954 ἐρῶσαν
1584 2884 1639 2936 δὲ
1666 2884 1750 2935 ἀεὶ
1776 2888 1888 2945 τοῖς

300 2976 589 3045 λογισμοῖς
634 2978 1048 3046 συντυγχάνειν,
1102 2977 1195 3029 καὶ
1244 2976 1497 3045 καθαράν
1537 2977 1613 3045 τῷ
1664 2975 1887 3045 καθαρῴ

1981 508 2152 551 retur.
2188 498 2332 552 Idem
2364 508 2595 553 testatur
2630 501 2866 555 maxima
2895 511 2949 556 et
2978 503 3127 556 omni
3154 504 3567 571 comparatione

1981 590 2153 659 major
2186 592 2334 644 lucta
2380 593 2643 646 adver-us
2690 594 3075 662 intemperiem
3120 595 3565 652 elementorum:

1980 698 2202 737 carnem
2232 700 2466 751 namque
2491 686 2708 753 spiritui
2741 686 3075 743 omnimodis
3103 687 3361 750 subjecit,
3384 704 3565 758 neque

1980 783 2288 844 promptam
2337 776 2606 831 duntaxat
2665 778 2856 831 habuit
2912 785 2965 831 et
3016 779 3443 848 obsequentem,
3476 781 3566 834 sed

1980 867 2141 921 etiam
2171 867 2385 936 spiritui
2418 870 2877 935 consentientem,
2905 881 3163 939 tanquam
3197 881 3407 925 natura:
3434 885 3569 926 con-

1980 959 2239 1013 ditionem
2294 975 2541 1029 egressa.
2595 962 2725 1016 Nam
2775 962 2896 1017 aliis
2951 963 3171 1032 quidem
3223 964 3459 1032 optabile
3487 975 3570 1020 est

1981 1052 2450 1120 concupiscentiis
2486 1055 2674 1107 carnis
2710 1070 2817 1107 non
2848 1054 3046 1122 subjici
3079 1055 3364 1124 spiritum;
3394 1055 3574 1111 Theo-

1982 1145 2128 1197 dorze
2174 1155 2357 1198 autem
2403 1161 2757 1214 nequaquam
2807 1146 3059 1200 sullicere
3104 1147 3283 1201 visum
3317 1158 3424 1209 est,
3464 1149 3570 1202 nisi

1985 1236 2158 1304 ipsius
2188 1237 2375 1290 carnis
2408 1238 2725 1293 immutaret
2762 1252 3037 1299 naturam.
3072 1250 3125 1292 ct
3161 1241 3336 1309 ipsam
3371 1240 3572 1295 faceret

1986 1327 2130 1380 ultro
2165 1328 2233 1381 ad
2269 1327 2497 1384 meliora
2532 1329 2688 1386 ferri.

2060 1597 2147 1653 l3.
2188 1595 2303 1653 Hoc
2328 1614 2457 1667 ergo
2489 1599 2650 1657 modo
2678 1600 2743 1654 ad
2778 1601 3148 1671 temperantia
3179 1601 3392 1656 culmen
3448 1618 3573 1673 pcr-

1987 1689 2177 1745 venit:
2222 1691 2309 1744 cui
2358 1692 2503 1745 enim
2546 1692 2780 1745 aliarum
2826 1693 3055 1762 contigit
3100 1692 3203 1747 sibi
3249 1706 3572 1761 comparare

1991 1790 2098 1834 tam
2136 1781 2833 1837 absolutumall'ectionu'm
2859 1783 3188 1853 imperium;
3220 1800 3420 1840 sensus
3444 1799 3575 1838 vero

1987 1887 2288 1942 eorumque
2322 1874 2631 1929 violentiam
2657 1876 2736 1931 sic
2766 1890 3049 1937 coercere.
3088 1885 3143 1928 ut
3180 1890 3357 1945 neque
3392 1874 3571 1929 oculis

1988 1980 2166 2034 neque
2202 1966 2431 2019 auribus
2472 1966 2843 2032 permittatur,
2886 1967 3008 2022 aliis
3045 1967 3226 2030 rebus,
3257 1983 3419 2033 quam
3456 1967 3575 2036 qui-

1987 2059 2090 2112 bus
2120 2058 2401 2120 convenit,
2424 2058 2720 2123 interesse;
2755 2058 2847 2113 sed
2875 2060 3008 2114 solis
3035 2060 3260 2113 utilibus
3285 2060 3573 2129 congruis-

1987 2165 2093 2218 que
2139 2158 2361 2218 patere,
2419 2165 2598 2221 neque
2640 2151 2798 2204 aliter
2826 2153 3054 2206 omnino
3088 2166 3250 2220 quam
3298 2151 3572 2220 quomodo

1989 2256 2144 2295 mens
2176 2243 2526 2297 constituerit
2558 2245 2665 2314 agi,
2699 2243 2844 2313 quod
2872 2258 2993 2298 esse
3025 2259 3343 2311 supremum
3370 2252 3574 2311 tempe-

1990 2334 2181 2388 rantia:
2228 2335 2436 2402 apicem
2472 2350 2664 2388 omnes
2713 2334 3006 2389 novimus?
3055 2334 3171 2404 Ipsa
3209 2346 3388 2388 autem
3421 2335 3572 2388 adeo

1989 2426 2236 2496 perfecte
2278 2427 2554 2480 carnalem
2594 2441 2814 2480 omnem
2843 2425 3192 2481 ati‘cctionem
3230 2426 3403 2489 exuit,
3437 2427 3574 2479 adeo

1991 2521 2150 2589 longe
2172 2534 2200 2572 a
2234 2535 2291 2573 se
2316 2520 2620 2573 naturalem
2648 2519 2713 2573 ad
2736 2535 2830 2574 eas
2853 2519 3270 2588 propensionem
3316 2521 3569 2579 removit.

1990 2620 2050 2666 ut
2082 2621 2278 2679 sponte
2309 2613 2564 2682 ultroque
2590 2612 2638 2665 ei
2670 2621 3005 2672 occurreret.
3042 2612 3172 2665 solis
3202 2610 3420 2680 quidem
3446 2626 3575 2681 erga

1990 2717 2078 2755 res
2120 2701 2330 2755 divinas
2370 2703 2654 2755 amoribus
2698 2702 2987 2770 occupari,
3021 2712 3074 2755 et
3106 2717 3293 2755 earum
3335 2716 3574 2755 corusco

1989 2793 2183 2847 lumini
2226 2794 2433 2848 haerere
2467 2792 2677 2846 allixam
2702 2834 2716 2858 ,
2760 2802 3033 2846 amantem
3070 2808 3198 2845 vero
3231 2808 3355 2847 cum
3392 2803 3577 2847 amato

1993 2885 2104 2940 Deo
2135 2886 2714 2954 semper.conversari
2755 2894 2937 2938 mente
2961 2927 2974 2946 ,
3006 2898 3176 2951 seque
3217 2901 3405 2952 puram
3437 2901 3576 2954 puro

1991 2981 2271 3050 applicare
2293 3018 2307 3041 ,
2350 2989 2403 3033 et
2434 2979 2592 3034 bonis
2628 2978 2751 3048 ejus
2783 2978 2930 3045 frui;
2967 2976 3234 3033 fruentem
3266 2995 3429 3048 porro
3462 2994 3582 3031 rutu-

297 3068 675 3135 συγγίνεσθαι,
717 3070 814 3121 καὶ
856 3070 963 3122 τῶν
1008 3068 1219 3122 ἐκεῖθεν
1275 3068 1500 3137 ἀγαθῶν
1554 3067 1876 3131 ἀπολαύειν,

1993 3088 2118 3126 ευιη
2162 3072 2480 3140 duplicare,
2517 3072 2665 3125 velut
2702 3088 2797 3141 per
2825 3070 3124 3138 circulum,
3167 3072 3250 3126 sui
3285 3086 3412 3142 erga
3451 3085 3577 3125 eum

294 3161 676 3214 ἀπολαύουσαι)
722 3164 777 3216 δὲ
819 3162 1196 3226 διπλασιάζειν
1235 3158 1394 3226 αὖθις
1432 3163 1492 3215 τὸ
1542 3162 1670 3229 περὶ
1716 3160 1880 3213 αὑτὸν

295 3254 538 3325 φίλτρον,
570 3252 758 3326 ὥσπερ
792 3258 848 3308 ἐν
866 3256 1072 3327 κύκλῳ.

1993 3164 2199 3219 amoris
2221 3162 2500 3218 ardorem.

1737 3388 1973 3446 CAPUT
2020 3388 2112 3443 Ill.

957 3506 1203 3561 Laudant
1232 3508 1290 3563 S.
1329 3507 1620 3562 Theodorw
1648 3508 1891 3575 synopsis
1928 3516 1977 3560 et
2011 3522 2132 3559 cum
2172 3505 2297 3559 aliis
2320 3505 2523 3559 sanctis
2554 3507 2904 3575 comparatio.

363 3623 445 3676 ιδ’.
490 3618 670 3682 Οὕτω,
704 3611 748 3674 ὦ
788 3620 908 3674 θεία
948 3621 1195 3690 κεφαὶήι
1232 3621 1321 3674 δια
1358 3620 1577 3673 πάντων
1614 3620 1721 3672 τῶν
1758 3619 1881 3688 βελ-

295 3716 532 3778 τίστων,
581 3716 677 3767 καὶ
732 3715 884 3783 παρὰ
932 3713 1051 3782 Θεῷ
1106 3714 1201 3766 καὶ
1253 3712 1564 3781 ἀνθρώποις
1590 3712 1879 3797 ’μεγάλων

298 3808 617 3876 ὀξιωμένων
651 3807 1028 3877 πραγμάτων,
1069 3808 1209 3875 μετά
1270 3805 1468 3858 πολλοῦ
1502 3806 1592 3857 τοῦ
1633 3805 1881 3875 μείζονος

295 3896 455 3971 ἧκες,
485 3901 581 3953 καὶ
613 3900 755 3953 κατά
776 3899 968 3951 πασῶν
991 3903 1048 3952 ὲν
1068 3899 1281 3960 τούτοις
1306 3899 1368 3951 τὸ
1392 3898 1596 3968 κράτος
1621 3897 1849 3966 εἴληφας
1869 3915 1882 3927 ο

299 3992 422 4046 οὔτε
452 3992 562 4065 γὰρ
596 3993 762 4057 ἔστιν,
788 3992 887 4045 οὐκ
923 3991 1071 4045 ἐστιν
1105 3991 1310 4061 ἀρετῆς
1339 3986 1478 4053 εἶδος
1510 3989 1686 4052 οὐδὲν,
1719 3982 1777 4041 οὗ
1814 3991 1888 4059 μὴ

303 4089 554 4155 μετεῖχες
599 4086 988 4153 διαφερόντως,
1029 4087 1123 4137 καὶ
1160 4086 1370 4146 πάντας
1422 4083 1550 4147 τοὺς
1581 4082 1888 4150 ἀκολουθή-

301 4196 524 4243 σαντας,
582 4179 677 4229 καὶ
736 4177 871 4245 μόνη
929 4177 1259 4247 συνείληφας
1299 4175 1335 4229 ἃ
1382 4178 1494 4240 τοῖς
1543 4176 1727 4238 ἄλλοις
1784 4175 1890 4247 ἰδίᾳ

299 4273 504 4338 κόσμος
546 4270 928 4323 καθέστηκεν·
978 4272 1034 4334 ἐξ
1086 4256 1169 4322 ὧν
1203 4288 1267 4337 γε
1315 4269 1534 4323 πάντων
1587 4269 1889 4337 μοναδικήν

298 4383 421 4417 τινα
466 4364 565 4417 καὶ
628 4363 787 4432 ξένην
832 4362 1020 4415 οὐσίαν
1080 4361 1284 4423 καλοῦ,
1344 4360 1642 4430 συμπάσης
1682 4362 1887 4430 ἀρετῆς

2067 3619 2157 3672 14.
2198 3617 2303 3673 Per
2332 3621 2518 3674 omnia
2552 3620 2756 3690 itaque,
2791 3635 2824 3674 ο
2854 3621 3082 3675 charum
3111 3622 3219 3676 Deo
3254 3631 3438 3692 caput.
3470 3638 3585 3677 emo

1992 3711 2181 3765 litibus
2256 3713 2683 3784 hominibusque
2736 3714 3101 3781 (estimabilia,
3136 3725 3190 3769 et
3232 3718 3284 3769 in
3325 3717 3583 3772 omnibus

1998 3804 2161 3869 longe
2193 3808 2395 3874 primas
2429 3807 2757 3861 obtinuisti:
2798 3823 2973 3876 neque
3013 3823 3158 3863 enim
3193 3807 3296 3862 fuit
3328 3808 3433 3863 ulla
3470 3810 3582 3863 vir-

2000 3901 2134 3953 tutis
2170 3899 2400 3968 species,
2436 3916 2600 3970 quam
2634 3916 2741 3954 non
2775 3902 3121 3970 acquisieris,
3156 3902 3321 3972 idque
3360 3904 3583 3958 diverso

1989 3994 2057 4045 ab
2086 3993 2208 4046 aliis
2242 3994 2437 4057 modo,
2484 4000 2537 4047 et
2572 3995 2714 4048 ultra
2750 4010 2912 4064 quam
2945 3996 3147 4063 aliquis
3192 4008 3316 4065 post
3348 4012 3585 4065 sequen-

1988 4081 2148 4135 tium.
2193 4083 2316 4137 Sola
2357 4085 2559 4152 quippe
2607 4085 2895 4155 complexa
2930 4103 3024 4153 es,
3069 4101 3191 4155 quae
3228 4087 3440 4156 singula
3477 4104 3578 4153 po-

1989 4174 2220 4229 tuissent
2249 4173 2372 4226 aliis
2398 4190 2495 4242 pro
2539 4184 2737 4229 ornatu
2770 4175 3049 4239 subicere;
3087 4192 3150 4230 ex
3194 4176 3411 4246 illisque
3448 4186 3582 4249 pro"

1993 4268 2167 4335 priam
2213 4269 2508 4336 quamdam
2548 4268 3041 4339 admirabilemque
3088 4269 3487 4333 substantiam,
3524 4278 3581 4324 et

1996 4361 2181 4429 omnig
2221 4375 2302 4414 me
2358 4361 2573 4414 virtutis
2632 4360 3007 4415 habitaculum
3065 4361 3329 4428 eﬂ‘ecisti;
3382 4362 3580 4427 vitam,

300 4458 508 4520 ἑστίαν,
559 4456 651 4507 τὸν
705 4456 908 4523 σαυτῆς
965 4454 1296 4515 ἀποδείξασα
1346 4452 1459 4522 βίον
1516 4455 1650 4506 πᾶσι
1699 4452 1881 4521 παρά-

1993 4453 2245 4522 inquam,
2289 4462 2471 4517 tuam,
2518 4455 2736 4507 cunctis
2777 4453 2831 4506 in
2868 4454 3179 4523 exemplum
3212 4448 3574 4525 propositam,

302 4545 501 4614 δειγμα
548 4543 892 4614 προύθηκας,
933 4544 996 4595 ἑκ
1025 4542 1269 4611 κεφαλῆς
1313 4543 1393 4605 είς
1438 4544 1605 4605 πόδας
1646 4543 1706 4595 τὸ
1756 4543 1884 4613 περὶ

303 4637 481 4689 πάντα
512 4636 799 4703 γινόμενον
847 4633 1109 4699 σώζοντα.
1154 4635 1229 4686 Ob
1270 4634 1377 4704 γὰρ
1408 4634 1503 4687 νῦν
1538 4635 1661 4703 μὲν,
1711 4636 1806 4689 νῦν
1839 4635 1885 4688 δ’

302 4726 390 4780 οὔ·
426 4728 550 4781 οὐδὲ
605 4727 700 4780 νῦν
732 4727 831 4796 μὲν
858 4727 1081 4794 μᾶλλον,
1110 4727 1204 4778 νῦν
1231 4727 1275 4779 δ’
1299 4722 1460 4796 ἦττον
1491 4727 1764 4797 (καθάπερ
1795 4727 1887 4782 ἀλ-

303 4818 414 4880 λοις
436 4818 583 4871 τισὶν
608 4816 908 4885 ἐξεγένετο)
966 4818 1124 4883 λόγον
1176 4818 1332 4888 ἔσχες
1382 4820 1478 4888 τῆς
1538 4819 1739 4889 ἀρετῆς
1790 4819 1885 4872 καὶ

301 4910 395 4963 τοῦ
447 4909 571 4965 κατ’
620 4911 791 4977 αὐτὴν
839 4909 1173 4964 πολιτεύειν·
1220 4911 1340 4963 οὐδὲ
1384 4912 1491 4963 τῶν
1529 4913 1630 4982 μὲν
1683 4911 1886 4981 ταύτης

300 5000 480 5065 εἰδῶν,
516 4998 624 5052 τῶν
656 4998 701 5051 δ’
741 4998 802 5051 οὗ
826 5016 840 5030 ·
872 4999 991 5051 οὐδὲ
1024 5000 1132 5052 τῶν
1163 5000 1262 5069 μὲν
1308 5001 1505 5068 μᾶλλον
1525 5042 1539 5064 ,
1573 5001 1680 5055 τῶν
1711 5000 1755 5056 δ’
1782 4998 1883 5075 ἦτ·

302 5111 392 5146 τον
422 5111 435 5123 ·
469 5092 586 5145 ἀλλ’
611 5092 668 5157 ἐξ
702 5092 809 5160 ἄρα
843 5093 1083 5162 πρώτης,
1113 5093 1189 5155 ὡς
1222 5094 1415 5156 εἰπεῖν,
1449 5093 1547 5163 τῆς
1569 5096 1753 5164 τριχὸς
1792 5095 1885 5148 καὶ

304 5187 609 5256 προοιμίων
640 5186 836 5247 αὐτῶν,
877 5185 1036 5255 μέχρι
1083 5188 1173 5237 καὶ
1216 5186 1385 5255 μυχοῦ
1425 5187 1610 5255 γήρως
1649 5188 1742 5239 καὶ
1777 5188 1885 5239 τῶν

310 5278 583 5346 ἐπιλόγων
615 5279 705 5330 τοῦ
740 5278 879 5347 βίου,
912 5278 1127 5330 πάντων
1159 5276 1412 5342 καθάπαξ
1438 5279 1530 5330 καὶ
1567 5278 1684 5346 μεθ’
1719 5278 1886 5349 ὑπερ-

303 5370 466 5439 ὕολῆς
506 5368 615 5422 τῶν
650 5367 938 5437 βελτίστων
967 5367 1199 5437 ἀκριόὴς
1243 5367 1450 5436 ἐφάνης
1481 5369 1753 5438 ἐργάτης,
1788 5369 1882 5421 καὶ

311 5462 447 5531 μὸνη
469 5460 625 5531 παρὰ
651 5460 837 5514 πασῶν
867 5460 924 5511 ἐν
955 5460 1119 5512 πᾶσιν
1149 5460 1304 5529 ἔσχες
1331 5459 1392 5512 τὸ
1418 5460 1842 5530 συγκεχωρηκὸς
1863 5500 1878 5527 ,

306 5551 448 5605 οὕτω
480 5551 568 5603 διά
603 5551 818 5602 πάντων
847 5548 1124 5612 ἀνεφάνης
1147 5547 1376 5600 νικῶσα.

380 5641 460 5696 ιε’.
489 5643 565 5696 Οὐ
599 5642 707 5710 γὰρ
731 5640 889 5701 εὐθὺς
918 5640 1014 5705 μὲν
1039 5641 1101 5691 ὲκ
1133 5640 1319 5700 παιδὶς
1341 5638 1590 5700 τοσοῦτος
1612 5636 1678 5709 ἦν
1698 5641 1881 5712 ἐκείνῃ

309 5734 462 5803 λόγος
494 5734 595 5804 τῆς
629 5735 687 5787 ὲν
714 5732 859 5804 ψυχῇ
898 5733 1013 5786 κατ’
1051 5731 1250 5802 ἀρετὴν
1290 5731 1568 5801 ἐργασίας,
1600 5733 1767 5787 ἐπειδ’
1807 5734 1851 5787 ὡ

1996 4554 2306 4613 cunctaque
2338 4546 2582 4599 membra
2612 4560 2641 4599 a
2672 4548 2847 4615 capite
2871 4562 3043 4615 usque
3066 4547 3131 4600 ad
3164 4549 3325 4615 pedes
3354 4561 3578 4600 servan-

1994 4644 2124 4690 tem.
2156 4636 2263 4689 Nec
2288 4637 2434 4689 enim
2470 4636 2633 4689 modo
2659 4637 2882 4705 quidem
2910 4637 3010 4700 sic,
3044 4640 3206 4690 modo
3232 4646 3414 4691 autem
3444 4652 3576 4703 non;

1994 4727 2077 4781 vel
2111 4727 2277 4781 modo
2308 4726 2525 4789 minus,
2560 4729 2719 4780 modo
2755 4728 2927 4797 magis
2964 4729 3043 4797 (ut
3090 4728 3416 4797 quibusdam
3456 4728 3580 4783 aliis

1993 4820 2134 4874 solet
2175 4818 2536 4888 contingere)
2579 4818 2766 4871 virtuti
2815 4818 3214 4888 consequendm
3263 4820 3576 4890 impendisti

1993 4921 2081 4975 te;
2115 4925 2290 4979 neque
2328 4910 2461 4977 unis]
2492 4910 2711 4980 quidem
2753 4909 2906 4965 illius
2954 4911 3244 4980 speciebus
3283 4911 3579 4977 inlnesiSti,

1995 5004 2132 5058 alias
2178 5015 2360 5057 autem
2398 5002 2724 5073 neglexisti;
2772 5012 2867 5056 aut
2914 5002 3038 5058 unis
3070 5005 3420 5069 contentius,
3451 5003 3581 5056 aliis

1993 5095 2276 5151 remissius
2301 5106 2350 5150 te
2370 5096 2679 5165 applicuisti
2705 5112 2720 5161 ;
2749 5094 2843 5149 sed
2874 5110 2900 5147 a
2927 5095 3154 5162 teneris,
3181 5107 3236 5151 ut
3258 5097 3337 5151 sic
3359 5096 3572 5165 loquar,

1994 5189 2307 5260 Unguiculis
2342 5189 2591 5259 ipsisque
2622 5188 2745 5242 vitae
2778 5189 3113 5256 primordiis,
3151 5206 3325 5259 usque
3359 5189 3426 5242 ad
3457 5188 3576 5257 epi-

1994 5284 2177 5353 logum
2206 5283 2323 5352 ejus
2344 5293 2395 5337 et
2427 5293 2726 5337 extremam
2753 5293 3115 5349 senectutem,
3138 5286 3382 5338 omnium
3405 5284 3577 5338 simul

1994 5377 2295 5436 bonorum,
2344 5374 2508 5444 idque
2572 5376 3039 5432 excellent'ssimo
3096 5377 3333 5445 quodam
3384 5375 3572 5439 modo,

1991 5464 2264 5533 operatrix
2309 5463 2495 5529 fuisti,
2529 5473 2583 5518 et
2618 5465 2734 5519 sola
2774 5466 2827 5519 in
2860 5467 3115 5520 omnibus
3149 5476 3312 5534 atque
3344 5465 3413 5519 ab
3446 5478 3571 5520 om-

1991 5558 2155 5612 nibus
2184 5554 2391 5621 primas
2418 5556 2613 5612 tulisti.

2048 5646 2135 5699 15.
2179 5642 2295 5698 Non
2326 5644 2468 5698 enim
2513 5645 2601 5700 hic
2638 5646 2733 5701 tibi
2767 5648 2833 5700 ab
2876 5645 3103 5699 infantia
3153 5645 3373 5715 quidem
3408 5662 3559 5701 exer-

1991 5737 2174 5794 cendae
2200 5735 2304 5791 fuit
2343 5736 2559 5793 virtutis
2590 5737 2748 5802 ratio,
2804 5748 3087 5808 postquam
3126 5748 3309 5794 autem
3346 5738 3571 5809 alligata
