3982 6208
445 294 550 358 767

1675 284 1984 349 NICOLAI
2012 283 2404 343 CABASILIE

3531 277 3630 342 768

442 403 792 458 matrimonio
827 417 887 459 es
921 371 1146 478 ejusque
1185 400 1550 456 incommodis
1576 399 1998 458 circumcincta,

2126 392 2336 460 ιίλησας
2378 391 2540 462 γάμῳ
2574 392 2668 445 καὶ
2715 392 2826 455 τοῖς
2864 390 3071 444 ἐκεῖθεν
3101 387 3395 458 δυσχερέσι,
3429 389 3515 440 καὶ
3548 407 3628 455 μι-

444 493 513 545 ad
570 495 845 550 modicum
873 496 1078 550 saltem
1122 494 1317 549 laxasti
1363 492 1529 548 studii
1573 492 1999 549 contentionem:

445 599 623 653 neque
654 601 870 640 rursum
898 586 978 640 sic
1007 585 1360 640 matrimonio
1383 599 1478 639 usa
1505 599 1585 649 es,
1611 589 1672 637 ut
1705 582 2002 638 universim

448 675 654 738 omnia,
689 674 907 737 liberos,
939 673 1339 743 possessiones,
1373 673 1614 737 divitias,
1647 672 1926 742 ipsamque
1956 683 2006 726 te

447 764 710 818 obtuleris
752 763 896 829 Deo,
931 764 983 817 in
1015 763 1297 833 religiosa
1338 771 1519 818 autem
1566 763 1689 817 vita:
1728 762 2007 817 laboribus

449 854 763 922 langueris;
793 855 886 910 sed
917 864 973 910 ut
1000 856 1185 911 omnia
1215 871 1446 925 quorum
1488 855 1854 922 particulatim
1891 869 2007 908 me-

449 945 606 1008 mini,
649 946 836 1014 paucis
869 947 1221 1018 complectar,
1253 962 1376 1002 cum
1415 947 1619 1016 optima
1651 961 1772 1001 esse
1808 945 1922 1015 ipsa
1957 955 2012 1000 et

459 1033 728 1090 videreris
765 1037 1053 1098 omnibus.
1097 1046 1298 1092 tantam
1327 1037 1895 1110 tamenjhumilitatem
1933 1047 2012 1092 te-

450 1124 645 1190 nuisti,
677 1137 936 1196 quantam
975 1145 1134 1184 nemo
1165 1144 1354 1184 eorum
1389 1130 1480 1200 qui
1516 1113 1729 1184 ηυΙΙὶυε
1745 1129 1870 1185 boni
1907 1130 2011 1184 sibi

451 1217 658 1272 conscii
701 1228 867 1274 sunt:
920 1220 1002 1274 sic
1041 1221 1212 1276 Deum
1261 1222 1536 1284 dilexisti.
1573 1232 1633 1276 ut
1679 1222 1732 1275 in
1779 1223 1846 1278 iis
1892 1237 2014 1292 qua

449 1308 648 1377 placita
703 1311 805 1380 ipsi
859 1327 983 1368 esse
1038 1313 1248 1378 scires,
1309 1314 1547 1368 animam
1596 1330 1812 1385 quoque
1864 1326 2011 1370 tuam

447 1399 791 1466 elfunderes;
829 1411 935 1457 tam
976 1404 1213 1472 prudens
1246 1403 1432 1474 fuisti,
1477 1414 1536 1458 ut
1579 1420 1686 1458 non
1720 1405 1897 1459 solum
1928 1405 2012 1460 di-

453 1487 640 1544 missis
674 1490 798 1544 aliis
829 1491 943 1546 sola
977 1492 1130 1547 utilia
1163 1502 1454 1556 sectarere.
1490 1495 1581 1549 sed
1618 1495 1780 1548 etiam
1815 1510 2017 1564 cogno-

451 1591 631 1635 sceres
660 1583 933 1649 quomodo
963 1598 1023 1637 ea
1048 1584 1266 1654 aggredi
1293 1594 1347 1639 et
1366 1585 1623 1664 prosequi
1647 1597 1942 1655 oporteret.

2104 483 2236 551 κρδν
2269 483 2483 553 ὐφῆκας
2525 483 2618 535 τοῦ
2655 483 2784 550 περὶ
2826 482 2927 550 τὴν
2976 479 3210 550 σπουδὴν
3234 479 3384 531 τόνου
3405 494 3422 510 ·
3443 479 3545 532 οὐδ’
3574 480 3633 532 αὖ

2103 576 2195 628 τὸν
2231 575 2331 644 μὲν
2353 575 2531 643 γάμον
2567 573 2710 628 οὕτω
2730 574 2956 638 διέθετο,
2989 574 3065 636 ὡς
3097 573 3269 625 πάντα
3294 571 3534 637 καθάπαξ
3553 576 3638 624 καὶ

2106 667 2302 728 παῖδας
2333 667 2424 718 καὶ
2457 666 2709 734 κτήματα
2750 666 2846 718 καὶ
2880 666 3139 734 χρήματα
3177 662 3266 715 καὶ
3301 660 3490 731 ἑαυτὴν
3520 663 3638 713 ἀνα-

2107 757 2268 823 θῆναι
2295 755 2438 826 Θεῷ,
2470 757 2526 808 έν
2553 755 2610 809 δὲ
2637 757 2746 816 τοῖς
2777 754 2988 820 ἀγῶσιν
3014 753 3073 805 οὐ
3112 751 3421 804 συνέϐαινεν
3456 751 3606 820 ἑαυτῇ
3626 767 3640 782 ⁸

2109 848 2222 900 ἀλλ’
2259 848 2345 901 ἵνα
2373 847 2513 900 κατά
2546 846 2708 916 μέρος
2738 838 2814 898 ὧν
2847 843 3123 913 ἐμνήσθην
3159 842 3355 913 ἀρτίως
3389 843 3444 894 ὲν
3474 841 3646 911 βραχεῖ

2108 940 2381 1004 διεξέλθω,
2409 940 2493 1002 τίς
2525 939 2624 1008 μὲν
2646 938 2788 992 οῦτω
2810 937 2879 990 τὰ
2909 935 3160 1005 βέλτιστα
3178 935 3308 988 πᾶσι
3326 933 3418 986 καὶ
3436 932 3646 985 δοκοῦσα

2111 1033 2204 1086 καὶ
2232 1030 2364 1084 οὖσα
2395 1032 2585 1086 ἔπειτα
2611 1029 2864 1084 τοσοῦτον
2885 1029 2979 1082 τοῦ
3013 1028 3450 1099 ταπεινοφρονεῐν
3481 1026 3649 1096 ἐποιή-

2115 1142 2248 1179 σατο
2277 1124 2456 1192 λόγον,
2485 1123 2561 1187 ὡς
2583 1123 2758 1186 οὐδεὶς
2787 1123 2896 1176 τῶν
2920 1116 3074 1175 οὐδὲν
3098 1121 3206 1173 τῶν
3231 1119 3509 1188 βελτίστων
3534 1120 3649 1171 ἑαυ-

2113 1220 2222 1280 τοῖς
2257 1216 2604 1282 συνειδότωνς
2635 1214 2728 1276 Τίς
2753 1216 2797 1268 δ’
2827 1213 2969 1268 οὕτω
2991 1213 3121 1266 Θεδν
3153 1211 3446 1281 ἡγαπήκει,
3473 1209 3540 1271 ὡς
3568 1208 3651 1262 καὶ

2113 1308 2211 1371 τὴν
2230 1306 2406 1376 ψυχὴν
2433 1307 2601 1376 αὐτὴν
2626 1306 2807 1374 ἐκχεῖν
2829 1305 2967 1376 ὑπὲρ
2990 1306 3098 1356 τῶν
3125 1302 3318 1372 ἐκείνῳ
3337 1299 3616 1355 δοκούντων
3635 1316 3649 1365 ;

2116 1401 2211 1462 Ti;
2241 1398 2287 1450 δ’
2310 1399 2452 1451 οὕτω
2487 1398 2699 1467 φρενῶν
2723 1392 2780 1450 εὖ
2819 1393 2988 1468 ἦκεν,
3027 1395 3100 1457 ὡς
3135 1395 3209 1465 μὴ
3243 1393 3402 1463 μόνον
3429 1391 3463 1446 ἃ
3502 1407 3650 1461 προσ-

2117 1491 2249 1560 ἦκ·ν
2273 1490 2487 1545 ἑλέσθαι
2516 1493 2625 1554 τοῖς
2653 1491 2833 1553 ἄλλοις
2860 1490 3071 1560 χαίρειν
3104 1486 3390 1548 εἰποῦσαν,
3421 1485 3547 1537 ἀλλά
3569 1484 3652 1536 καὶ

2119 1585 2271 1655 παρὰ
2295 1585 2502 1647 πάντας
2531 1583 2727 1638 εἰδέναι
2756 1584 2903 1645 ὅπως
2929 1583 3010 1635 δεῖ
3035 1579 3192 1634 ταυτὶ
3222 1578 3459 1647 μετιέναι
3484 1592 3498 1640 ;

529 1669 620 1726 16.
658 1669 757 1726 Cui
790 1687 921 1726 vero
946 1688 1010 1728 ex
1043 1675 1166 1729 aliis
1200 1675 1454 1730 omnibus
1500 1678 1728 1747 contigit
1752 1687 1859 1732 tam
1885 1694 2014 1733 exa-

2191 1683 2290 1743 tg’.
2331 1674 2405 1729 Τὸ
2436 1674 2480 1727 δ’
2518 1678 2595 1738 εἰς
2630 1673 2806 1726 πάντα
2855 1672 2953 1742 μὲν
2997 1667 3313 1737 δικαιοσύνῃ
3360 1663 3658 1767 κεχρῆσθαι,

457 1772 601 1815 ctam
633 1762 686 1817 in
712 1771 820 1819 tota
849 1765 960 1821 vita
986 1768 1506 1836 servarejustitiam.
1532 1777 1593 1823 ut
1614 1785 1825 1840 semper
1849 1771 2021 1826 inhae-

455 1862 603 1908 reret
624 1855 966 1920 melioribus,
991 1859 1268 1927 animique
1286 1859 1550 1928 judicium
1570 1875 1785 1930 semper
1812 1872 2016 1918 rectum

455 1953 701 2008 teneret,
742 1954 797 2001 et
828 1948 959 2003 illud
1009 1949 1144 2004 adeo
1186 1951 1466 2006 immotum
1497 1968 1933 2024 generosumque
1963 1958 2016 2011 in

455 2053 585 2093 casu
608 2053 940 2110 quocunque
967 2042 1291 2106 custodiret,
1339 2053 1398 2098 ut
1427 2045 1738 2100 ostenderet
1761 2058 2017 2111 mentem,

458 2143 567 2183 non
601 2137 807 2184 tantum
844 2132 1110 2187 molestiis
1148 2132 1546 2198 incidentibus,
1595 2135 1689 2190 sed
1725 2139 1886 2192 etiam
1920 2154 2020 2193 na-

457 2229 593 2276 turae
623 2221 836 2292 legibus
864 2224 1202 2293 superiorem
1221 2265 1237 2290 ,
1274 2241 1418 2280 nunc
1446 2226 1664 2295 quidem
1699 2228 2019 2285 diuturnum

457 2325 522 2364 ac
553 2327 690 2382 pene
725 2314 1076 2370 immodicum
1103 2330 1231 2385 erga
1265 2315 1428 2371 tiliam
1464 2319 1699 2374 tenendo
1723 2320 2021 2387 silentium,

459 2416 608 2456 nunc
651 2417 780 2458 vero
835 2405 1067 2461 nimium
1123 2407 1345 2478 frigoris
1404 2409 1643 2480 algorem
1700 2411 2026 2468 tolerando?

459 2489 721 2557 Quanam
768 2493 850 2548 sic
878 2509 1075 2551 sensus
1103 2513 1234 2554 suos
1269 2500 1647 2565 coordinavit,
1685 2510 1745 2556 ut
1771 2517 1868 2557 eos
1908 2502 2024 2571 spi-

351 2658 360 2662 _
458 2581 589 2635 ritui
623 2579 828 2638 facerct
863 2585 1206 2652 subservire;
1240 2588 1493 2657 spiritum
1539 2602 1718 2645 autem
1760 2591 1910 2644 humi
1943 2607 2028 2645 re-

461 2687 589 2742 pere
629 2673 977 2744 dedignatum
1025 2692 1188 2748 supra
1233 2688 1430 2735 terram
1465 2679 1730 2745 efferens,
1775 2682 1877 2738 soli
1913 2681 2024 2739 Deo

464 2763 544 2818 sic
585 2773 645 2820 ut
680 2766 770 2821 illa
817 2767 946 2822 fecit
990 2769 1268 2826 adhaerere
1305 2771 1537 2841 ejusque
1572 2773 2027 2830 illustrationibus

463 2855 668 2924 perfrui
695 2857 717 2911 ?
745 2858 1002 2923 Quaenam
1029 2862 1232 2930 Optima
1259 2879 1492 2934 quaeque
1525 2865 1666 2920 intra
1699 2867 1936 2935 seipsam
1970 2868 2024 2922 in

467 2946 637 3014 gradu
674 2955 784 3001 tam
827 2951 1068 3018 perfecto
1093 2954 1380 3022 complexa
1421 2956 1544 3009 est?
1579 2955 1707 3010 Sola
1753 2958 1933 3020 enim.
1969 2969 2028 3015 ut

467 3126 684 3183 virtutis
729 3143 893 3183 causa
949 3131 1255 3189 dominatos
1301 3139 1495 3205 partim
1557 3139 1788 3208 imitari,
1831 3139 2026 3211 partim

468 3231 729 3286 superare
756 3223 1036 3278 certando.

547 3499 633 3556 17.
675 3499 889 3556 Annam
911 3502 1129 3572 quidem
1161 3503 1309 3560 illam
1339 3521 1589 3578 magnam
1617 3512 1868 3567 audimus
1891 3515 2033 3568 mul-

473 3593 544 3646 tis
577 3591 885 3648 decoratam
937 3595 1106 3650 fuisse
1155 3600 1510 3668 ornamentis,
1562 3604 1861 3658 maximum
1907 3621 2036 3660 vero

472 3685 590 3754 ejus
631 3700 696 3742 ac
747 3687 894 3742 velut
937 3689 1204 3756 col0plion
1237 3699 1560 3747 czeterorum
1618 3693 1747 3758 fuit,
1774 3695 2038 3752 obtulisse

474 3776 804 3845 Samuelem,
819 3780 1131 3850 temploque
1147 3781 1548 3838 deserviturum
1569 3784 1868 3842 dedicasse.
1890 3787 2038 3845 Hanc

471 3883 607 3924 .vero
654 3869 936 3926 Theodora
975 3873 1162 3929 multis
1203 3889 1507 3944 praegressa
1557 3884 1646 3930 est
1687 3878 2035 3948 parasangis:

478 3967 606 4035 quia
646 3982 754 4022 non
786 3975 998 4024 tantum
1024 3969 1232 4038 prolem
1256 3985 1436 4031 suam.
1471 3971 1562 4024 sed
1591 3971 1872 4038 pecunias.
1911 3986 2040 4038 pos-

459 4059 774 4126 sessiones,
821 4075 885 4115 ac
929 4075 987 4115 se
1035 4059 1272 4128 denique
1301 4061 1489 4132 'ipsam
1525 4061 1636 4115 Deo
1682 4064 2040 4118 consecravit.

479 4149 602 4217 Quo
631 4161 810 4206 autem
838 4151 960 4206 loco
983 4166 1195 4222 magna;
1219 4151 1383 4219 hujus
1411 4161 1616 4206 sancta!
1644 4165 1846 4220 agones
1871 4153 2041 4206 collo-

478 4243 632 4299 cabis
651 4253 705 4299 et
726 4244 1022 4298 certamina
1049 4244 1262 4312 egregia
1287 4244 1657 4311 maximaque,
1675 4258 1796 4311 quae
1819 4244 2042 4299 minime

482 4349 654 4404 pauca
687 4331 1016 4393 exantlabat,
1045 4340 1100 4384 et
1132 4331 1184 4383 in
1225 4331 1294 4384 iis
1321 4332 1484 4386 etiam
1530 4331 1904 4385 Abrahamum
1954 4347 2044 4385 su-

483 4425 748 4494 perabat?
777 4423 987 4492 Quippe
1011 4437 1132 4489 quaa
1159 4437 1266 4476 non
1294 4431 1478 4477 coacta
1511 4421 1602 4477 Dei
1631 4421 1880 4493 imperio,
1903 4422 2047 4478 sicut

486 4515 791 4576 ille,'liliam
824 4526 979 4567 suam
1009 4511 1238 4576 obtulit,
1262 4511 1355 4565 sed
1386 4520 1579 4581 sponte
1609 4526 1705 4566 sua
1733 4526 1798 4564 ac
1827 4515 2047 4582 proprio

2117 1777 2212 1827 καὶ
2239 1772 2452 1841 διαιτᾷν
2479 1769 2590 1832 τοῖς
2622 1765 2747 1820 καθ’
2774 1763 2943 1831 αὐτὴν
2971 1763 3261 1828 πράγμασι
3291 1756 3359 1809 τά
3379 1755 3573 1812 εἰκότα,
3597 1753 3662 1814 ὡς

2118 1868 2202 1921 ἀεὶ
2227 1861 2642 1932 τοῖς’κρείττοσι
2671 1855 2939 1916 τίθεσθαι,
2965 1855 3086 1906 τότε
3114 1851 3208 1904 καὶ
3232 1848 3408 1919 ψυχῆς
3434 1849 3488 1899 ὲν
3510 1845 3662 1898 ἅπασι

2119 1958 2372 2026 φρόνημα
2399 1953 2610 2016 σώζειν,
2642 1949 2736 2001 καὶ
2756 1947 2928 2008 οὕτως
2956 1942 3167 2004 ἀκλινὲς
3195 1941 3293 1993 καὶ
3317 1942 3528 2004 γυναῖον
3552 1932 3665 2001 περὶ
3719 1974 3722 1976 ν

2121 2049 2296 2103 πάντα
2333 2045 2643 2102 δεικνύναι,
2692 2038 2767 2100 ὡς
2805 2037 2880 2108 μὴ
2921 2036 3082 2106 μόνον
3127 2033 3237 2086 τῶν
3271 2028 3666 2101 συμπιπτόντων

2121 2136 2362 2207 ἀνιαρῶν
2404 2133 2684 2202 ἀνωτέραν
2723 2127 2863 2182 εἶναι
2905 2128 3014 2190 τοῖς
3065 2124 3230 2185 ὅλοις,
3269 2121 3401 2175 ἀλλά
3448 2119 3538 2172 καὶ
3569 2116 3666 2169 τῶν

2121 2228 2364 2298 φυσικῶν
2387 2225 2602 2292 Θεσμῶν
2628 2219 2972 2274 παντάπασιν
3005 2216 3318 2284 ὑπερσχεῖν,
3346 2211 3438 2265 καὶ
3461 2209 3549 2263 νῦν
3581 2208 3667 2277 μὲν

2121 2322 2308 2388 ἀτόπῳ
2359 2319 2454 2372 καὶ
2515 2313 2788 2382 ὑπερφυεῖ
2842 2311 3024 2378 σιωπῇ
3085 2305 3223 2374 πρὸς
3277 2303 3374 2372 τὴν
3422 2299 3670 2367 θυγατέρα

2123 2410 2446 2480 κεχρῆσθαι,
2476 2390 2573 2460 νῦν
2602 2406 2659 2459 δὲ
2685 2402 2950 2471 τοσαύτην
2976 2394 3453 2467 ὑπομεμενηκέναι
3487 2390 3668 2480 ψύχους

2125 2479 2432 2573 ὑπερϐολὴν
2453 2539 2469 2564 ,
2503 2497 2607 2551 τίνι
2638 2496 2746 2550 τῶν
2780 2493 2954 2547 ἄλλων
2981 2489 3154 2544 ταῦτα
3185 2485 3399 2573 προσῇν
3424 2500 3439 2549 ;
3471 2479 3671 2573 T_i;‘p.'£v

2125 2588 2217 2647 οῦν
2235 2565 2506 2651 οὕτω-τάς
2527 2584 2808 2655 αἰσθήσεις
2833 2579 3158 2652 ρυθμήσασα
3184 2573 3266 2643 τῷ
3287 2571 3361 2641 νῷ
3387 2565 3673 2637 συμϐαίνειν

2126 2678 2557 2752 παρεσκευάκει,
2592 2675 2686 2730 καὶ
2713 2673 2902 2744 πόρρω
2941 2669 3163 2722 πίπτειν
3190 2664 3406 2720 τούτοις
3438 2657 3670 2752 βουλομέ-

2127 2749 2220 2827 νου
2239 2790 2256 2840 ς
2279 2773 2371 2834 Τίς
2392 2771 2434 2824 δ’
2451 2769 2622 2829 οὕτως
2639 2765 2800 2818 αὐτὸν
2820 2759 3008 2815 τοῦτον
3027 2757 3301 2826 ἀνώτερον
3325 2754 3453 2822 ῦλης
3469 2749 3674 2809 τιθεῖσα,

2127 2865 2247 2930 Θεῷ
2275 2862 2420 2932 μόνῳ
2441 2858 2729 2930 προσέχειν
2761 2853 3027 2925 παρέσχε,
3053 2850 3146 2904 καὶ
3176 2847 3369 2901 τούτου
3395 2844 3470 2915 (η)
3492 2842 3676 2932 κάκρας

2130 2929 2546 3017 ἀντιποιεῖσθαι,
2566 2953 2660 3004 καὶ
2683 2949 2803 3008 ταῖς
2825 2943 3035 2998 ἐκεῖθεν
3055 2942 3274 2996 ἀκτῖσιν
3296 2933 3554 3004 ὲντρυφᾷν
3578 2929 3672 3000 (ο)ς

361 3095 366 3100 ,
467 3036 546 3088 sic.
573 3035 786 3106 loquar,
819 3041 1121 3108 praevaluit,
1152 3054 1377 3100 cunctas
1411 3054 1744 3114 cunctosque
1765 3065 1794 3102 a
1829 3050 2025 3104 saeculo

2134 3047 2231 3111 Τίς
2269 3047 2447 3100 πάντα
2487 3043 2555 3096 τά
2598 3039 2859 3096 κάλλιστα
2905 3034 3039 3106 ὁμοῦ
3084 3031 3181 3087 καὶ
3230 3028 3353 3101 μεθ’
3399 3023 3678 3114 ὐπερὸολῇς

2135 3109 2301 3206 ἑαυτῇ
2335 3131 2674 3187 συλλαὸοῦσα
2706 3128 2866 3198 ἔσχες
2904 3125 3040 3194 μόνη
3071 3121 3179 3190 γὰρ
3217 3119 3296 3181 ὡς
3327 3117 3495 3170 εἰπεῖν
3518 3109 3677 3206 διαγέ-

2135 3244 2290 3296 γονεν
2316 3227 2524 3286 πάντας
2554 3223 2647 3276 καὶ
2675 3220 2853 3280 πάσας
2888 3216 3012 3277 τοὺς
3043 3215 3108 3267 ὲκ
3153 3209 3253 3263 τοῦ
3285 3207 3480 3269 παντὸς
3509 3201 3678 3296 αἰῶνος

2136 3292 2221 3372 in’
2251 3319 2419 3389 ἀρετῇ
2454 3311 2888 3382 θαυμασθέντας,
2920 3307 3046 3368 τοὺς
3070 3303 3166 3373 μὲν
3194 3296 3553 3372 μιμήσασθαι,
3571 3292 3677 3353 τοὺς

2134 3411 2181 3465 δ’
2215 3410 2316 3464 ὑπε
2327 3406 2619 3477 ρεαλέσθαι
2643 3399 3042 3473 φιλονεικοῦσα.

2212 3500 2300 3563 ιζ’.
2329 3475 2498 3568 Δῆλον
2524 3497 2602 3550 δέ.
2638 3497 2837 3548 Ἀνναν
2863 3485 3074 3562 μδνζοῦν
3100 3486 3321 3555 εκείνην
3352 3482 3438 3552 τὴν

2136 3563 2407 3660 ἀκούομεν
2434 3587 2647 3649 πολλοῖς
2673 3587 2785 3647 τοῖς
2806 3583 3113 3640 καλλίστοις
3140 3595 3196 3630 σε
3206 3573 3565 3644 μνυνομένην,
3589 3563 3680 3618 ὅδὲ

2143 3685 2396 3752 μέγιστον
2429 3678 2645 3730 πάντων
2683 3675 2776 3728 καὶ
2811 3672 2976 3725 οἱονεὶ
3005 3667 3254 3734 κολοφὼν
3290 3667 3350 3720 τὸ
3384 3673 3677 3756 προσενηνοί

2140 3774 2291 3846 χέναι
2338 3771 2430 3825 τδν
2473 3768 2749 3838 Σαμουὴλ,
2794 3764 2888 3818 καὶ
2921 3763 2998 3832 τῷ
3045 3761 3150 3830 νεῷ
3194 3755 3589 3846 προσαναθῆναι
3617 3755 3681 3812 τῷ

2142 3843 2272 3933 θείῳ
2291 3878 2308 3895 θ
2337 3863 2370 3932 ἡ
2402 3861 2459 3913 δὲ
2493 3857 2744 3912 τοσοῦτον
2775 3854 2978 3923 ταύτην
3006 3851 3146 3904 κατά
3179 3847 3386 3915 πολλὴν
3416 3843 3510 3910 τὴν
3543 3852 3679 3903 περι-

2140 3954 2329 4009 ουσίαν
2373 3952 2520 4023 νικᾷ,
2558 3949 2680 4003 ὅσον
2702 3947 2762 4001 οὑ
2785 3946 2942 4016 μόνον
2964 3943 3148 4005 παῖδα,
3173 3939 3314 3995 ἀλλὰ
3336 3940 3421 3990 καὶ
3439 3935 3665 4001 κτήματα

2143 4048 2238 4100 καὶ
2265 4045 2543 4116 χρήματα,
2574 4039 2745 4092 ἔπειτ’
2792 4038 2884 4090 ιέπλ⁸
2923 4037 3057 4089 πᾶσι
3105 4033 3324 4096 τούτοις
3354 4032 3413 4082 τὸ
3459 4028 3684 4122 μέγιστον

2143 4139 2236 4194 καὶ
2288 4135 2484 4204 ἑαυτὴν
2531 4131 2795 4203 προσάγει
2826 4128 2964 4197 Θεῷ.
3015 4124 3123 4179 Ποῦ
3153 4124 3209 4176 δὲ
3240 4123 3429 4191 θήσεις
3455 4119 3568 4177 τοὺς
3602 4119 3685 4180 τῆς

2148 4226 2386 4298 μεγάλης
2414 4222 2627 4292 ἀγῶνας
2662 4233 2756 4273 και
2783 4218 2852 4270 τά
2885 4216 3094 4286 μεγάλα
3125 4216 3218 4266 καὶ
3259 4209 3508 4280 ὑπερφυῆ
3537 4205 3688 4298 «gap:

2151 4289 2317 4386 ματα,
2345 4289 2419 4367 ῶν
2444 4289 2586 4383 (οὐκ)
2628 4309 2824 4377 ὀλίγων
2855 4307 3039 4374 εκείνη
3075 4303 3272 4372 μετῆν,
3305 4305 3414 4363 τοῖς
3446 4296 3612 4356 αὐτοῖς
3639 4289 3685 4386 δέ

2147 4379 2353 4468 τούτοις
2395 4379 2489 4456 tecti.
2535 4403 2624 4455 τὸν
2667 4400 2919 4469 Ἀϐραὰμ
2955 4398 3162 4450 ἐκεῖνον
3195 4389 3600 4461 ὑπερεϐάλλετο,
3645 4379 3685 4430 εἰ

2151 4501 2228 4570 μὴ
2254 4503 2394 4568 μέγα
2419 4495 2611 4559 εἰπεῖν,
2640 4495 2734 4546 καὶ
2761 4492 2864 4562 πρό
2889 4509 2952 4560 γε
2975 4489 3180 4542 τούτων
3202 4489 3297 4540 καὶ
3323 4482 3459 4553 μετά
3482 4477 3683 4570 τούτων.

485 4612 682 4668 motu;
715 4617 893 4672 neque
941 4602 1179 4657 divinam
1228 4602 1398 4671 legem
1453 4601 1696 4671 suscepit
1751 4603 1805 4656 in
1851 4603 2025 4658 tabuli:

2146 4563 2228 4652 δῖξ
2255 4563 2318 4642 δῦ
2336 4563 2476 4659 πρὸς
2507 4586 2758 4654 ἀνάγκην
2788 4581 3177 4654 προσενηνύχει
3207 4579 3300 4630 τὸν
3331 4574 3510 4633 παῖδα,
3536 4563 3684 4672 xped-

484 4696 712 4767 lapideis
758 4711 880 4750 mox
919 4695 1240 4758 confractis,
1292 4695 1386 4749 sed
1436 4695 1492 4749 in
1528 4695 1708 4749 anima
1745 4695 2046 4763 purificata,

487 4788 746 4844 omnibus
761 4787 939 4841 omnis
960 4786 1086 4841 boni
1113 4786 1392 4856 exemplar
1409 4788 1713 4856 proposuit,
1734 4802 1839 4840 non
1872 4787 2048 4840 solum

2147 4699 2253 4752 περ
2284 4682 2511 4746 ἐκεῖνος,
2540 4677 2635 4730 τοῦ
2663 4674 2799 4729 Θεοῦ
2824 4673 3134 4733 κελεύοντος
3159 4687 3175 4702 ο
3210 4668 3328 4722 ἀλλ’
3360 4664 3464 4719 ἀπὸ
3491 4659 3685 4752 γνώμης

2149 4745 2450 4830 ἐθελούσιον
2599 4769 2732 4838 πρὸς
2759 4765 2924 4836 αὐτῆς
2957 4765 3094 4832 αὐτῇ
3125 4760 3431 4829 κινηθεῖσα.
3460 4751 3564 4806 Καὶ
3593 4745 3685 4838 Mf

491 4880 584 4934 Dei
617 4879 845 4952 gloriam
890 4877 1262 4944 annuntians,
1300 4878 1393 4932 sed
1433 4879 1720 4933 universos
1751 4877 1818 4932 ad
1852 4877 2025 4932 caaluu

2149 4867 2211 4919 οὐ
2251 4864 2413 4930 πλαξὶ
2452 4862 2679 4923 λιθίναις
2716 4857 2914 4912 αὐτίκα
2949 4853 3398 4925 συντριόομὲναις
3421 4887 3436 4909 .
3470 4839 3592 4896 ἀλλὰ
3614 4839 3682 4945 ’τῇ

490 4940 782 5026 traducens
805 4989 819 5024 :
852 4971 908 5024 in
933 4983 1043 5038 quo
1075 4940 1312 5039 Moysem
1339 4985 1556 5039 quoque
1588 4969 1678 5024 illa
1703 4968 1852 5034 vicit,
1880 4967 2018 5035 siqui

2149 4961 2294 5030 ψυχῇ
2326 4958 2661 5028 καθαρθείσῃ
2683 4955 2771 5007 τὸν
2789 4953 2952 5021 νόμον
2979 4948 3114 5003 Θεοῦ
3144 4946 3435 5046 δεξαμένη,
3452 4940 3539 5046 καὶ
3569 4940 3683 5036 uti.“

492 5061 613 5115 dem
647 5075 754 5115 non
801 5034 986 5114 divisit
1028 5034 1202 5119 mare.
1231 5069 1327 5113 aut
1357 5034 1628 5115 elementa
1674 5034 2021 5127 mutavit‘(bo

2151 5051 2501 5123 παράδειγμα
2545 5046 2711 5107 καλοῦ
2749 5043 2947 5106 παντὸς
2987 5042 3082 5094 καὶ
3105 5040 3274 5092 τύπον
3303 5034 3556 5102 προθεῖσα
3575 5065 3588 5088 ς
3619 5034 3683 5127 ξλς

490 5152 635 5206 enim
679 5151 746 5205 ad
779 5152 1112 5221 propositum
1146 5162 1393 5206 nostrum
1429 5166 1532 5206 non
1565 5151 1742 5218 facit),
1771 5149 1864 5204 sed
1907 5163 2025 5218 quoi

2156 5122 2242 5217 μὴγ
2259 5146 2426 5216 μόνην
2453 5144 2550 5212 τὴν
2573 5142 2730 5207 δόξαν
2752 5136 2915 5192 αὑτοῦ
2947 5133 3267 5204 διηγεῖσθαι,
3298 5127 3430 5184 ἀλλά
3455 5122 3543 5221 καὶ
3570 5122 3682 5168 παν-

494 5243 587 5297 illo
608 5243 779 5298 multo
810 5243 988 5313 majus
1007 5251 1108 5310 est,
1140 5241 1402 5297 adversus
1427 5241 1676 5296 horridas
1707 5255 1889 5294 eorum
1913 5250 2025 5294 teme

2153 5214 2408 5304 Tag???“
2436 5234 2664 5304 οὐρανὸν
2695 5229 3036 5301 μεθιστάναι,
3065 5227 3160 5279 καὶ
3182 5223 3382 5279 Μωσέα
3402 5214 3680 5313 νενίκηκεν.

496 5343 734 5406 pestates
762 5300 1070 5404 exindeque
1095 5300 1423 5390 exsistentes
1447 5347 1720 5388 aerumnas
1755 5330 2025 5401 plurimun

2155 5329 2217 5382 Ei
2241 5328 2285 5380 δ’
2317 5300 2376 5379 οῦ
2410 5300 2682 5380 θάλασσαν
2698 5300 2906 5393 γδιέσχε,
2938 5320 3032 5374 καὶ
3061 5318 3295 5388 στοιχεῖα
3322 5300 3678 5366 κεκαινοτόμτΓ

2231 5555 2306 5627 (ο)
2367 5555 2849 5627 ΑιΙάθδδῑιιΓ,-ὃσαι
2889 5543 3054 5627 ὧραι.
3091 5548 3186 5600 καὶ⁸
3250 5536 3529 5627 συνελτξντα
3587 5537 3680 5592 φα-

2171 5619 2257 5683 ναὶ
2287 5619 2306 5682 Ξ
2343 5626 2498 5696 cujus
2535 5625 2748 5695 phrasis
2781 5625 2883 5677 vim
2923 5619 3154 5676 necdum
3189 5621 3449 5678 asscqtloro

576 5560 654 5630 (η)
721 5560 961 5630 Eumque
1023 5559 1414 5628 perfectissime
1476 5558 1804 5630 desiderare.
1875 5555 2055 5630 Torsit

499 5626 600 5683 nos
630 5626 743 5700 bajc
767 5626 915 5700 vox,
947 5626 1159 5700 κάκρας
1226 5645 1487 5698 nusquam
1545 5628 1669 5700 alibi
1703 5626 1868 5700 _|eActa
1903 5645 1915 5680 :
1968 5626 2064 5681 de-

505 5712 651 5751 mum
686 5697 922 5763 jtldicavi
946 5695 1220 5755 contracte
1255 5695 1376 5769 poni
1405 5699 1553 5767 quasi
1589 5696 1727 5750 κατά
1767 5695 1960 5764 ἄκρας.
