3982 6208
345 342 442 405 769

1470 318 1473 319 ⁷
1582 343 1760 406 Vl'l‘A
1800 344 1862 405 s.
1906 344 2367 409 THEODORIE.

3487 349 3595 413 770

344 472 458 519 κεν,
485 454 636 508 οὐδὲν
664 454 798 526 πρὸς
828 456 919 510 τὸν
946 457 1104 525 λόγον
1124 472 1136 487 ο
1165 456 1194 510 δ
1224 455 1333 536 γὰρ
1361 455 1553 511 τούτου
1589 456 1770 537 πολλῷ
1803 459 1923 527 μεῖ-

2034 459 2349 527 decertavit,
2372 470 2433 515 ut
2456 435 2787 517 admirabile
2807 459 2980 530 ipsius
2997 458 3279 516 silentium
3306 461 3597 535 ipsumque

343 546 433 608 ζον
451 547 637 623 ..πρὸς
669 546 859 618 ἄγριον
896 551 1101 602 τούτων
1144 548 1388 620 χειμῶνα
1415 548 1512 603 καὶ
1537 548 1637 618 τὴν
1662 548 1916 601 ἐντεῦθεν

2023 551 2282 605 comitata
2318 552 2563 622 prodigia
2593 561 2831 607 taceam.

343 638 591 707 ἀνάγκην
633 639 774 709 μετὰ
817 640 1012 693 πολλοῦ
1054 640 1146 694 τοῦ
1191 642 1474 713 περιόντος
1505 641 1918 712 ἀπεμαχέσατο.
1959 643 2069 696 Καὶ
2114 650 2302 700 σιωπῶ
2341 646 2439 718 τὴν
2479 648 2731 717 ὑπερφυῆ
2772 646 3018 720 σιωπὴν,
3070 648 3167 702 καὶ
3241 647 3361 720 μετ’
3430 651 3600 721 αὐτὴν

345 731 631 799 τεράστια.

418 833 509 897 ιη’,
554 825 675 880 ἰὼσ
703 828 802 899 τὴν
834 830 963 900 περὶ
987 830 1056 884 τὰ
1085 830 1233 884 δεινὰ
1266 830 1563 901 καρτερίαν
1598 831 1927 901 θαυμάσασα

347 917 601 970 τοσοῦτον
636 918 1056 987 ὑπερεϐάλλετο,
1088 923 1211 974 ὅσον
1236 922 1263 973 ὁ
1294 922 1392 991 μὲν
1418 921 1512 974 ἐπὶ
1549 923 1780 992 σμικρὸν
1800 924 1929 993 χρό-

346 1024 458 1073 νον,
495 1011 529 1079 ή
570 1008 628 1063 δέ
658 1009 744 1062 διὰ
780 1010 898 1079 βίου
939 1011 1139 1074 παντὸς
1178 1013 1383 1082 ταύτην
1429 1015 1799 1085 κατώρθωσε,
1835 1017 1930 1069 καὶ

343 1099 608 1169 προσέτι·
648 1101 742 1153 καὶ⁵
785 1093 861 1155 ὧν
892 1102 1097 1165 ἐκεῖνος
1128 1103 1225 1173 οὐχ
1270 1101 1412 1157 ἐκὼν
1446 1104 1760 1174 ἐγυμνώθη,
1799 1104 1927 1157 τού-

340 1206 453 1242 των
486 1190 698 1262 ἀπέστη
730 1193 840 1256 τοῖς
870 1193 1065 1263 πένησι
1097 1193 1371 1267 Θεοδώρα,
1402 1195 1629 1266 μηδενὸς
1658 1196 1809 1258 ὄντος
1835 1197 1928 1249 τοῦ

341 1278 687 1348 βιαζομένου.
726 1279 908 1367 Ἠλίου
938 1284 1038 1353 τὴν
1063 1284 1298 1353 ἐρημίαν
1325 1286 1418 1338 καὶ
1445 1286 1543 1354 τὴν
1573 1285 1819 1338 ἐντεῦθεν
1840 1302 1930 1353 φι-

286 1407 289 1409 .
339 1367 605 1450 λοσοφίαν
648 1370 856 1439 μεταξὺ
889 1372 1101 1425 πολλῶν
1131 1373 1508 1442 κατωρθώκει,
1540 1374 1615 1437 ὡς
1655 1380 1750 1428 καὶ
1782 1376 1924 1429 κατὰ

337 1460 433 1515 τὸν
463 1461 631 1514 Δαὸὶδ
673 1463 853 1531 λέγειν
891 1464 1070 1534 ἔχειν,
1122 1483 1141 1517 t
1191 1467 1519 1536 Καταμόνας
1556 1469 1675 1537 εἰμὶ
1726 1467 1857 1535 ἐγώ.
1898 1486 1918 1519 ι

352 1549 494 1603 Ἀλλ’
521 1552 582 1605 οὐ
624 1554 897 1627 κεκήρυξε
932 1556 1031 1626 μὲν
1075 1556 1269 1624 Ἀμνὸν
1311 1557 1405 1610 τοῦ
1438 1557 1573 1611 Θεοῦ
1599 1597 1613 1620 ,
1652 1560 1794 1611 κατὰ
1832 1558 1923 1612 τὸν

354 1639 608 1711 Ἰωάννην
627 1659 642 1674 ο
673 1643 774 1712 τὴν
797 1645 853 1696 δέ
874 1645 1087 1698 ἐκείνου
1116 1646 1442 1716 φιλοσοφίαν
1466 1650 1541 1717 (ρ)
1571 1648 1624 1699 εἰ
1646 1665 1730 1711 τις
1757 1665 1927 1718 μιμη-

341 1732 554 1802 σαμένη
588 1734 806 1799 ἐδέξατο
829 1735 1040 1802 τοῦτον,
1069 1737 1164 1792 καὶ
1192 1737 1328 1801 νεὼς
1356 1739 1570 1807 ἐγένετο
1595 1739 1759 1803 θεῖος,
1784 1740 1812 1792 δ
1832 1741 1925 1794 τοῦ

341 1823 580 1892 κηρύξαι
610 1826 758 1879 οὐδὲν
810 1827 1031 1880 ἔλαττον
1059 1827 1133 1891 ὣς
1163 1830 1215 1898 γ’
1243 1830 1353 1898 ἐγὼ
1415 1829 1638 1901 νομίζω.
1666 1831 1731 1884 Et
1757 1831 1812 1883 δέ
1849 1833 1926 1900 μὴ

341 1920 442 1970 καὶ
492 1920 629 1971 κατὰ
665 1920 793 1982 τοὺς
846 1920 1176 1984 ἀποστόλους
1228 1924 1407 1977 πᾶσαν
1453 1923 1551 1991 τὴν
1599 1924 1926 1994 οἰκουμένην

338 2009 505 2080 διῄει,
553 2012 621 2066 τὰ
668 2014 912 2084 σωτήρια
943 2014 1110 2067 πᾶσιν
1147 2014 1463 2068 ύποτιθείσα
1488 2031 1503 2047 ο
1551 2015 1666 2068 ἀλλ’
1706 2011 1787 2079 οἷς
1827 2016 1922 2069 καὶ

337 2103 525 2174 λόγοις
570 2110 670 2176 μὲν
705 2107 855 2163 ἐστιν
885 2110 996 2174 ὅτε,
1035 2109 1212 2180 πολλῷ
1239 2110 1295 2163 δέ
1329 2109 1491 2163 πλέον
1518 2113 1576 2165 ἐν
1605 2111 1787 2182 ἔργοις
1826 2112 1920 2166 καὶ

296 2234 305 2242 .
337 2196 413 2265 τῇ
458 2197 669 2250 ἐκεῖθεν
699 2200 879 2253 πειθοῖ
910 2195 978 2275 (ᾖ
1011 2200 1106 2270 τῆς
1143 2203 1208 2253 ἐκ
1238 2200 1349 2256 τῶν
1382 2202 1555 2270 λόγων
1588 2203 1768 2274 πολλῷ
1805 2206 1919 2268 τοῖς

338 2286 489 2350 ὅλοις
525 2289 763 2359 ἀμείνων
796 2292 932 2362 πρὸς
964 2293 1024 2345 τδ
1050 2294 1329 2364 συμφέρον
1362 2298 1572 2360 πάντας
1597 2297 1805 2367 tamet)
1840 2299 1920 2360 εις

342 2381 530 2434 πᾶσαν
560 2382 659 2454 τὴν
684 2384 788 2453 γῆν
819 2389 940 2439 κατ’
966 2387 1162 2451 αὐτοὺς
1191 2392 1284 2442 τὸν
1326 2387 1576 2459 φθόγγον,
1602 2391 1919 2459 ἐξήνεγκεν.

344 2468 506 2524 Οὕτω
538 2474 770 2543 μεγίστη
796 2477 987 2531 πασῶν
1019 2478 1160 2548 (q)...
1200 2481 1328 2542 τοὺς
1368 2480 1704 2551 προύχοντας
1733 2484 1825 2535 καὶ
1854 2482 1922 2536 τὰ

350 2563 561 2631 μεγάλα
591 2567 743 2635 παρὰ
773 2566 895 2639 Θεῷ
924 2569 1272 2639 δυναμένους,
1304 2572 1430 2636 τοὺς
1466 2574 1565 2643 μὲν
1600 2574 1810 2643 κὰκρας
1837 2590 1923 2645 μι-

353 2655 665 2726 μησαμένη,
704 2659 830 2723 τοὺς
870 2659 927 2712 δέ
971 2653 1051 2724 οἷς
1092 2662 1229 2732 ἔφην
1278 2665 1714 2735 παρενεγκοῦσα.
1759 2667 1832 2719 Συ
1878 2663 1929 2720 δ’

350 2746 541 2802 ἔπειτα
565 2751 659 2805 καὶ
689 2752 824 2822 πρὸς
854 2755 944 2806 τὸν
971 2756 1246 2826 Δεσπότην
1266 2759 1511 2829 ἐποιήσω
1538 2758 1639 2828 τὴν
1665 2759 1923 2826 ἅμιλλαν,

355 2842 798 2911 συσταυρωθεῖσα
823 2845 915 2897 καὶ
947 2840 1297 2915 συνταφεῖσα,
1322 2847 1408 2900 ἱνα
1440 2849 1533 2902 καὶ
1560 2851 1921 2921 συναναστῇς,

354 2933 448 2984 καὶ
476 2934 859 3005 συνδοξασθῇς,
898 2937 995 2989 καὶ
1030 2936 1491 3009 συμϐασιλεύσης.

428 3122 511 3176 ιθ’.
559 3123 621 3175 Ἡ
655 3123 752 3192 μὲν
788 3122 883 3177 οὖν
913 3123 1057 3178 οὕτω
1087 3125 1341 3198 μεγίστη,
1375 3126 1509 3180 Θεοῦ
1542 3126 1680 3198 πρὸς
1711 3124 1925 3198 ἀνθρώ-

354 3231 475 3277 ποις
526 3216 829 3286 φιλοτιμίᾳ,
868 3220 1122 3286 φανεῖσα,
1172 3219 1383 3271 καὶτὸν
1422 3218 1523 3288 τῆς
1554 3219 1755 3289 ἀρετῆς
1801 3221 1926 3287 ὂρον

2099 829 2188 884 l8.
2228 829 2353 885 Jobi
2387 828 2442 883 in
2474 828 2718 884 adversis
2750 829 2946 884 mirata
2978 828 3374 895 constantiam,
3407 828 3599 884 cadent

2025 923 2242 977 videtur
2269 936 2623 992 supergressa
2647 939 2660 974 :
2688 920 2815 989 quia
2842 936 2947 975 non
2966 922 3034 975 ad
3065 923 3357 986 modicum,
3381 922 3474 977 sed
3504 937 3601 991 per

2027 1029 2247 1069 omnem
2281 1014 2449 1067 vitam
2478 1014 2532 1066 in
2556 1027 2621 1067 ea
2648 1013 3048 1082 perseveravit;
3077 1024 3130 1067 et
3150 1012 3351 1083 quibus
3378 1013 3467 1068 ille
3489 1028 3598 1068 non

2028 1122 2125 1162 sua
2165 1116 2357 1174 sponte
2384 1113 2582 1159 exutus
2612 1112 2729 1167 est,
2764 1106 2878 1158 haec
2908 1103 3192 1158 Theodora
3224 1103 3434 1158 dimisit
3464 1118 3600 1172 pau-

2030 1198 2254 1269 peribus
2277 1235 2292 1260 ,
2332 1196 2549 1249 nemine
2578 1210 2696 1248 eam
2729 1194 2795 1249 ad
2824 1193 2876 1247 id
2906 1202 3157 1263 cogente.
3186 1194 3317 1249 Elia:
3344 1194 3598 1249 solitudi-

2029 1304 2153 1343 nem
2188 1291 2349 1357 eique
2384 1288 2661 1356 propriam
2703 1285 3140 1354 philosophiam,
3172 1285 3332 1338 etiam
3375 1284 3431 1338 in
3461 1299 3598 1339 con-

2025 1383 2198 1436 sortio
2238 1380 2514 1451 plurium,
2566 1377 2647 1433 sic
2690 1378 2881 1441 coluit,
2914 1384 2973 1430 ut
3006 1385 3187 1446 posset
3229 1390 3355 1430 cum
3398 1375 3601 1432 Davide

2024 1473 2245 1536 dicere,
2283 1469 2547 1524 Solitaria
2585 1484 2701 1521 sum
2737 1483 2831 1536 ego
2875 1468 2915 1521 ί.
2964 1467 3225 1533 Quamvis
3270 1474 3451 1522 autem
3488 1482 3597 1521 non

2023 1564 2422 1635 praedicaverit,
2454 1563 2597 1616 velut
2645 1561 2925 1624 Joannes;
2977 1559 3071 1615 Dei
3125 1560 3376 1630 Agnum;
3429 1559 3601 1627 ipsius

2029 1666 2210 1710 tamen
2256 1656 2705 1709 exercitationem
2754 1654 2801 1708 si
2845 1653 2971 1722 quis
3014 1653 3156 1707 alius
3204 1652 3437 1717 imitata,
3473 1666 3599 1706 eum

2027 1749 2285 1817 suscepit,
2311 1749 2543 1815 ejusque
2563 1745 2812 1800 divinum
2837 1743 2981 1799 facta
3003 1753 3086 1799 est
3114 1745 3407 1814 templum;
3428 1745 3597 1813 quod,

2027 1849 2087 1891 ut
2136 1852 2236 1907 ego
2289 1836 2508 1906 quidem
2553 1834 2851 1899 existimo,
2906 1834 3081 1888 nihilo
3130 1843 3217 1888 est
3265 1834 3598 1903 praedicandi

2030 1945 2257 1985 munere
2286 1929 2535 1984 inferius.
2558 1927 2672 1982 Non
2698 1928 2790 1981 illa
2820 1926 3039 1996 quidem
3070 1926 3257 1981 orbem
3283 1927 3597 1981 universum

2028 2022 2198 2076 obivit
2226 2037 2351 2076 cum
2388 2020 2683 2090 apostolis,
2717 2020 2934 2074 cunctis
2965 2019 3233 2074 salutaria
3263 2032 3594 2088 suggerens:
3695 2030 3709 2049 ‘

2027 2111 2123 2168 sed
2160 2112 2339 2167 verbis
2369 2112 2591 2182 quidem
2634 2111 2954 2181 aliquando,
2986 2111 3160 2166 multo
3201 2118 3383 2165 autem
3426 2110 3599 2179 magis

2026 2204 2310 2274 operibus,
2340 2214 2392 2257 et
2424 2202 2681 2274 suasione
2710 2217 2773 2257 ex
2806 2202 2891 2256 his
2917 2216 3079 2271 quam
3112 2201 3219 2256 illis
3239 2201 3397 2270 longe
3422 2200 3601 2256 enica-

2028 2297 2189 2361 ciori,
2217 2311 2408 2351 omnes
2429 2273 2701 2351 deducens
2722 2295 2779 2349 in
2801 2294 2944 2348 viam
2971 2294 3186 2356 salutis,
3216 2293 3271 2347 in
3291 2294 3600 2348 universam

2030 2396 2274 2451 terram,
2326 2388 2792 2457 quemadmodum
2843 2396 2900 2441 et
2944 2385 3047 2455 ipsi
3066 2425 3088 2462 ,_
3129 2385 3312 2441 emisit
3378 2400 3601 2451 sonum,

2031 2482 2216 2552 itaque
2246 2484 2491 2536 omnium
2524 2482 2784 2545 maxima,
2828 2480 3321 2535 excellentissimos
3354 2493 3604 2549 quosque

2030 2584 2084 2628 et
2120 2588 2315 2644 magna
2349 2573 2491 2642 apud
2525 2571 2695 2627 Deum
2730 2571 2903 2642 gratia
2942 2570 3207 2635 valentes,
3242 2571 3442 2639 partim
3478 2570 3605 2640 qui-

2032 2666 2153 2720 dem
2192 2665 2583 2735 perfectissime
2612 2664 2823 2718 imitata
2854 2671 2957 2726 est,
2988 2663 3185 2732 partim
3220 2663 3288 2718 iis
3326 2678 3461 2732 quas
3493 2662 3605 2717 dixi

2032 2759 2329 2813 virtutibus
2352 2768 2765 2828 praetergressa.
2797 2755 3068 2835 Quoniam
3104 2769 3233 2809 vero
3257 2755 3435 2824 ipsum
3468 2768 3606 2825 quo-

2031 2866 2137 2921 que
2169 2850 2457 2904 Dominum
2512 2849 2893 2911 aemulabatur,
2928 2847 3076 2901 cruci
3118 2847 3333 2901 conﬁxa
3367 2863 3493 2902 cum
3537 2863 3604 2903 eo

1996 2938 2088 2999 ‘let
2120 2941 2436 3012 consepulta
2464 2950 2567 3008 est,
2603 2951 2660 2994 ut
2688 2955 2809 2995 cum
2846 2955 2911 2994 eo
2943 2949 3257 3008 resurgeret
3283 2939 3336 2993 in
3374 2940 3606 3009 gloriam

2030 3043 2087 3089 et
2121 3032 2524 3102 conglorilicata
2553 3046 2677 3085 cum
2709 3032 2899 3086 eodem
2931 3040 3203 3100 regnaret.

2108 3124 2202 3179 19.
2241 3122 2373 3187 Qua:
2423 3121 2586 3191 igitur
2632 3121 2734 3174 hoc
2767 3120 2928 3174 modo
2973 3134 3200 3189 prorsus
3232 3118 3433 3175 eximia
3466 3119 3608 3175 inter

2035 3230 2265 3280 omnes,
2312 3228 2407 3282 per
2451 3212 2689 3265 divinam
2742 3225 2868 3279 erga
2917 3210 3167 3264 homines
3207 3209 3605 3279 dignationem,

356 3298 994 3377 σαφῶ;’ἐπιδειξαμένη,
1043 3310 1136 3362 καὶ
1175 3303 1286 3362 οἷον
1334 3306 1474 3364 εἶναι
1518 3311 1625 3380 χρὴ
1661 3314 1765 3365 κάν
1813 3314 1924 3373 τοῖς

2034 3308 2273 3369 eﬂ‘ulsit,
2319 3316 2373 3360 et
2416 3304 2635 3358 virtutis
2680 3302 2895 3357 culmen
2934 3310 3042 3355 tam
3080 3301 3371 3357 manifeste
3408 3303 3605 3368 tenuit,

354 3399 533 3469 ἔργοις
548 3400 640 3451 τὸν
669 3398 835 3470 (νοῦν)
864 3400 986 3454 κατ’
1016 3400 1200 3453 εξκόνα
1226 3402 1489 3469 γεγονότα
1514 3403 1665 3455 θείαν
1687 3403 1777 3473 (ι’)’·
1804 3403 1925 3456 ἐπεί

354 3506 418 3558 γε
466 3492 569 3544 οὐκ
614 3490 720 3544 ἀπὸ
746 3491 851 3561 γῆς
903 3491 999 3562 τὴν
1046 3492 1258 3559 γένεσιν
1292 3493 1471 3563 ἔσχεν,
1529 3494 1638 3547 οὐδ’
1678 3495 1926 3549 ἐντεῦθεν

354 3578 503 3637 εἷλκε
531 3584 598 3636 τὸ
633 3586 808 3653 γένος,
840 3584 956 3638 ἀλλ’
983 3587 1047 3638 ἐκ
1079 3585 1237 3657 (θεοῦ
1255 3601 1271 3618 ο
1312 3586 1408 3638 τοῦ
1429 3587 1510 3655 δ’)
1540 3586 1649 3656 ἄρα
1677 3587 1809 3639 Θεοῦ
1836 3587 1927 3639 καὶ

352 3675 461 3730 τῶν
512 3676 789 3745 Ὀλύμπου
837 3678 1179 3749 πραγμάτων
1218 3677 1500 3743 ἑποθεῖτο,
1532 3679 1628 3729 καὶ¹
1670 3677 1924 3748 καθαρῶς

353 3765 660 3830 ἀπαλλάξαι
706 3767 816 3820 τῶν
851 3770 1035 3833 κάτω,
1076 3764 1152 3820 ῶν
1185 3768 1280 3821 καὶ
1315 3766 1551 3836 πρόσθεν
1581 3764 1736 3818 οὐδὲν
1768 3762 1929 3836 ἦττον

356 3874 566 3929 μετηρε
588 3896 604 3921 ,
646 3856 907 3912 λαὸέσθαι
940 3859 996 3911 δὲ
1030 3859 1139 3912 τῶν
1172 3860 1286 3913 ἄνω
1319 3860 1412 3912 καὶ
1438 3856 1579 3928 αὐτῇ
1618 3858 1928 3927 προσηκόν-

350 3966 479 4005 των.
526 3952 635 4004 Καὶ
666 3952 844 4003 τοίνυν
878 3954 935 4005 ἐν
969 3952 1257 4022 βαθυτάτῳ
1298 3951 1393 4005 καὶ
1427 3949 1572 4022 μάλα
1603 3950 1752 4003 πίονι
1785 3950 1929 4020 γήρᾳ

354 4042 619 4097 καταλύει
646 4044 735 4097 τὸν
766 4043 903 4114 βίον,
932 4046 1025 4098 καὶ
1052 4044 1145 4097 νῦν
1175 4046 1324 4097 ἐστιν
1351 4046 1407 4096 ἐν
1435 4046 1545 4107 τοῖς
1574 4043 1823 4113 οὐρανοῖς
1853 4040 1929 4111 τῷ

354 4134 731 4206 καθαρωτάτῳ
764 4137 860 4189 καὶ
890 4135 1343 4205 ἀκραιφνεστάτῳ
1377 4135 1471 4188 καὶ
1496 4134 1766 4206 τρισηλίῳ
1800 4150 1931 4187 συν-

355 4227 490 4282 οῦσα
522 4232 700 4299 φωτὶ,
734 4231 829 4282 καὶ
856 4231 976 4291 ταῖς
1011 4227 1222 4281 ἐκεῖθεν
1260 4229 1475 4281 ἀκτῖσιν
1513 4226 1606 4297 ὅλη
1658 4227 1927 4297 γενομένη

357 4322 676 4393 φωτοειδὴς,
706 4320 1277 4394 ἐναργεῖςςάποδείξεις
1308 4318 1556 4389 ἐκφαίνει
1577 4320 1809 4389 ταυτησὶ
1831 4318 1931 4387 τῆς

358 4415 788 4485 μακαριότητος,
815 4416 876 4467 τὸ
908 4414 1071 4484 σῶμα
1097 4413 1159 4466 τὸ
1187 4412 1329 4465 θεῖον
1356 4412 1546 4483 μύρων
1571 4410 1932 4464 ἀναδεικνῦσα

358 4508 566 4576 πηγήνο

426 4597 497 4651 κ’.
547 4594 712 4657 Ἀλλ’,
742 4587 787 4649 ὧ
819 4592 905 4646 διὰ
938 4593 1155 4646 πάντων
1187 4591 1436 4663 βελτίστη
1482 4593 1690 4658 πασῶν,
1725 4590 1822 4645 καὶ
1857 4588 1932 4661 μὴ

361 4687 526 4755 μόνον
572 4686 753 4747 πάσας
796 4684 1242 4755 ὑπερὸαλλομένη
1284 4685 1395 4746 τοῖς
1440 4683 1618 4749 ὅλοις,
1671 4682 1807 4736 ἀλλὰ
1842 4681 1938 4735 καὶ

357 4779 727 4850 διαφερόντως
759 4778 1110 4848 κοσμήσασαι
1150 4794 1195 4831 ω
1214 4774 1321 4829 τῶν
1353 4775 1667 4845 ἀσκητικῶν
1695 4774 1937 4847 ἱδρώτων

358 4870 487 4939 ὅρος
532 4870 626 4922 καὶ
675 4868 839 4930 τύπος
882 4870 1047 4921 πᾶσιν
1086 4867 1447 4935 ἀναφανεῖσα,
1490 4864 1584 4919 καὶ
1629 4863 1719 4917 διὰ
1760 4864 1937 4918 ταῦτα

361 4960 662 5031 ἀξιόχρεως
698 4962 798 5031 τῆς
824 4962 1052 5035 Τριάδος
1081 4961 1257 5029 ἐστια,
1290 4960 1382 5014 καὶ
1417 4960 1526 5013 τῶν
1558 4958 1763 5027 ταύτης
1794 4960 1932 5028 πρὸς

474 5146 493 5176 ¹
536 5142 682 5200 Psal.
714 5159 868 5211 cvm,
897 5143 951 5199 8.

440 5359 529 5431 (Ρ)
562 5357 661 5431 llic
705 5370 922 5431 quoque
958 5368 1063 5427 non
1092 5353 1207 5407 sine
1242 5352 1460 5415 mendo,
1496 5350 1941 5420 interponebatur

365 5422 576 5498 aliquid
606 5427 680 5488 ὡς
711 5422 744 5478 δὲ
774 5422 829 5479 οἷ
852 5426 915 5498 δ’.

436 5492 512 5567 (ξι)
553 5497 791 5551 Omnino
824 5497 1073 5548 videntur
1118 5492 1204 5547 hic
1254 5493 1435 5567 aliqua
1487 5492 1824 5548 desiderari:
1872 5492 1944 5567 _si_t

367 5561 511 5631 enim
548 5570 613 5621 ad
648 5568 821 5635 ipsam
875 5576 1118 5619 sanctam
1162 5561 1723 5635 apostroplie,‘quam
1777 5561 1936 5616 omisi

369 5636 562 5693 Latine
613 5631 940 5703 exprimere,
1001 5635 1125 5702 quia
1182 5648 1286 5686 non
1343 5631 1477 5687 satis
1510 5631 1737 5703 delinire
1786 5642 1938 5703 pote-

372 5722 487 5762 tum
545 5700 696 5776 quid
734 5700 1077 5774 potissimum
1146 5704 1444 5771 supplendo
1517 5700 1700 5756 sensui
1774 5701 1939 5755 adde-

375 5791 507 5831 rem.

2029 3400 2381 3467 ostenditque
2411 3398 2566 3465 ipsis,
2597 3396 2739 3449 sicut
2763 3394 3074 3463 oportebat,
3099 3394 3383 3464 operibus,
3407 3395 3609 3451 habere

2029 3492 2279 3561 spiritum
2331 3490 2396 3543 ad
2434 3486 2673 3542 divinam
2714 3494 2958 3540 creatum
2990 3486 3278 3555 imaginem
3309 3487 3433 3554 (nec
3459 3478 3606 3541 enim

2028 3597 2096 3638 ex
2127 3590 2271 3649 terra
2305 3576 2675 3648 generationis
2701 3591 2815 3631 sua:
2847 3576 3175 3645 principium
3202 3577 3384 3641 habet,
3416 3579 3511 3633 sed
3539 3594 3607 3633 ex

2031 3671 2191 3739 Deo),
2218 3671 2461 3726 ctelestia
2480 3667 2753 3723 adamavit
2772 3682 2956 3737 opera,
2976 3681 3146 3736 seque
3173 3669 3384 3724 studuit
3414 3684 3606 3737 puram

2033 3777 2255 3820 servare
2281 3757 2358 3815 ab
2384 3761 2587 3815 inﬁmis
2620 3760 2793 3824 hisce,
2822 3760 3022 3829 quibus
3054 3772 3155 3812 nec
3194 3768 3351 3813 antea
3384 3758 3605 3826 quidem

2028 3870 2088 3910 se
2118 3855 2460 3925 permiserat,
2490 3862 2542 3907 et
2571 3852 2981 3921 apprehendere
3034 3865 3275 3919 superna
3331 3860 3496 3920 atque
3535 3850 3605 3905 ad

2029 3948 2260 4003 salutem
2306 3947 2570 4016 prollcua.
2623 3946 2811 4014 Itaque
2864 3958 2916 3997 in
2954 3943 3223 4012 profunda
3265 3954 3427 4014 atque
3453 3944 3607 4000 uberi

2032 4048 2313 4097 senectute
2340 4055 2370 4094 e
2400 4039 2539 4093 vivis
2580 4038 2738 4101 abiit,
2771 4047 2825 4093 et
2854 4052 3001 4092 nunc
3033 4037 3088 4091 in
3130 4036 3284 4093 cmlis
3323 4038 3607 4092 coexsistit

2031 4131 2332 4204 purissimo
2356 4145 2419 4202 ac
2444 4129 2845 4200 perfectissimo
2869 4131 3111 4185 trisolari
3132 4130 3361 4196 lumini;
3386 4144 3611 4185 manan-

2032 4224 2286 4295 tibusque
2316 4240 2381 4280 ex
2412 4238 2475 4279 eo
2514 4224 2684 4277 radiis
2713 4231 2823 4277 tota
2854 4221 3044 4276 ell‘ecta
3073 4220 3403 4288 luciformis,
3431 4221 3609 4280 claras

2031 4318 2535 4373 demonstrationes
2571 4306 2773 4387 prabet
2810 4315 2958 4387 illius
2991 4329 3104 4369 suae
3139 4313 3448 4379 beatitatis,
3482 4329 3609 4370 cor-

2032 4426 2136 4482 pus
2158 4426 2319 4466 suum
2354 4425 2573 4467 sacrum
2600 4409 2842 4466 eﬂiciens
2872 4386 3079 4464 fontem
3104 4418 3534 4479 unguentorum.

2108 4594 2199 4650 20.
2246 4594 2471 4657 Verum,
2504 4609 2537 4649 ο
2575 4593 2864 4648 mulierum
2897 4590 3381 4661 praestantissima,
3416 4601 3471 4650 et
3499 4607 3612 4650 non

2033 4688 2212 4745 solum
2247 4702 2438 4741 omnes
2465 4699 2817 4755 supergressa
2843 4684 3020 4754 quoad
3052 4685 3260 4752 omnia,
3290 4685 3383 4739 sed
3415 4699 3612 4743 omnes

2035 4781 2199 4835 etiam
2244 4778 2612 4834 diversimode
2642 4778 2950 4831 exornans!
2985 4775 3030 4831 Ο
3058 4777 3311 4832 laborum
3346 4777 3614 4834 ascetico-

2031 4887 2155 4927 rum
2192 4869 2495 4939 exemplar,
2530 4878 2585 4924 et
2615 4882 2807 4923 norma
2836 4868 3052 4922 cunctis
3080 4868 3378 4938 proposita,
3409 4883 3614 4939 perque

2040 4964 2191 5033 ipsos
2245 4961 2436 5018 eﬂ‘ecta
2488 4960 2713 5030 dignum
2767 4958 3052 5016 Trinitatis
3098 4959 3510 5024 habitaculum,
3559 4968 3615 5014 et

2120 5354 2191 5423 (r)
2234 5352 2442 5407 Mallem
2496 5364 2638 5423 nunc
2666 5349 2859 5403 Latine
2887 5350 2968 5403 sic
3018 5346 3147 5423 legi,
3179 5364 3198 5397 ι
3228 5352 3610 5423 summamque

2038 5412 2432 5491 perfectionem
2494 5420 2814 5493 praferens,
2871 5412 3151 5493 _osteud_it_,
3214 5412 3424 5493 qualem
3465 5422 3615 5491 .esse

2039 5485 2291 5562 oporteat
2336 5485 2629 5562 eum,—qui
2680 5491 2977 5543 secundum
3023 5485 3261 5562 divinant
3316 5485 3611 5562 imaginem

2038 5550 2215 5618 factus
2267 5568 2382 5623 est;
2433 5550 2693 5627 quoniam
2726 5574 2756 5612 a
2795 5569 2940 5612 terra
2971 5555 3234 5627 originem
3283 5564 3388 5604 non
3422 5550 3607 5627 liabet,

2040 5617 2213 5702 neque
2243 5617 2564 5702 inde'ge'nus
2590 5629 2752 5702 traxit
2779 5630 2873 5702 sed
2911 5642 2975 5681 ex
3010 5617 3143 5691 Déo;
3173 5622 3403 5693 ideoque
3434 5617 3606 5683 Deum,

2014 5714 2087 5756 “et
2126 5698 2216 5756 res
2246 5700 2497 5756 caelestes
2537 5698 2901 5754 desiderabat.
2939 5715 2959 5749 ι
