3956 6194
501 317 612 381 ἾἿῆ
1686 313 2138 376 GREGORIUS
2173 314 2420 375 I’ALAM
2430 316 2539 376 AS.
3209 356 3217 365 -
3599 315 3698 378 776

506 432 873 501 metropolitae
908 427 1296 484 Euchaitarum
1328 444 1342 481 :
1376 426 1527 483 Isaac
1565 426 1930 500 Madytarum,
1965 428 2282 484 Theodulus
2317 427 2469 483 anii
2511 426 2815 499 (Ῥωσῐου),
2846 426 3041 483 Esaias
3072 424 3326 497 Selybrize
3354 434 3407 481 et
3436 427 3699 496 Gregorius

509 516 940 588 Pompeiopolis.
985 516 1216 584 Incipit:
1268 515 1479 577 Ὄντως
1529 514 1707 578 οὐδεὶς
1763 514 1941 578 οὕτως
1970 516 2071 585 ἀρχ

2140 516 2333 567 ἐκτων.
2386 514 2518 569 Item
2568 525 2748 569 tonius
2779 524 2833 569 et
2885 514 3318 569 anathematismi
3346 513 3396 567 in
3434 513 3702 583 Palamam,

507 607 636 659 editi
691 619 875 659 mense
924 602 1071 657 Julio
1118 603 1363 672 ejusdem
1420 603 1572 665 anni,
1610 619 1752 673 quos
1797 604 2023 659 exhibet
2054 604 2244 659 Graece
2296 611 2349 657 et
2407 601 2600 656 Latine
2650 602 2922 665 Allatius,
2973 600 3143 673 Graec.
3196 600 3461 653 orthodox.
3498 612 3618 655 tom.
3667 600 3703 663 I,

514 708 568 761 p.
602 691 844 745 788-803
869 706 883 753 ;
919 696 971 742 et
1002 689 1078 741 De
1100 669 1377 755 consensu,
1404 705 1458 759 p.
1485 689 1610 743 805.
1628 669 1828 758 Incipit
1857 690 2076 745 ;Ἀκούε

2142 707 2210 752 τε,
2240 690 2402 759 φυλαὶ
2428 690 2527 758 τῆς
2554 691 2675 757 γῆς.
2704 687 2944 757 Denique
2967 669 3147 741 tonius
3175 697 3357 740 contra
3384 686 3704 754 Nicephorum

513 778 812 846 Gregoram
850 787 903 831 et
936 777 1074 831 alios
1104 776 1372 830 Barlaami
1407 788 1461 831 et
1489 778 1756 848 Acindyni
1789 786 2248 847 propugnatores,
2300 762 2486 832 editus
2526 792 2712 830 mense
2764 778 3011 845 Augusto
3043 790 3177 829 ann.
3212 774 3364 835 1551.
3396 776 3483 852 qu_i
3514 777 3705 835 quidem

514 876 699 919 tomus
732 864 834 919 sul)
864 864 1022 918 titulo
1052 865 1500 934 pseudo-synodi
1532 863 1870 919 Palamiticae
1903 864 2089 919 Graece
2126 876 2180 918 et
2208 863 2397 917 Latine
2423 870 2601 918 exstat
2631 863 2683 914 in
2716 861 2975 917 Auctario
3026 862 3328 914 novissimo
3359 860 3490 914 Bibl.
3520 860 3709 915 Graecu-

516 966 635 1004 rum
672 949 895 1004 Patrum
924 952 1347 1013 Combelisiano,
1380 960 1534 1018 parte
1583 953 1776 1016 altera,
1827 968 1881 1021 p.
1920 951 2155 1006 155-176
2206 948 2399 1020 [Mansi
2445 959 2577 1002 tom.
2610 947 2801 1010 XXVI,
2852 964 2906 1017 p.
2971 948 3097 1011 127,
3145 945 3280 1017 sq.],
3333 948 3523 999 additis
3568 948 3707 1001 etiam

514 1038 701 1091 notis:
743 1052 797 1091 et
833 1038 888 1091 in
925 1038 1031 1090 vol.
1077 1038 1272 1091 ultimo
1311 1039 1674 1092 conciliorum
1700 1040 1834 1093 edit.
1885 1038 2180 1099 IIarduini,
2216 1053 2268 1105 p.
2302 1035 2428 1101 283,
2462 1037 2555 1104 qui
2604 1044 2781 1099 notat,
2831 1036 2997 1103 hujus
3028 1034 3161 1089 tomi
3200 1033 3504 1086 meminisse
3535 1032 3708 1086 Canta-

514 1141 806 1186 cuzenum,
844 1124 933 1189 IV,
965 1127 1035 1180 25
1065 1126 1204 1181 Hist.
1239 1125 1431 1194 Incipit
1462 1143 1476 1181 :
1512 1126 1653 1181 Οὔτε
1684 1128 1783 1195 τὴν
1815 1129 1957 1180 κατὰ
1995 1128 2076 1194 τῆς

2150 1122 2615 1193 Ἐκκ>.ηοίας”τοῦ
2657 1123 2837 1175 κοινοῦ
2893 1123 3178 1190 πολεμίου.
3227 1119 3571 1175 Subscribunt
3610 1131 3712 1188 post

514 1212 901 1277 imperatorem
958 1211 1225 1266 Joannem
1287 1212 1734 1268 Cantauuzenum
1791 1226 1844 1268 et
1899 1214 2266 1282 patriarcham
2346 1209 2508 1265 CPol.
2604 1210 2933 1275 Callistum,
2994 1207 3354 1277 metropolitaa
3410 1209 3464 1270 5,
3515 1214 3564 1260 et
3614 1207 3712 1278 epi-

515 1299 666 1368 δεονί
730 1299 785 1353 5.

588 1408 1058 1477 Archiepiscopus
1088 1407 1605 1465 Thessalonicensis
1652 1410 1938 1465 ordinatus
1989 1418 2075 1463 est
2101 1406 2321 1461 Palama
2361 1406 2521 1473 jussu
2573 1404 2944 1459 Cantacuzeni
3001 1405 3133 1473 imp.
3170 1403 3313 1473 apud
3365 1416 3518 1472 quem
3552 1400 3714 1471 singu-

517 1492 705 1548 lariter
728 1494 1005 1563 gratiosus
1031 1495 1155 1563 fuit,
1187 1498 1256 1549 ab
1287 1495 1499 1550 Isidoro
1531 1496 1638 1551 ΟΡ.
1668 1498 1814 1550 circa
1850 1511 1981 1549 ann.
2015 1493 2177 1559 1519,
2226 1493 2321 1548 sed
2354 1508 2381 1544 a
2419 1492 2695 1561 praefectis
2724 1494 2877 1547 urbis
2913 1492 3057 1547 haud
3092 1492 3366 1546 admissus
3398 1491 3461 1559 (j)
3494 1491 3542 1542 in
3573 1486 3713 1541 Lem-

516 1595 646 1633 num
682 1580 918 1634 insulam
958 1583 1206 1647 secessit,
1260 1591 1425 1652 atque
1472 1584 1599 1637 inde
1646 1598 1907 1637 reversus
1953 1580 2179 1643 CPolin,
2228 1579 2439 1649 synodo
2470 1594 2599 1633 ann.
2636 1580 2799 1639 1551.
2850 1580 2918 1633 de
2968 1594 3077 1647 qua
3122 1578 3237 1647 jam
3288 1578 3421 1640 dixi,
3473 1573 3710 1629 interfuit.

519 1663 774 1719 Defuncti
815 1667 1007 1721 laudes
1047 1669 1377 1738 panegyrica
1412 1671 1665 1723 oratione
1707 1668 2005 1724 celebravit
2042 1666 2361 1722 Philotheus
2409 1666 2721 1733 patriarcha
2770 1664 2934 1720 CPol.
2976 1665 3220 1733 Incipit:
3253 1663 3537 1733 Γρηγόριος
3577 1661 3664 1730 μὶν
3692 1662 3731 1713 6.

519 1753 695 1820 μέγας
728 1754 1090 1824 πανηγύρεως
1119 1756 1396 1820 ὑπόθεσις.
1431 1756 1570 1812 Bibl.
1603 1757 1924 1811 Coisliuian.
1960 1772 2014 1826 p.
2054 1755 2077 1807 1

2149 1756 2190 1818 ἐ,
2220 1752 2443 1807 Cantica
2470 1752 2712 1822 ejusdem
2748 1751 3021 1807 Philothei
3050 1753 3159 1807 duo
3184 1751 3418 1821 στιχηρὰ
3444 1750 3495 1803 in
3526 1748 3711 1802 laudem

516 1839 750 1894 Palama:
782 1842 1180 1911 thaumaturgi,
1214 1857 1321 1896 una
1354 1859 1477 1898 cum
1512 1843 1811 1914 ἀκολουθίᾳ
1841 1844 1958 1898 sive
1988 1841 2169 1897 ofﬁcio
2199 1842 2250 1893 in
2292 1841 2543 1895 eumdem
2597 1857 2701 1896 nis.
2752 1841 2807 1893 in
2841 1840 2978 1894 bibl.
3013 1840 3288 1894 Caesarea.
3321 1838 3592 1891 Canticum
3620 1834 3717 1904 pri-

517 1943 665 1980 mum
695 1927 919 1997 incipit:
944 1929 1246 1997 Εὐφραίνου
1281 1933 1338 1982 ὲν
1368 1930 1579 2000 Κυρίῳ,
1610 1931 1762 1992 πόλις
1786 1930 2077 1985 Θεσσαλονί

2151 1968 2176 1998 ι.
2201 1930 2444 1984 Alterum
2464 1948 2478 1985 :
2503 1928 2751 2000 Χαὶροις,
2774 1915 2873 1997 τῆς
2902 1928 3183 1992 εὐσεϐείας
3204 1927 3446 1996 φωστήρ.
3466 1922 3713 1980 Oﬂicium:

520 2013 701 2085 Πάτερ
756 2014 869 2085 ἱερὲ
898 2016 1193 2086 Γρηγόριε,
1232 2017 1296 2070 σὺ
1328 2016 1418 2070 τὸν
1466 2016 1602 2069 Θεὸν
1638 2020 1702 2069 ὲκ
1749 2018 1943 2080 παιδὸς
1981 2019 2275 2089 ἀγαπήσας
2325 2016 2587 2086 ὲξέφυγες
2635 2016 2829 2087 ὑλικὴν
2858 2014 3262 2087 προσπάθειαν.
3318 2000 3449 2068 Vide
3487 2010 3716 2067 Lambec.

520 2100 584 2167 ν,
620 2116 674 2169 p.
706 2102 808 2156 195
838 2118 955 2173 seq.
988 2102 1065 2174 [p.
1091 2103 1193 2158 406
1229 2118 1348 2173 sqq.
1381 2102 1485 2159 140
1517 2115 1569 2158 et
1602 2103 1724 2168 600,
1757 2104 1845 2160 ed.
1884 2103 2051 2176 Koll.]

592 2191 937 2264 Nicephorus
972 2192 1245 2263 Gregoras
1297 2194 1390 2247 lib.
1438 2210 1593 2258 xxiii,
1621 2209 1674 2263 p.
1710 2194 1836 2261 699,
1876 2205 2109 2250 testatur
2167 2197 2444 2253 Palamam
2482 2197 2624 2253 ultra
2673 2196 2955 2265 sexaginta
3007 2196 3200 2263 λόγους
3250 2191 3626 2261 composuisse,
3664 2187 3719 2242 ad

518 2295 682 2350 quem
715 2280 895 2333 locum
940 2277 1101 2334 Joan.
1137 2280 1397 2335 Boivinus
1440 2283 1495 2334 in
1534 2282 1705 2347 notis,
1743 2296 1798 2352 p.
1835 2281 1962 2346 805,
1999 2282 2273 2348 observat,
2316 2287 2367 2339 in
2417 2300 2526 2340 uno
2568 2285 2757 2340 codice
2793 2284 2964 2353 (regio
3002 2283 3164 2352 2104)
3207 2282 3456 2337 homilias
3495 2280 3720 2346 variaque

518 2368 783 2437 opuscula
814 2368 1052 2426 Palama:
1083 2370 1354 2426 contineri
1387 2369 1508 2437 plus
1534 2386 1701 2439 quam
1740 2370 2105 2441 septuaginta.
2136 2370 2225 2442 [ν.
2260 2373 2426 2441 paull.
2463 2382 2605 2442 post,
2658 2372 2724 2425 ad
2768 2388 2821 2425 n.
2854 2370 2974 2441 2L]
3006 2370 3123 2422 Alia
3168 2385 3279 2423 non
3319 2383 3484 2439 pauca
3531 2374 3718 2419 exstare

519 2456 678 2510 obvia
716 2456 769 2509 in
803 2456 924 2510 aliis
955 2457 1265 2511 codicibus.
1301 2456 1489 2529 Itaque
1522 2467 1698 2526 putat,
1728 2459 2025 2530 Gregoram
2061 2468 2269 2517 tantum
2307 2459 2453 2527 loqui
2479 2458 2547 2512 de
2582 2456 2672 2521 iis,
2708 2473 2831 2527 qua:
2862 2456 2930 2510 de
2964 2457 3128 2511 rebus
3158 2452 3520 2510 controversis
3546 2451 3718 2519 scripta

519 2559 548 2597 a
584 2542 801 2598 Palama
833 2552 1008 2608 erant,
1036 2560 1269 2614 quorum
1306 2546 1473 2599 multa
1512 2546 1755 2601 continet
1782 2548 1952 2602 codex
1981 2550 2161 2621 regius
2185 2546 2346 2601 2409.
2382 2546 2438 2598 In
2482 2546 2547 2600 iis
2586 2553 2712 2600 sunt
2747 2559 2762 2597 :
3642 2608 3645 2609 ν

590 2630 631 2686 I.
676 2630 822 2684 Libri
866 2641 1050 2683 contra
1083 2632 1415 2701 Acindynum
1448 2633 1621 2685 decem
1656 2634 1909 2697 continui,
1944 2636 2032 2705 qui
2070 2650 2262 2689 omnes
2303 2634 2543 2703 exceptis
2600 2633 2772 2688 tribus
2822 2632 3237 2705 ’Δντιρῤητικοὶ
3277 2632 3643 2687 inscribuntur.
3669 2625 3716 2680 Iit

522 2719 711 2773 codice
757 2718 1109 2786 Seguieriano
1142 2716 1465 2789 [s.Goislin.
1522 2716 1755 2791 XCVIII]
1798 2729 2001 2788 septem
2050 2722 2461 2793 ἀντιρῤητικοῖς
2495 2720 2895 2788 praemittuntur
2924 2720 3057 2785 duo,
3102 2734 3251 2774 unus
3293 2718 3359 2773 ad
3402 2715 3714 2772 Athanasium

521 2806 701 2876 Cyzici
738 2806 1240 2875 archiepiscopum,
1282 2806 1349 2861 de
1389 2806 1609 2876 scriptis
1639 2806 1929 2877 Acindyni;
1956 2824 2086 2862 num
2126 2824 2247 2862 cum
2282 2806 2569 2860 Barlaamo
2614 2808 3031 2861 conecrdarent.
3080 2806 3314 2875 Incipit:
3346 2805 3583 2873 Πυνθάνῃ
3611 2798 3718 2867 περὶ

525 2893 638 2947 τῶν
669 2893 765 2946 τοῦ
814 2892 1129 2946 ’Δκινδύνου
1160 2894 1635 2962 συγγραμμάτων.
1665 2894 1818 2948 Alter
1849 2895 1916 2949 de
1953 2895 2081 2949 disti

2152 2894 2399 2949 tionibus
2440 2894 2494 2947 in
2537 2892 2647 2947 Deo
2680 2894 2984 2949 secundum
3018 2896 3340 2964 hypostascs
3370 2900 3421 2946 et
3454 2886 3714 2945 secundum

521 2976 892 3043 operationes.
924 2975 1115 3043 Incipit
1146 2993 1160 3027 :
1197 2976 1473 3036 Διονύσιος
1512 2979 1540 3029 ὁ
1592 2978 1766 3045 μέγας
1797 2978 2069 3047 αὐτήκοος

2156 2980 2359 3049 εγονὼς
2398 2980 2494 3048 τῆς
2525 2979 2635 3033 τῶν
2682 2980 3026 3033 Ἀποστόλων
3067 2980 3279 3051 φωνῆς.
3315 2978 3523 3034 Tertius
3558 2974 3718 3027 ultimo

526 3064 645 3118 loco
687 3064 975 3134 subjicitur
1014 3066 1081 3118 de
1113 3064 1299 3119 multis
1332 3065 1705 3134 impietatibus
1735 3064 1998 3120 Barlaami
2045 3078 2088 3121 et

2153 3066 2701 3137 Acindytti,'Ex0wtc
2730 3067 2830 3135 τῆς
2873 3067 2983 3119 τῶν
3018 3066 3291 3137 Βαρλαὰμ
3321 3067 3414 3119 καὶ
3446 3059 3715 3118 Ἀκινδύνιυ

520 3151 948 3220 δυσσεϐημάτων
998 3151 1288 3205 ἀλλοκότου
1333 3152 1595 3223 πληθύος.
1628 3150 1866 3222 Incipit:
1915 3154 2359 3225 Ἀποὸαλλόμεθα
2391 3156 2489 3225 τὴν
2515 3155 2886 3217 ἀσεσεστάτην
2932 3154 3227 3207 ἀλλόκοτον
3277 3152 3501 3221 πληθύν.
3534 3148 3715 3214 Septem

523 3241 785 3295 librorum
817 3241 1241 3312 ἀντιῤῥητικῶν,
1268 3242 1361 3311 qui
1394 3244 1447 3296 iii
1482 3245 1662 3311 capita
1696 3243 1895 3313 singuli
1927 3245 2089 3300 divisi
2125 3254 2274 3308 sunt,
2304 3253 2614 3297 accuratam
2661 3244 3035 3296 recensionem
3068 3252 3121 3296 et
3152 3244 3489 3314 singulorum
3515 3238 3718 3306 capitum

520 3336 837 3396 argumenta
871 3328 1090 3382 exhibet
1117 3327 1544 3383 Montiauconus
1574 3330 1625 3382 in
1665 3329 1806 3384 Bibl.
1832 3330 2183 3397 Coisliniana,
2214 3348 2266 3403 p.
2296 3333 2558 3387 156-167.
2596 3332 2795 3403 (nam)
2830 3332 3021 3387 Plures
3044 3332 3399 3388 Coisliniante
3438 3330 3560 3386 bibl.
3597 3328 3721 3381 cod;-

520 3429 632 3479 ces,
672 3416 766 3485 qui
796 3417 1079 3470 continent
1107 3415 1344 3470 Palama:
1378 3432 1503 3486 opp.
1541 3427 1898 3471 recensentur
1929 3429 1983 3473 et
2013 3421 2351 3491 singulorum
2381 3432 2701 3490 argumenta
2728 3422 3015 3491 diligenter
3044 3420 3365 3475 indicantur
3392 3436 3420 3472 a
3461 3416 3716 3472 Montlauc.

522 3501 557 3553 l.
593 3516 670 3567 c.,
699 3516 729 3555 a
768 3502 926 3556 nobis
972 3517 1105 3557 vero
1136 3504 1193 3557 h.
1226 3504 1263 3556 l.
1291 3518 1400 3557 non
1432 3514 1607 3575 potest
1647 3506 1987 3576 singulorum
2021 3512 2223 3565 mentio
2265 3512 2431 3579 repeti
2469 3527 2484 3576 ;
2521 3526 2576 3563 n.
2628 3526 2684 3579 p.
2722 3512 2819 3564 150
2844 3539 2914 3550 -
2954 3510 3079 3573 157,
3121 3512 3249 3564 cod.
3282 3510 3348 3565 97
3387 3511 3437 3561 in
3475 3521 3575 3577 quo
3600 3516 3722 3573 repe-

522 3592 740 3647 riuntur
776 3594 1008 3649 Palania:
1040 3594 1276 3648 homiliaa
1309 3604 1460 3650 sexta
1491 3608 1664 3665 usque
1689 3598 1755 3650 ad
1784 3595 2018 3650 Llem
2048 3598 2314 3667 (quinque
2346 3597 2493 3651 enim
2523 3598 2733 3667 priores
2784 3597 3041 3653 abscissa:
3086 3597 3243 3668 sunt)
3299 3597 3537 3666 sequitur
3570 3610 3617 3646 n.
3648 3589 3721 3652 62,

522 3680 737 3736 libellus
762 3681 988 3735 moralis
1016 3683 1287 3751 ἀκέφαλος
1315 3685 1405 3739 cui
1453 3684 1672 3753 praeﬁxa
1715 3694 1799 3739 est
1839 3686 2064 3755 epistola
2110 3689 2176 3740 ad
2222 3689 2486 3757 virginem
2527 3689 2850 3758 quamdam;
2900 3697 2957 3744 et
2994 3705 3050 3745 n.
3082 3689 3174 3754 66,
3215 3690 3460 3759 epistola,
3504 3700 3646 3756 quam
3669 3694 3722 3735 et

522 3773 674 3840 Asia,
702 3773 950 3842 captivus
990 3788 1115 3827 cum
1145 3782 1311 3840 esset,
1343 3774 1410 3828 ad
1452 3774 1753 3830 Ecclesiam
1800 3790 1954 3831 suam
1992 3774 2242 3845 scripsit;
2296 3784 2409 3828 tum
2457 3790 2511 3845 p.
2552 3775 2816 3841 I55-t77,
2856 3776 2909 3829 in
2961 3778 3083 3830 cod.
3133 3778 3207 3831 98
3246 3779 3300 3830 in
3340 3792 3456 3846 quo
3496 3775 3725 3827 habentur

523 3860 759 3915 Palamze
794 3875 922 3929 opp.
971 3861 1261 3929 permulta,
1290 3871 1471 3916 tomus
1510 3863 1717 3932 primus
1745 3862 1860 3933 (qui
1899 3871 1984 3917 est
2012 3863 2135 3917 cod.
2172 3862 2560 3932 Seguierianus
2590 3902 2604 3926 ,
2650 3876 2680 3916 a
2735 3862 2988 3917 Fabricio
3056 3864 3336 3931 laudatus)
3374 3862 3555 3915 ultimo
3588 3851 3723 3923 capiti

524 3949 748 4002 adnexae
778 3957 903 4002 sunt
938 3948 1059 4001 duae
1092 3945 1339 4017 Gregorii
1372 3948 1649 4017 epistolae;
1685 3950 1854 4004 altera
1886 3950 1953 4003 ad
1985 3949 2305 4004 Damianum
2332 3950 2751 4019 philosophum;
2783 3953 2955 4004 altera
2978 3951 3043 4004 ad
3069 3950 3422 4024 Dionysium,
3453 3964 3567 4018 quae
3595 3944 3726 4013 paulo

524 4045 670 4106 post,
706 4034 733 4106 ᾗ
763 4035 818 4099 6,
854 4037 1017 4091 etiam
1053 4037 1349 4093 adduntur.
1388 4038 1650 4107 Sequitur
1688 4036 1966 4103 Expositio
2006 4040 2272 4105 stupenda:
2302 4039 2657 4093 multitudinis
2691 4040 3022 4106 impietatem
3056 4040 3347 4095 Barlaami
3386 4051 3434 4093 et
3468 4032 3725 4106 Acindynii

526 4126 637 4181 inc.
685 4125 1154 4197 ’Δποϐαλλόμεθα,
1184 4129 1283 4194 τὴν
1315 4126 1688 4195 ἀσεϐεστάτην
1713 4127 1999 4179 ἀλλόκοτον
2027 4128 2088 4179 π)

2164 4124 2256 4178 ιύν.
2289 4154 2357 4164 -
2392 4124 2633 4195 Denique
2666 4125 2907 4193 Gregorii
2951 4124 3073 4179 Vita
3104 4143 3200 4196 per
3228 4127 3556 4181 Plutothesm
3583 4120 3726 4190 patri-

523 4214 743 4268 arcliam
766 4227 785 4266 :
821 4213 942 4267 init.
968 4213 1268 4283 ι’ρηγόριος
1304 4212 1405 4281 μὲν
1434 4214 1463 4265 ὁ
1500 4213 1675 4282 μέγας
1703 4223 1809 4268 etc.
1839 4237 1899 4253 —
1928 4214 2085 4268 Poste

2162 4230 2203 4283 ρ.
2243 4216 2501 4279 167-1Ἱ1,
2531 4216 2583 4270 in
2611 4218 2734 4271 cod.
2762 4218 2831 4272 99
2871 4226 2957 4271 est
2991 4227 3177 4273 tomus
3221 4220 3360 4273 alter
3400 4232 3523 4288 Opp.
3555 4214 3724 4277 θνρεο-

527 4305 590 4359 iii
625 4303 695 4357 XI
731 4304 965 4358 Palamze
994 4314 1186 4357 contra
1231 4302 1600 4372 Acindynum,
1636 4316 1872 4371 quorum
1914 4303 2154 4358 Indicem
2204 4301 2423 4371 plenum
2456 4304 2606 4359 dedit
2647 4306 2945 4362 Montfauc.
2983 4307 3040 4361 In
3070 4307 3180 4363 illis
3225 4324 3354 4379 opp.
3396 4315 3515 4363 Sunt
3542 4312 3729 4373 quoque

530 4391 781 4456 epistola.-
822 4390 1078 4455 Palamae,
1112 4406 1140 4441 a
1178 4389 1431 4442 Fabricio
1459 4387 1486 4463 §
1516 4386 1584 4440 VI
1631 4389 1884 4445 laudatae.
1915 4420 1985 4430 —
2020 4390 2149 4445 Dein
2183 4408 2235 4462 p.
2273 4394 2525 4460 171-175,
2564 4395 2618 4449 in
2661 4396 2785 4451 cod.
2822 4398 2884 4464 C,
2932 4407 3110 4454 exstat
3156 4407 3343 4455 tomus
3408 4397 3589 4451 tertius
3622 4404 3727 4459 opp.

530 4475 786 4529 Palamae.
820 4476 1025 4544 Agmen
1059 4474 1262 4528 claudit
1289 4475 1593 4544 Synoilicus
1625 4484 1806 4532 tomus
1835 4489 2029 4532 contra
2075 4492 2192 4545 eos,
2241 4484 2333 4553 qui
2371 4483 2644 4542 Barlaami
2685 4496 2739 4542 et
2783 4488 3053 4559 Acindyni
3096 4505 3347 4545 errorem
3399 4486 3567 4543 secuti
3605 4490 3728 4547 sunt,

529 4568 732 4639 Ephesi
768 4583 961 4639 nempe
990 4576 1043 4622 et
1072 4565 1206 4621 Gani
1231 4567 1474 4635 episcop.
1500 4565 1798 4635 Gregoram
1831 4578 1886 4623 et
1919 4568 2168 4636 Dexium,
2192 4578 2247 4624 et
2266 4572 2432 4638 alios,
2457 4574 2525 4628 ab
2550 4574 2617 4628 iis
2648 4590 2833 4629 secum
2867 4576 3150 4631 adductos.
3182 4580 3319 4632 Acta
3344 4587 3426 4632 est
3458 4578 3565 4630 haec
3593 4587 3730 4641 syno-

527 4664 633 4717 dus
672 4674 801 4713 ann.
829 4657 931 4711 Ch.
984 4658 1144 4723 1551,
1190 4657 1351 4724 eique
1383 4656 1537 4710 multi
1574 4658 2042 4725 subscripserunt.
2075 4687 2145 4701 —-
2182 4658 2326 4714 Idem
2360 4670 2543 4714 tomus
2580 4670 2661 4717 est
2701 4661 2754 4716 in
2794 4664 2918 4717 cod.
2954 4664 3079 4720 IOI.
3109 4663 3174 4719 γ.
3212 4664 3506 4720 Montfauc.
3560 4676 3609 4730 p.
3645 4654 3729 4709 276

527 4765 643 4818 ειη.
674 4746 888 4801 Fabric.
925 4745 1065 4799 infra
1101 4746 1153 4798 in
1192 4745 1301 4798 \ol.
1338 4742 1481 4806 XIII,
1514 4761 1566 4815 p.
1600 4744 1726 4810 845,
1767 4746 1833 4798 de
1882 4744 2034 4799 hisce
2080 4746 2239 4800 codd.
2267 4746 2492 4802 Coislin.
2528 4749 2602 4802 ita
2634 4750 2857 4819 scripsit
2886 4769 2902 4806 :
2950 4770 2966 4803 ε
2997 4751 3339 4822 Ilypotlieses
3367 4760 3421 4807 et
3448 4755 3728 4820 argumenta

527 4852 751 4904 operum
788 4835 1033 4889 omnium
1064 4832 1311 4902 Gregorii
1348 4831 1581 4886 Palatina:
1614 4831 1670 4885 in
1702 4832 1945 4901 quinque
1978 4832 2332 4902 amplissimis
2370 4834 2537 4888 Coisl.
2587 4836 2927 4892 bibliotheca:
2960 4839 3086 4893 volI.
3134 4840 3189 4893 in
3246 4839 3344 4893 l'ol.
3383 4840 3725 4893 continentur,

529 4941 583 4977 n.
609 4923 698 4983 97,
727 4921 818 4984 98,
841 4920 928 4985 99,
957 4919 1058 4973 100
1080 4928 1134 4974 et
1161 4918 1283 4973 I0l.
1313 4918 1407 4973 Illa
1439 4934 1603 4988 porro
1626 4922 1948 4986 argumenta
1979 4920 2033 4973 in
2060 4929 2295 4989 quatuor
2318 4922 2715 4988 posterioribus
2742 4925 2903 4979 codd.
2939 4934 3108 4980 totam
3138 4928 3377 4982 Palamre
3404 4929 3541 4982 circa
3571 4927 3728 4977 lumen

527 5008 896 5063 Thaboricum
932 5016 985 5061 et
1015 5006 1200 5061 lumen
1231 5004 1326 5060 Dei
1356 5005 1660 5059 doctrinam
1688 5005 2149 5073 complectuntur,
2186 5021 2287 5061 nec
2330 5020 2437 5060 non
2470 5008 2891 5078 disceptationes
2921 5012 3162 5080 ejusdem
3196 5025 3388 5070 contra
3420 5011 3725 5081 Acindynum

526 5103 582 5151 et
611 5095 953 5148 Barlaamum
982 5093 1328 5146 adversarios
1361 5104 1511 5144 suos.
1544 5087 1737 5142 Totam
1770 5090 1952 5158 itaque
1979 5092 2129 5147 illam
2172 5095 2227 5149 in
2259 5093 2468 5151 Graecia
2506 5098 2771 5154 celeberr.
2800 5105 3156 5171 quaestionem
3208 5108 3264 5159 in
3297 5106 3383 5160 his
3424 5096 3723 5172 argumenti!

527 5183 911 5254 perspicimus.
942 5178 1213 5248 Incipiunt
1244 5184 1564 5245 argumenta
1591 5190 1644 5245 p.
1676 5173 1801 5241 155,
1822 5177 2154 5234 clauduntur
2184 5196 2313 5236 vero
2338 5198 2393 5251 p.
2424 5184 2545 5238 177.
2579 5181 2637 5238 In
2674 5187 2865 5241 ultimo
2898 5198 3080 5247 autem
3117 5193 3241 5245 cod.
3273 5191 3536 5245 habentur
3559 5184 3719 5238 Philo-

532 5271 641 5325 thei
675 5270 997 5339 patriarcha:
1025 5267 1086 5320 (1.
1116 5265 1178 5319 P.
1212 5267 1358 5319 circa
1382 5266 1629 5317 eamdem
1658 5263 2013 5331 quaestionem
2060 5276 2249 5323 contra
2286 5267 2581 5338 Gregoram
2622 5271 2967 5329 Barlaamum
3010 5288 3064 5330 et
3101 5277 3440 5347 Aciudynum
3468 5294 3481 5329 :
3510 5289 3600 5329 nec
3628 5283 3718 5325 non

530 5356 794 5427 Synodici
831 5354 963 5408 tomi
1008 5363 1119 5407 tres
1147 5361 1337 5407 contra
1364 5350 1606 5404 eosdem.
1642 5347 1803 5403 Initio
1850 5351 1973 5404 cod.
2009 5352 2103 5407 101
2149 5356 2258 5409 duo
2306 5356 2433 5410 folia
2480 5358 2547 5411 ad
2580 5362 3037 5431 compingendum
3080 5364 3325 5419 adhibita
3369 5374 3512 5426 sunt,
3542 5363 3721 5416 decimo

527 5445 732 5499 saeculo
791 5451 1034 5505 exarata,
1059 5442 1148 5494 ubi
1176 5440 1538 5507 fragmentum
1581 5434 1804 5502 Vitonis,
1833 5436 2089 5506 Βίτωνος,

2161 5459 2192 5496 x
2220 5443 2382 5505 libro,
2406 5446 2493 5497 cui
2530 5445 2744 5514 titulus,
2809 5450 3138 5521 Κατασκευὴ
3170 5451 3479 5522 πολεμικῶν
3504 5448 3720 5520 ὀργάνων

530 5534 623 5586 καὶ
648 5529 1091 5585 καταπελτικῶν.
1124 5528 1180 5583 In
1220 5527 1312 5579 illo
1355 5526 1657 5594 lragmento
1688 5535 2105 5595 repraesentatur
2134 5532 2302 5601 ligura
2341 5534 2511 5603 gruis,
2549 5534 2899 5593 instrumenti
2930 5540 3489 5612 bcllicLaliquantum
3531 5538 3718 5590 diversa

609 5711 673 5780 υ)
706 5711 1041 5783 Nicephorus
1073 5712 1364 5785 Gregoras,
1400 5713 1516 5782 XII,
1544 5717 1599 5783 5,
1644 5717 1783 5773 Hist.
