3920 6206
314 310 422 377 πθ
1708 316 1728 388 '.
1748 320 2081 385 NOTI'I'LI‘.
3449 331 3556 395 71I0
3570 349 3583 365 '

381 426 635 480 ιειιιηιυης
672 427 1047 500 philosophus,
1083 429 1144 498 v,
1174 433 1227 486 4.
1410 418 1421 427 ’
1617 487 1621 491 .

390 517 620 575 Divinos
643 519 895 580 Cosmas.
930 520 1016 588 Vl,
1049 524 1103 578 4.
1135 524 1358 581 Canone
1391 525 1511 580 festi
1580 524 2101 596 transligurationis,
2142 524 2229 591 VI,
2262 525 2320 589 6,
2354 526 2406 579 7.
2446 525 2503 580 In
2537 528 2603 583 iis
2634 542 2763 598 qua:r
2785 526 2839 581 In
2894 527 3127 582 mediam
3192 526 3572 585 Pentecosth

308 622 605 676 canuntur,
642 612 732 675 VI,
769 612 824 668 6.

382 702 622 771 Cyrillus
659 700 816 758 Alex.
848 701 938 766 III,
977 701 1046 767 3;
1082 700 1219 768 VIII,
1254 704 1336 756 I0.
1372 702 1426 755 In
1456 701 1749 765 thesauris,
1783 698 1870 765 IV,
1899 699 1972 765 9;
2025 698 2134 764 VII,
2170 698 2223 763 2,
2254 700 2324 760 5;
2376 698 2467 762 IX,
2504 701 2555 753 6.
2596 701 2757 756 Libro
2785 704 2982 771 prium,
3018 703 3111 768 IX,
3161 704 3225 767 8;
3268 704 3407 760 libro
3465 722 3556 771 υτ,

308 792 489 859 capite
518 788 835 859 quarto,.X,
859 791 921 855 9;
967 790 1107 845 libro
1136 807 1243 851 xw,
1277 790 1371 851 IX,
1412 791 1462 853 6,
1489 790 1542 854 8,
1576 790 1679 855 IO;
1718 789 1855 842 libro
1890 803 1973 851 xv,
2024 785 2115 848 IX,
2154 786 2227 851 6;
2263 787 2403 841 libro
2431 804 2541 853 xu,
2581 790 2672 851 IX,
2706 792 2772 847 8:
2810 792 2948 844 libro
2980 808 3129 855 nu,
3175 790 3244 855 Χ,
3280 793 3349 858 2;
3410 793 3549 847 libro

309 896 484 941 xuu,
518 877 583 940 X,
614 877 667 943 7,
708 878 884 946 capite
917 877 1008 941 '53,
1047 876 1141 943 IX,
1177 878 1238 942 5,
1261 878 1327 942 7;
1384 878 1526 931 libro
1552 892 1737 939 xutv,
1776 874 1842 935 X,
1879 874 1933 927 7.
1960 873 2245 929 Disscrcns
2275 875 2339 928 de
2371 874 2578 945 Spiritu
2608 887 2820 940 sancto,
2853 877 2960 942 VII,
2997 880 3052 940 2,
3081 882 3135 943 5,
3170 881 3243 945 5;
3275 881 3366 945 IX,
3407 882 3460 945 li,
3491 881 3546 936 7.

308 965 707 1032 Explanatione
735 964 790 1018 in
832 964 1061 1030 Lucam,
1089 965 1179 1031 Vl,
1227 966 1280 1020 4.
1312 964 1476 1018 Libro
1516 964 1693 1028 primo
1723 962 1789 1016 ad
1831 960 2131 1022 Hermian),
2160 959 2249 1020 IX,
2274 962 2327 1015 7.
2365 960 2528 1014 Libro
2558 962 2754 1031 quinto
2802 962 3079 1035 Dialogor.
3130 968 3195 1019 ad
3245 966 3547 1031 Ilermiam,

305 1051 400 1115 IX,
432 1052 488 1107 7.
528 1050 954 1121 Libroseptitno
978 1066 1172 1106 eorum
1201 1066 1343 1122 quos
1364 1065 1516 1106 more
1536 1048 1734 1120 diaIOgi
1766 1048 2007 1119 scripsit,
2037 1046 2129 1110 VI,
2156 1048 2209 1102 7.
2244 1048 2408 1103 Libro
2438 1053 2671 1119 septima
2725 1050 3073 1122 Dialogorum
3131 1052 3199 1108 ad
3244 1055 3544 1121 IIcrmiam,

310 1147 422 1212 VII,
461 1147 533 1214 4;
566 1148 661 1213 IX,
691 1148 765 1213 6;
800 1148 871 1214 X,
899 1148 956 1202 5.

372 1261 620 1331 Cyrinus
640 1260 912 1316 Hierosol.
934 1260 988 1315 in
1024 1260 1434 1325 Catechesihns,
1461 1257 1569 1323 VII,
1606 1258 1660 1321 1,
1697 1258 1907 1313 decima
1946 1256 2259 1322 Catcchesi,
2288 1257 2375 1319 VI,
2404 1257 2458 1312 4.

376 1349 608 1405 Birinus
641 1348 950 1402 Diadochus
978 1356 1032 1401 et
1061 1347 1268 1401 silentii
1295 1347 1574 1416 magister,
1608 1344 1745 1408 VIII,
1777 1345 1830 1399 8.
1866 1346 1882 1411 (
1913 1342 2068 1398 Libro
2096 1344 2160 1396 de
2186 1345 2507 1412 perfectione
2528 1346 2799 1412 spirituali
2822 1349 3017 1400 citalur
3038 1366 3068 1400 a
3102 1347 3366 1401 Turriano
3388 1350 3544 1402 scho-

305 1437 392 1491 Ir'is
425 1440 495 1490 ad
527 1436 596 1502 X,
714 1438 1004 1505 Episcopus
1034 1436 1280 1490 Pltotices
1313 1436 1366 1488 in
1397 1434 1581 1502 Epiro,
1611 1450 1762 1502 quem
1799 1434 1859 1487 S.
1889 1429 2159 1484 Maximus
2194 1433 2358 1485 citare
2380 1442 2428 1485 et
2458 1433 2606 1503 sequi
2633 1433 2792 1499 sa’et,
2818 1432 2958 1488 libro
2994 1452 3156 1488 aureo
3191 1436 3545 1505 quisnimiam

304 1525 369 1579 de
392 1525 577 1578 anima
606 1534 855 1591 separata
881 1534 929 1577 et
962 1524 1183 1593 angelis,
1215 1540 1362 1595 quem
1398 1523 1669 1587 inscripsit
1706 1519 2083 1590 Apocalypsin,
2123 1519 2200 1575 id.
2233 1519 2275 1589 ).

378 1612 673 1681 Dionysius
697 1610 1029 1681 Areopagitas
1060 1610 1269 1678 passim
1304 1626 1400 1679 per
1433 1618 1606 1664 totum
1640 1623 1799 1678 opus.
1851 1605 2181 1675 'I'heologus,
2220 1608 2356 1673 VIII,
2390 1608 2480 1662 In.

376 1700 681 1771 Dionysius
705 1700 857 1753 Alex.
889 1699 1117 1754 scholiis
1142 1699 1206 1753 ad
1247 1685 1566 1769 Dionysium
1599 1694 2004 1765 Areopagitam,
2033 1695 2073 1760 I,
2106 1694 2124 1748 I
2161 1712 2180 1761 ;
2215 1694 2279 1761 II,
2319 1694 2375 1749 2.

375 1791 723 1860 B..Ephra:tn
751 1791 1003 1844 oratione
1034 1789 1088 1843 in
1120 1788 1680 1857 trausﬁgnrationem,
1710 1783 1800 1849 VI,
1834 1784 1897 1838 4.

377 1878 438 1933 S.
478 1877 768 1949 Epiphauii
801 1878 1047 1947 panaria,
1078 1875 1165 1944 III,
1204 1875 1269 1941 4;
1305 1874 1371 1940 V,
1395 1875 1450 1929 2.
1480 1886 1671 1931 contra
1704 1873 1936 1929 haeresin
1968 1869 2387 1936 Marcosiormn,
2422 1870 2553 1936 VIII,
2598 1872 2680 1926 I0.
2708 1869 2913 1929 llcrest
2943 1885 3131 1929 contra
3155 1874 3549 1943 Ptolemaeltas,

374 2050 681 2108 Eunomius
719 2049 775 2103 In
808 2048 876 2102 iis
905 2062 1027 2117 quae
1053 2054 1244 2101 contra
1278 2044 1542 2101 Basiliam
1577 2059 1836 2116 magnum
1870 2045 2083 2112 scribit,
2116 2042 2183 2112 X,
2217 2044 2274 2099 4.

372 2140 655 2196 Eusebius
676 2135 1059 2198 Cicsariensis,
1091 2132 1181 2200 III,
1215 2136 1269 2189 4.

372 2231 653 2304 Euthymii
684 2230 986 2299 dogmatica
1016 2227 1292 2298 partaplia,
1325 2226 1418 2289 III,
1445 2226 1499 2280 2.

377 2324 709 2380 Sanctusac
737 2318 956 2373 divinus
976 2317 1371 2372 Germanusin
1404 2315 1751 2385 Expositione
1781 2314 1925 2381 tidei,
1961 2313 2099 2378 VIII,
2136 2315 2225 2369 10.

372 2408 695 2480 Gregorius,
732 2405 1048 2474 theologus,
1072 2404 1113 2467 I,
1148 2405 1218 2468 3;
1249 2402 1340 2466 IV,
1377 2403 1445 2467 8;
1484 2401 1572 2465 Vl,
1602 2402 1657 2466 7,
1689 2404 1742 2459 9.
1772 2403 1936 2459 Libro
1968 2404 2142 2473 primo
2169 2404 2235 2459 de
2272 2402 2432 2471 Filio,
2469 2403 2605 2471 VIII,
2647 2408 2665 2461 I
2698 2424 2712 2473 ;
2746 2407 2839 2469 IX,
2869 2408 2901 2462 5
2931 2425 2946 2475 ;
2981 2408 3045 2473 X,
3081 2410 3137 2475 2,
3176 2411 3230 2464 5.
3265 2409 3432 2466 Libro
3460 2429 3550 2467 se-

294 2496 637 2564 eandm“,
663 2496 716 2550 6.
749 2497 910 2548 Orat.
930 2494 999 2570 de
1025 2492 1233 2562 Spiritu
1264 2502 1475 2557 sancto,
1514 2488 1601 2557 III,
1634 2491 1707 2556 4;
1737 2490 1847 2557 VII,
1883 2492 1936 2545 5.
1966 2491 2221 2546 Secundo
2254 2492 2321 2548 de
2355 2494 2625 2564 theologia
2654 2496 2811 2562 libro,
2849 2496 2891 2559 I,
2924 2496 2992 2564 6;
3026 2496 3093 2558 II.
3134 2498 3185 2563 4,
3220 2498 3271 2563 5,
3300 2499 3353 2565 7,
3382 2500 3437 2564 8,
3471 2500 3503 2555 9
3528 2518 3553 2565 ;

296 2586 393 2651 III,
436 2588 503 2647 4;
542 2584 632 2647 VI,
665 2582 719 2646 6,
747 2583 819 2646 9;
850 2580 987 2643 VIII,
1014 2579 1087 2644 8;
1120 2578 1213 2643 IX,
1242 2580 1297 2633 5.
1324 2578 1490 2633 Libro
1525 2581 1686 2632 tertio
1717 2579 2000 2649 theologiae
2028 2593 2163 2644 sum,
2213 2579 2284 2640 X,
2317 2580 2402 2633 10.
2441 2580 2738 2649 Disputans
2769 2592 2959 2637 contra
2989 2583 3337 2651 Ennomiutn,
3370 2585 3461 2651 III,
3498 2588 3544 2639 I.

296 2678 379 2735 De
418 2676 703 2730 divinitate
734 2672 802 2726 ad
833 2672 1122 2740 Evagrium
1157 2669 1516 2732 monachum,
1558 2668 1644 2731 IV,
1681 2668 1754 2733 8;
1789 2666 1904 2731 VII,
1930 2665 1984 2720 4.
2016 2667 2276 2720 Oratione
2300 2682 2425 2720 cum
2454 2666 2634 2722 factus
2680 2677 2765 2723 est
2795 2669 3105 2739 presbyter,
3145 2669 3208 2733 V,
3250 2672 3303 2727 9.
3344 2672 3416 2727 De
3453 2676 3551 2726 ba—

294 2768 523 2837 ptismo.
554 2764 643 2826 VI,
676 2765 733 2826 3,
763 2761 869 2829 1ος
904 2760 996 2825 IX,
1031 2762 1085 2815 3.
1113 2760 1193 2815 Ad
1225 2758 1520 2823 Heronem,
1561 2755 1648 2821 VI,
1684 2756 1737 2810 5.
1772 2756 1829 2809 In
1862 2769 2113 2810 sermone
2166 2753 2503 2823 Epiphaniae,
2532 2754 2621 2817 IV,
2661 2757 2708 2810 I.
2766 2757 2933 2812 Libro
2960 2757 3027 2812 de
3056 2766 3200 2812 statu
3257 2759 3516 2829 episcopo

293 2870 451 2919 runt,
484 2852 571 2913 III.
606 2852 674 2906 6..
695 2851 768 2905 De
794 2848 1196 2905 constituendis
1227 2845 1521 2917 episcopis,
1556 2843 1649 2907 IX,
1684 2844 1740 2908 2,
1789 2842 1839 2897 5.
1878 2843 1938 2896 In
1969 2840 2212 2895 Natalem
2253 2842 2489 2907 Domini,
2532 2841 2622 2907 VI,
2651 2843 2682 2896 7
2712 2861 2729 2909 ;
2790 2842 2923 2898 VIII.
2961 2843 3223 2898 Oratione
3274 2843 3342 2899 de
3400 2846 3546 2901 bon)

294 2942 493 2996 ordine
532 2937 856 3000 disserendi,
886 2936 973 2998 VI,
1003 2936 1059 2997 5,
1090 2935 1142 2988 6.
1181 2933 1433 2989 Secunda
1465 2933 1532 2987 de.
1566 2947 1720 3003 pace,
1755 2930 1869 2994 VII,
1894 2929 1949 2985 9.
1980 2928 2167 2985 Tertia
2203 2928 2297 2992 IX,
2329 2931 2382 2985 5.
2417 2930 2474 2984 In
2518 2929 2906 2995 Peutecosten,
2963 2931 3075 2996 VII,
3105 2931 3164 2986 9.
3211 2931 3265 2985 In
3328 2932 3543 2988 Iaudem

293 3026 546 3097 Gregorii
580 3022 835 3097 Nysseni,
864 3021 954 3085 IX,
994 3021 1049 3074 7.
1236 3095 1241 3099 _
1277 3080 1281 3085 τ

372 3133 1001 3203 GregoriusNyssenus,
1038 3129 1101 3192 II,
1134 3130 1205 3193 5;
1242 3127 1332 3191 IV.
1367 3129 1421 3193 8,
1454 3128 1533 3194 9;
1560 3126 1673 3190 VII,
1703 3128 1756 3193 8,
1793 3127 1901 3193 IO~;
1937 3125 2028 3191 IX,
2070 3129 2116 3191 I,
2144 3127 2203 3194 2,
2230 3127 2284 3192 4,
2317 3127 2367 3182 5.
2401 3127 2554 3187 Orat.
2597 3129 2662 3183 ad
2688 3127 3054 3195 Pulcheriatn,
3088 3131 3179 3196 IX,
3241 3132 3296 3187 6.
3342 3131 3547 3188 Contra

301 3224 660 3283 Eunomium,
696 3221 785 3286 IV,
820 3221 885 3287 5;
920 3221 983 3283 V,
1020 3220 1053 3276 9
1080 3236 1101 3285 ;~
1132 3217 1266 3283 VIII,
1296 3218 1350 3272 6.
1381 3216 1546 3271 Libro
1586 3216 1678 3285 qui
1718 3215 1910 3285 incipit
1940 3215 2123 3269 Prima
2148 3216 2382 3285 quidem,
2422 3218 2462 3280 I,
2509 3216 2561 3270 6.
2598 3216 2763 3272 Libro
2820 3218 3019 3287 primo,
3089 3219 3154 3285 V,
3187 3220 3258 3287 9;
3300 3218 3416 3284 VII,
3473 3222 3548 3288 8;

305 3316 563 3378 H.3,6;
600 3311 663 3375 Χ,
700 3313 754 3374 4,
790 3310 856 3367 5:
894 3310 1070 3376 capite
1102 3321 1216 3369 xu,
1261 3304 1428 3370 X,9»;~
1486 3305 1626 3358 libro
1687 3303 1951 3367 secundo,
2003 3301 2089 3363 III,
2129 3303 2197 3370 5;
2251 3304 2319 3370 V,
2345 3308 2403 3360 9.
2467 3304 2669 3361 Contra
2736 3304 3059 3362 Eunomium
3128 3325 3293 3374 nono,
3340 3309 3430 3375 IX,
3481 3312 3545 3373 4;

305 3404 517 3459 ἀδείην)
550 3402 727 3463 ιρι·ιίο,
756 3397 844 3459 Ν,
872 3397 939 3460 6;
967 3396 1034 3458 X,
1073 3396 1127 3448 4.
1166 3394 1332 3448 Libro
1359 3393 1426 3446 de
1462 3392 1795 3449 Abrahamo.
1834 3389 1924 3454 IX,
1955 3391 2009 3447 3.
2043 3393 2117 3447 De
2140 3396 2249 3448 vita
2286 3393 2471 3458 Musis,
2499 3395 2564 3460 II,
2590 3396 2621 3449 8
2648 3413 2662 3457 ;
2702 3394 2841 3455 VIII.
2891 3395 2945 3451 8.
2979 3399 3376 3468 Esplanatione
3405 3400 3549 3454 Can-

307 3494 396 3547 tici
421 3492 685 3546 canticor.
713 3487 802 3549 IV,
835 3489 904 3545 ὃς
938 3484 1049 3549 VII,
1077 3484 1143 3548 4;
1178 3482 1266 3542 IX.
1297 3483 1348 3537 7.
1379 3482 1446 3546 Χ,
1468 3483 1527 3536 7.
1554 3481 1611 3533 In
1644 3480 1794 3541 illud,
1828 3480 2090 3534 Adveniet
2134 3498 2350 3551 reynum
2382 3494 2552 3549 litum,
2597 3482 2692 3547 IX,
2719 3485 2770 3549 7,
2806 3485 2861 3539 9.
2898 3486 3067 3555 Epist.
3093 3489 3158 3540 ad
3185 3486 3546 3557 Theophilum

310 3580 455 3636 κει.
490 3586 684 3632 contra
710 3575 1131 3645 Apollinarium,
1166 3571 1255 3633 VI,
1285 3570 1338 3625 6.
1372 3569 1536 3624 Libro
1564 3568 1741 3638 primo
1781 3568 1833 3622 in
1873 3566 2266 3632 Ecclesiasten,
2297 3569 2385 3632 VI,
2420 3570 2472 3624 7.
2508 3569 2908 3639 Explanatione
2951 3572 3373 3640 beatitudinum,
3405 3575 3549 3639 VIII,

306 3670 343 3722 8
389 3669 553 3721 Libro
581 3667 874 3734 inscripto,
905 3679 1025 3733 qua:
1055 3661 1128 3716 sit
1160 3660 1460 3715 Christiani
1510 3657 1802 3726 professio,
1835 3653 1928 3720 IX,
1954 3656 2009 3710 2.
2036 3653 2099 3709 In
2127 3654 2503 3716 Catechetico,
2553 3656 2648 3721 IX,
2677 3657 2748 3721 5;
2783 3657 2853 3722 X,
2889 3658 2946 3713 8.

374 3758 433 3811 S.
466 3755 743 3809 ﬂii-rothei
776 3753 956 3805 divina
987 3749 1275 3817 principia,
1310 3746 1422 3811 VII,
1456 3747 1491 3799 2
1520 3746 1538 3815 (
1568 3760 1637 3799 ex
1670 3742 1928 3812 Dionysio
1958 3745 2230 3814 Areopag.
2269 3743 2328 3809 );
2367 3745 2555 3813 hymni
2590 3745 2864 3809 amatorii,
2908 3745 3049 3813 VIII,
3083 3748 3137 3803 1.

369 3845 612 3899 Joannes
639 3842 1031 3904 Damascenus,
1064 3839 1149 3895 IIl.
1177 3840 1243 3903 ὃς
1267 3838 1329 3897 V.
1361 3838 1443 3900 9‘;
1470 3835 1559 3897 VI,
1585 3834 1653 3898 6;
1680 3831 1797 3897 VII,
1827 3832 1852 3885 1
1882 3848 1898 3896 ;
1936 3829 2071 3895 VIII,
2105 3830 2211 3894 III;
2246 3829 2338 3891 IX,
2378 3831 2446 3895 I;
2490 3832 2560 3893 X.
2595 3832 2648 3892 I.
2680 3832 2737 3895 2,
2774 3834 2829 3887 3.
2859 3834 3192 3905 Theologus,
3227 3833 3315 3899 111,
3343 3834 3415 3898 7;
3453 3836 3548 3899 IV,

304 3934 369 3998 8';
418 3931 556 3991 VIII,
594 3931 652 3984 2.
684 3929 1093 3989 Divinissimns,
1131 3926 1218 3988 VI,
1261 3925 1314 3978 4.
1352 3926 1407 3980 In
1455 3921 2016 3991 transligurationem,
2048 3917 2139 3979 VI.
2174 3920 2228 3972 4.
2260 3919 2451 3988 Capite
2504 3921 2573 3973 de
2603 3919 2896 3986 Trinitate,
2941 3920 3033 3985 IX,
3063 3924 3117 3977 9.
3153 3922 3298 3977 Libri
3362 3938 3421 3976 III
3475 3924 3544 3975 de

300 4023 604 4077 orthodoxa
634 4018 762 4079 ﬁde,
786 4028 949 4086 eaput
974 4015 1062 4079 I2,
1095 4014 1157 4079 V,
1181 4014 1255 4077 9;
1285 4022 1451 4082 caput
1476 4010 1567 4069 62".
1602 4009 1688 4070 III,
1719 4009 1792 4071 4;
1834 4014 1998 4077 caput
2022 4006 2114 4071 63,
2158 4004 2250 4071 IX,
2283 4007 2338 4062 4.
2382 4006 2609 4062 Canone
2640 4007 2693 4061 in
2739 4011 3304 4079 transligurationetn,
3346 4008 3438 4077 Vl,
3481 4009 3534 4063 7.

300 4109 573 4164 Sermone
604 4105 864 4172 inscripto
886 4105 952 4156 de
988 4100 1412 4172 proprietatibus
1442 4097 1673 4159 Christi,
1706 4094 1778 4159 Χι,
1810 4096 1867 4151 4.

365 4218 433 4273 S.
466 4216 748 4273 Justinus.
781 4212 1141 4281 philosophus
1171 4218 1233 4264 et
1255 4220 1482 4279 martyr,
1536 4206 1674 4272 VIII,
1706 4207 1795 4262 10.
1832 4207 2091 4264 Oratione
2145 4210 2214 4265 de
2246 4220 2393 4266 recta
2424 4209 2794 4275 confessione,
2853 4211 2984 4279 VIII,
3021 4215 3069 4277 I,
3106 4214 3156 4269 8.
3192 4214 3247 4269 In
3302 4215 3367 4270 iis
3420 4230 3546 4284 qua:

294 4306 531 4362 Pbotius
558 4302 864 4372 patriarcha
896 4316 961 4354 ex
1006 4316 1070 4353 eo
1105 4299 1318 4362 recitat,
1352 4297 1447 4357 IX.
1486 4297 1540 4351 4'.

361 4396 613 4449 Sanctus
639 4392 847 4454 Iustus,
884 4389 951 4451 V,
985 4388 1039 4441 8.
1082 4386 1159 4440 Ex
1192 4386 1453 4456 Dionysio
1478 4400 1526 4439 c.
1566 4385 1653 4451 II,
1689 4385 1764 4438 De
1795 4384 1993 4438 divinis
2025 4384 2353 4439 nominibus.

360 4483 381 4552 (
408 4481 671 4535 Leontius
711 4477 837 4547 Byz.
869 4487 1057 4530 contra
1090 4474 1617 4541 Aphtltartorlocetas,
1649 4475 1847 4526 citatur
1876 4473 1931 4525 in
1958 4473 2171 4526 scholiis
2205 4473 2462 4528 Τωτὶαηὶ
2496 4477 2567 4529 ad
2608 4474 2777 4542 Vlll,
2804 4479 2857 4541 9,
2906 4488 3094 4530 auctor
3140 4481 3410 4534 eruditiss.
3448 4480 3540 4534 lib.

285 4570 501 4627 Contra
536 4564 849 4618 Nestorium
867 4574 915 4616 et
947 4561 1240 4631 Eutychen,
1268 4560 1339 4613 ad
1366 4558 1471 4623 IX,
1503 4560 1561 4616 9.
1591 4561 1610 4631 )

358 4682 380 4750 (
417 4676 647 4733 llanuci
672 4674 913 4736 Calecas,
938 4673 1076 4726 libro
1118 4673 1193 4726 De
1216 4672 1483 4728 Trinitate
1505 4670 1704 4725 citatur
1733 4671 1786 4723 in
1822 4669 2077 4724 Turriani
2113 4673 2350 4735 scholiis,
2390 4674 2469 4725 ad.
2494 4673 2557 4737 X,
2592 4674 2739 4742 40‘)-

363 4769 431 4822 S.
474 4764 746 4818 Maximus
781 4761 1099 4831 adbionys.
1150 4760 1567 4830 Areopagitam,
1610 4758 1652 4821 I,
1685 4759 1750 4823 I;
1795 4757 1881 4819 ΙΙΙ,
1914 4759 1969 4823 8,
2014 4760 2070 4823 9,
2114 4772 2235 4815 etc-
2269 4762 2668 4831 Explanatione
2730 4763 2916 4818 subtili
2972 4765 3328 4833 precationis,
3380 4768 3543 4823 Pater

288 4866 504 4919 noster,
565 4850 656 4912 IX,
691 4852 742 4904 5.
783 4851 837 4903 In
866 4849 1209 4917 theologicis,
1249 4847 1313 4912 Il,
1350 4850 1405 4912 5,
1439 4848 1496 4912 4,
1521 4849 1574 4913 6,
1609 4849 1661 4911 7,
1695 4848 1763 4913 9;
1802 4844 1890 4911 Vl,
1923 4846 1978 4900 9.
2003 4846 2277 4901 Centuria:
2316 4865 2351 4908 ι,
2386 4851 2566 4916 capite
2597 4850 2848 4919 septimo,
2900 4848 2966 4913 X,
3022 4850 3076 4904 9.
3122 4853 3309 4922 Capite
3363 4856 3431 4910 58
3488 4867 3543 4910 ct

290 4944 364 4999 39
404 4939 671 4997 centuria:
697 4938 918 5007 quium,
949 4935 1059 4995 VII.
1091 4936 1143 4989 5.
1176 4937 1324 5003 Disp.
1370 4946 1577 4990 contra.
1605 4936 1893 5006 Pyrrhum,
1935 4934 2023 4999 III,
2058 4936 2129 5000 5.;
2177 4936 2343 5001 V,.9;
2376 4935 2445 4996 X.
2485 4938 2539 4991 4.
2570 4938 2625 4989 In
2654 4938 2942 4991 sententiis
2973 4939 3219 5008 Gregorii
3272 4943 3537 5011 theologi,

296 5030 391 5089 III,
435 5028 507 5087 2;
550 5025 680 5083 VIII,
732 5024 778 5077 I.
834 5022 1220 5091 Spl-cnlatione
1245 5023 1419 5092 magis
1449 5021 1672 5075 dilatata
1708 5023 1774 5077 de
1816 5023 2327 5090 transﬁgurationc,
2352 5023 2437 5088 Vl,
2468 5023 2522 5078 5.
2573 5024 2808 5081 Basilius
2843 5026 3118 5082 adnotatis
3146 5043 3175 5081 a
3211 5028 3267 5082 S.
3299 5029 3539 5084 Maximo

300 5119 370 5169 de
411 5114 633 5179 energia
662 5121 846 5166 contra
892 5111 1300 5176 Monothelitas,
1346 5108 1432 5174 III,
1476 5110 1529 5163 4.
1570 5108 1755 5171 Libro,
1790 5109 1933 5178 quod
1971 5110 2024 5163 in
2055 5111 2277 5165 Christo
2309 5121 2393 5166 cst
2431 5128 2637 5179 rerum,
2679 5112 2841 5166 idest
2875 5114 3335 5176 substantiarum.
3378 5118 3536 5172 ditl'e-

308 5206 507 5263 rentia,
532 5199 599 5261 Χ,
633 5200 683 5253 8.
721 5200 909 5268 Capite
937 5199 971 5253 9
1000 5200 1262 5253 centuriae
1314 5209 1526 5268 quarta:
1557 5199 1623 5252 de
1675 5200 1961 5262 charitate,
2010 5199 2119 5264 VII,
2172 5199 2221 5252 9.
2268 5199 2321 5252 In
2359 5201 2620 5255 centuriis
2661 5202 3007 5269 theologicis,
3059 5212 3270 5257 centur.
3321 5220 3404 5265 tu,
3444 5220 3535 5258 ca-

306 5292 414 5361 pite
444 5292 624 5349 tertio,
655 5287 721 5350 X,
745 5291 811 5352 8;
853 5296 1074 5356 quarto,
1106 5286 1171 5349 X,
1216 5287 1285 5350 7;
1326 5285 1582 5354 septimo,
1616 5284 1724 5348 VII,
1772 5286 1869 5349 I0;
1890 5301 2013 5353 cap.
2049 5285 2139 5345 42,
2172 5287 2300 5339 ibid.
2329 5302 2347 5348 ,'
2379 5287 2622 5339 canturia
2658 5288 2851 5354 prima,
2887 5303 3007 5357 cap.
3041 5290 3095 5350 2,
3140 5288 3273 5351 VIII,
3313 5290 3376 5354 I;
3406 5306 3531 5359 cap.

312 5378 401 5443 '55,
442 5376 577 5436 VIII,
614 5378 680 5438 4;
717 5393 836 5444 cap.
878 5377 910 5429 6
978 5378 1149 5429 tertia:
1188 5376 1467 5435 centuriae,
1513 5373 1647 5436 VIII;
1690 5376 1745 5428 2.
1788 5375 1988 5428 Octava
2022 5374 2301 5434 Centuria,
2341 5391 2472 5442 cap.
2505 5374 2595 5434 88,
2646 5373 2774 5437 \‘lll,
2815 5376 2891 5438 4;
2936 5392 3053 5444 cap.
3120 5375 3209 5439 87,
3273 5374 3418 5440 VIII,
3475 5378 3531 5431 5.

319 5465 536 5519 Centnr.
572 5480 629 5517 III
669 5465 735 5517 de
760 5464 1049 5528 charitate,
1082 5480 1205 5533 cap.
1244 5464 1333 5527 2|,
1381 5462 1512 5527 VIII,
1556 5464 1624 5527 5;
1673 5478 1795 5531 cap.
1838 5462 1929 5524 27,
1975 5460 2110 5525 VIII,
2142 5462 2212 5523 7;
2265 5477 2385 5528 cap.
2426 5462 2517 5526 29,
2567 5462 2698 5523 VIII,
2736 5466 2790 5518 9.
2845 5463 3113 5517 Centurio
3150 5479 3223 5522 νι.
3269 5479 3391 5532 cap.
3436 5464 3531 5531 84,

323 5549 448 5613 VIII,
490 5551 544 5607 6.
586 5553 835 5607 Centuria
869 5569 946 5618 tv,
985 5567 1105 5623 cap.
1160 5552 1264 5606 Ict
1298 5551 1352 5615 4,
1384 5549 1477 5616 IX,
1515 5552 1612 5617 40;
1646 5567 1766 5621 cap.
1808 5552 1861 5619 8,
1894 5552 1963 5616 Χ,
2006 5550 2025 5604 1
2063 5568 2076 5617 ;
2129 5550 2493 5604 adnotatione
2536 5552 2875 5604 extrinsecus
2932 5551 3105 5619 posita
3164 5550 3229 5604 ad
3291 5560 3453 5621 caput
3499 5554 3536 5606 2

325 5638 584 5694 Centuria:
608 5640 811 5709 prima,
854 5641 920 5706 X,
954 5641 1007 5695 4.
3526 5656 3527 5663 ‘

391 5746 585 5804 Phaedo
618 5749 986 5820 philosophus,
1032 5748 1172 5805 infra
1204 5750 1257 5805 in
1301 5750 1534 5821 synodo.
