3956 6194
378 284 413 352 7
430 289 480 347 Π
1642 312 1643 315 η
1842 291 2102 352 ΝΟΤΙΤΙ
2120 296 2179 356 1.
3519 288 3636 356 ’198

374 394 407 447 p
459 372 576 428 176.
617 371 809 441 incipit
840 390 852 427 :
911 372 1051 443 Ἐγὼ
1076 374 1173 443 μὲν
1210 374 1352 445 ὑμᾶς
1403 376 1562 446 ᾤμην
1597 377 1659 427 ὲκ
1694 379 1915 445 μακρᾶς

2048 380 2283 451 ιδημίας.
2325 379 2539 454 (Fiam)
2571 380 2743 437 Paris.
2791 380 2844 435 in
2887 379 3021 437 bibl.
3063 378 3215 450 pubi.
3269 378 3390 433 cod.
3446 378 3610 445 ΙΞἩῖν

376 482 427 518 ιι.
464 466 517 517 5.
554 461 780 531 t’llAuL.)

448 553 531 605 t9.
580 550 925 604 Theoretnata
960 549 1172 615 Ethica,
1220 550 1469 621 Physica,
1518 550 1830 622 Theologica
1864 565 2021 622 atque
2057 561 2307 621 excerpta
2346 569 2375 607 e
2407 554 2569 608 variis
2604 553 2937 608 auctoribus.
2972 552 3177 617 Labbe,
3226 569 3280 622 p.
3334 550 3430 617 ΞΕ),
3483 552 3623 606 bibl.

371 656 532 694 novae
564 654 697 696 mss.

442 729 532 782 20.
574 730 707 797 Περὶ
743 729 1125 799 ἐπισημασιῶν
1159 730 1486 798 ἐγκυκλίων·
1526 729 1902 799 litterpret'ttia
1930 731 2004 796 sig

2069 728 2377 794 ﬁcationum
2416 726 2909 780 circumvolutionis
2938 728 3199 791 siderum,
3246 742 3374 790 ms..
3422 726 3475 780 in
3526 740 3626 779 co-

372 822 493 876 dice
524 822 715 874 mutilo
747 820 1003 874 Lambec.
1042 818 1110 882 ν,
1144 836 1267 888 pag.
1301 820 1390 876 97.
1423 820 1690 887 (Ρλιιιιιο.)
1733 822 1790 873 S.
1830 838 1880 875 n.
1923 821 1934 871 ε

1481 821 1690 885 nunc.)
1733 822 1790 873 S.
1830 838 1880 875 ιι.
1923 818 2047 876 207.
2085 815 2285 868 Kollar.
2321 830 2374 866 n.
2401 828 2460 873 ιι.
2497 815 2620 867 col.
2655 804 2782 867 238'.
2816 815 3043 883 (iisne)

441 907 533 960 2|.
578 906 772 973 Capita
808 908 1043 960 Ascetica
1074 905 1140 958 40
1175 904 1468 967 Philothci.
1520 908 1771 959 monachi
1803 906 2025 960 Sinaita:
2059 920 2159 956 ms.
2197 903 2248 955 in
2283 901 2411 955 bibl.
2448 900 2691 953 Cresarea
2724 913 2775 952 et
2806 901 2949 968 regis
2985 900 3189 954 Gallor.
3225 898 3482 961 Lambec.
3534 899 3626 966 IV,

373 1011 497 1064 pag.
539 996 678 1057 145;
722 994 784 1053 ν.
819 1009 940 1062 pag.
975 993 1041 1047 69
1064 994 1128 1062 (t)
1160 992 1429 1058 Labbeus,
1468 1010 1586 1062 pag.
1625 994 1707 1047 95.
1734 995 1865 1047 bibl.
1932 1008 2090 1045 novae
2153 1006 2285 1043 mss.
2340 988 2662 1058 Fragmenta
2705 1004 3003 1055 sermalmm
3040 990 3413 1049 asreticorum,
3460 986 3621 1041 Lam-

376 1084 493 1136 bec.
530 1080 593 1145 V,
618 1097 741 1150 pag.
770 1081 858 1134 99.
894 1078 1110 1151 (Fuit)
1149 1080 1277 1135 Sive
1314 1098 1363 1149 p.
1394 1083 1520 1143 210,
1569 1081 1709 1134 Koll.
1750 1098 1803 1133 n.
1845 1080 1933 1140 20,
1967 1077 2089 1132 cod.
2123 1077 2249 1133 258.
2290 1106 2359 1117 --
2401 1076 2580 1129 Paris.
2614 1075 2667 1128 in
2714 1076 2845 1128 bibl.
2880 1076 3029 1145 pubi.
3058 1075 3220 1129 codd.
3264 1075 3426 1137 1091,
3482 1090 3537 1130 n.
3597 1076 3630 1128 8

378 1176 463 1231 (ac
490 1185 548 1222 ιι.
579 1171 611 1223 9
646 1177 824 1221 exstat
864 1181 1100 1237 sequens
1136 1172 1362 1233 sermo),
1406 1178 1571 1235 atjue
1629 1169 1787 1230 ll“,
1846 1184 1903 1221 n.
1948 1166 2002 1227 5,
2044 1166 2226 1235 capita
2267 1164 2553 1218 nonnulla.
2609 1162 2858 1232 Sequens
2894 1180 3099 1227 sermo,
3142 1173 3198 1216 et
3225 1164 3369 1217 alius
3395 1163 3458 1214 de
3493 1162 3627 1214 bello

371 1256 642 1319 spirituali
673 1255 735 1323 (l'.
767 1255 1140 1321 intellectuali)
1181 1255 1435 1323 leguntur
1500 1268 1720 1324 quoque
1758 1255 1810 1308 in
1841 1254 1970 1307 bibl.
2008 1252 2219 1306 Bodlui.
2256 1251 2381 1303 cod.
2417 1250 2622 1304 Oliver.
2651 1250 2957 1304 Cromwelli
2986 1251 3107 1315 111,
3138 1267 3191 1304 ιι.
3216 1249 3285 1303 25
3310 1260 3362 1303 et
3395 1250 3485 1309 26.
3516 1251 3631 1302 sive

374 1344 500 1396 290.
532 1342 655 1396 Cat.
688 1358 791 1396 nis.
826 1342 1031 1412 Anglia:
1058 1353 1167 1395 etc.
1200 1343 1305 1396 sub
1348 1342 1571 1395 nomine
1596 1341 1869 1395 Philothei
1907 1340 2180 1393 monachi.
2214 1336 2436 1406 (ῐιιιιι.)

442 1431 534 1483 εξ.
582 1428 657 1484 De
681 1432 956 1498 praceptis
998 1430 1214 1483 Domini
1244 1431 1480 1497 capitula
1506 1432 1566 1485 ﬁl
1591 1472 1603 1490 .
1640 1434 1755 1487 sive
1788 1445 1969 1483 sermo
1997 1429 2004 1480 1

2067 1429 2131 1497 ,ρὶ
2156 1426 2262 1478 τῶν
2293 1425 2542 1485 ἐντολῶν,
2574 1425 2714 1494 quod
2764 1425 3005 1479 custodia
3059 1425 3233 1477 cordis
3277 1423 3629 1477 observantur

375 1528 639 1586 pracepta
672 1517 739 1574 υ.
782 1516 858 1571 Ν.
891 1518 1018 1573 Iesu
1052 1518 1277 1583 Christi,
1318 1535 1420 1574 uis.
1457 1520 1527 1574 id.
1575 1519 1638 1578 ν.
1672 1535 1795 1587 pag.
1822 1518 1909 1573 69.

2067 1535 2093 1567 ι.
2128 1513 2252 1574 150,
2282 1529 2335 1566 n.
2378 1511 2461 1571 H.
2496 1510 2847 1581 Κο11.]11ιιιιε
2877 1511 3065 1565 Grmce
3090 1521 3139 1563 et
3164 1511 3359 1563 Latine
3376 1509 3550 1563 edidit
3574 1518 3629 1563 et

378 1615 574 1673 pra'ter
600 1620 714 1659 rem
745 1605 1066 1674 antiquiori,
1101 1606 1289 1660 nescio
1336 1607 1446 1669 cui,
1500 1604 1790 1661 Philotheo
1839 1606 1990 1659 velut
2039 1618 2105 1656 ex
2160 1601 2349 1655 codice
2381 1600 2486 1654 500
2517 1615 2783 1653 annorum
2820 1601 3009 1653 tribuit
3042 1599 3234 1653 Petrus
3271 1599 3537 1653 Pessinus
3573 1598 3628 1651 in

379 1692 650 1747 Thesauro
699 1695 949 1758 ascetica,
1005 1709 1127 1762 pag.
1177 1695 1302 1755 516.
1349 1696 1525 1750 Paris.
1583 1694 1741 1761 1681,
1787 1696 1839 1749 4.
1892 1692 1941 1761 (ι

2071 1692 2109 1758 .)
2144 1690 2199 1741 lu
2240 1687 2373 1740 diss.
2413 1688 2431 1739 1
2498 1697 2678 1739 tamen
2713 1686 2960 1756 subjecta
2994 1687 3157 1741 Cavei
3198 1687 3335 1740 Ilist.
3367 1686 3477 1739 litt.
3521 1686 3628 1741 SS.

379 1778 526 1834 Eccl.
568 1796 619 1849 p.
657 1780 745 1844 17,
779 1781 1039 1835 tribuitur
1066 1782 1155 1835 ille
1185 1797 1368 1836 sermo
1393 1799 1515 1837 cum
1565 1783 1796 1836 Possiuo
1826 1782 1919 1835 alii
1951 1779 2244 1850 antiquiori
2280 1776 2592 1841 Philotbeo,
2646 1776 2835 1830 Sancti
2884 1779 3111 1831 nomine
3150 1778 3437 1846 insignito,
3492 1794 3632 1846 quo-

379 1870 524 1919 nam
554 1868 670 1934 ipse
699 1868 870 1922 codex
902 1883 1002 1921 ms.
1035 1870 1179 1922 unde
1199 1872 1533 1937 desutnptus
1564 1879 1647 1923 est
1671 1885 1873 1930 sermo.
1897 1883 2165 1922 annorum
2196 1866 2386 1920 saltem
2422 1865 2527 1919 500
2557 1873 2771 1918 a-tatem
2828 1882 2937 1935 pra:
2992 1882 3051 1919 se
3084 1866 3243 1919 ferat.
3278 1866 3455 1935 (llsst.
3484 1867 3500 1929 )

452 1952 746 2024 [Philothei
779 1954 937 2007 (IPol.
967 1970 1220 2024 parerga,
1255 1956 1464 2026 scripta
1499 1973 1595 2025 per
1634 1956 1902 2010 Joannem
1930 1953 2145 2015 Jonani,
2202 1953 2475 2016 Grzecmn,
2528 1954 2580 2007 in
2614 1954 2745 2006 bibl.
2768 1954 2913 2022 regis
2949 1952 3137 2008 Gallia:
3179 1969 3230 2008 a.
3275 1953 3337 2006 υ.
3368 1952 3537 2019 172ος
3576 1951 3634 2008 in

378 2042 501 2097 cod.
530 2038 735 2095 Hallei.
782 2039 844 2095 V.
865 2042 981 2096 Cat.
1010 2043 1209 2098 libror.
1247 2060 1383 2097 mss.
1419 2044 1551 2099 bibl.
1580 2042 1781 2096 llarlei.
1816 2060 1871 2099 ιι.
1901 2042 2063 2097 5616.
2098 2038 2322 2110 (Ιιιιιι.)

449 2129 729 2203 [Adversus
786 2130 1050 2196 L'ttinos;
1098 2133 1316 2185 I’au.in.
1372 2132 1426 2186 in
1457 2133 1584 2188 cod.
1644 2133 1813 2201 Regio
1844 2132 1938 2186 151
1980 2133 2011 2185 ﬁ

2083 2171 2098 2197 ,
2127 2131 2235 2185 inc.
2303 2129 2616 2200 Ἦγούμεθα.
2647 2129 2757 2182 δεῖν
2792 2130 2930 2201 πρὸς
2963 2131 3231 2195 Λατίνους
3272 2130 3632 2199 ποιουμένους

378 2216 472 2269 τὸν
497 2218 675 2283 λόγον.
722 2216 785 2271 γ.
808 2229 917 2272 cat.
942 2218 1103 2272 codd.
1138 2217 1235 2273 Gr.
1278 2218 1445 2273 Taur.
1479 2235 1532 2287 p.
1574 2220 1701 2275 212.
1740 2218 1986 2291 (11ιιιι.)]

458 2302 739 2375 [Epistula
773 2304 841 2358 ad
888 2304 1029 2365 illos,
1061 2308 1155 2374 qui
1186 2306 1239 2359 in
1278 2306 1469 2375 aliqua
1502 2315 1774 2375 potestate
1797 2306 2108 2369 constituti,
2149 2306 2295 2359 nulla
2334 2306 2516 2375 legum
2550 2304 2763 2360 ratione
2797 2304 3006 2372 habita,
3041 2307 3094 2361 in
3153 2306 3359 2362 alienas
3407 2322 3633 2373 posses-

379 2392 564 2447 siones
602 2392 941 2446 involabant.
983 2392 1096 2447 Inc.
1126 2394 1266 2457 Τοὺς
1300 2395 1399 2460 μὲν
1430 2394 1705 2464 πονηροὺς
1736 2395 1843 2446 τῶν
1872 2395 1941 2463 ἀρ

2068 2412 2171 2449 των.
2209 2394 2380 2448 Paris.
2404 2395 2457 2447 in
2494 2394 2625 2447 bibl.
2658 2393 2809 2461 puhl.
2851 2395 2975 2448 cod.
3000 2393 3161 2454 l276.
3195 2410 3252 2448 ιι.
3278 2394 3332 2449 4.
3384 2394 3630 2468 (11Αιιι.)]

458 2480 804 2553 [Pbilotbens
836 2482 976 2536 alius
1002 2482 1328 2545 Acbillinus.
1364 2484 1714 2538 consiliarius
1742 2484 1944 2552 regius,
1965 2482 2122 2549 cujus
2157 2483 2430 2535 somnium
2457 2480 2705 2535 viridarii
2741 2481 2808 2535 de
2848 2480 3233 2548 iurisdictione
3265 2482 3414 2551 regia
3444 2492 3497 2537 et
3541 2498 3633 2536 sa-

379 2568 639 2623 cerdotali
672 2568 938 2637 scriptum
988 2584 1132 2623 anno
1164 2564 1303 2624 1371
1339 2570 1529 2626 Latine
1568 2571 1811 2640 vulgavit
1859 2570 2152 2625 Goldastus
2215 2568 2273 2623 in
2324 2568 2641 2624 Monarcbia
2698 2570 2756 2624 S.
2811 2570 3043 2625 Romani
3098 2570 3335 2639 imperii.
3403 2580 3553 2623 torno
3591 2571 3634 2633 l,

382 2652 589 2709 llanov.
626 2653 885 2709 16121⁵01.
923 2657 1001 2726 (tt)
1034 2655 1248 2725 (ΙΓΑιιιι.)
1281 2655 1362 2728 [In
1394 2655 1691 2712 Montl‘auc.
1726 2656 1866 2711 Bibl.
1901 2657 1944 2712 bi

2068 2660 2154 2713 th.
2187 2675 2321 2713 mss.
2351 2676 2402 2728 p.
2439 2658 2576 2714 1400
2606 2658 2668 2722 E.
2708 2668 3047 2713 memoratur
3090 2660 3211 2714 cod.
3236 2658 3370 2713 bibl.
3400 2658 3630 2714 Taurin.

386 2742 477 2810 qui
501 2742 741 2796 continet
766 2742 1031 2811 scriptum
1057 2741 1333 2798 Philothei
1366 2744 1746 2799 Alexandrini.
1784 2745 1921 2799 Num
1943 2746 1988 2799 is
2018 2745 2181 2799 fuerit
2211 2746 2525 2810 patriarcha
2588 2744 3022 2808 Alexandrinus,
3081 2746 3243 2809 cujus
3294 2745 3355 2798 lit
3426 2748 3635 2800 mentio

387 2828 528 2883 inira
571 2829 625 2882 in
664 2829 773 2883 vol.
810 2828 901 2890 XI.
940 2844 992 2898 p.
1043 2829 1170 2891 680,
1232 2840 1353 2885 vet.
1401 2832 1487 2885 ed.
1545 2834 1772 2886 delinire
1818 2848 1925 2887 non
1966 2833 2164 2886 audeo.
2220 2831 2295 2887 De
2322 2833 2425 2885 hoc.
2458 2842 2641 2885 autem
2682 2832 2927 2896 homine,
2966 2832 3201 2885 luxuriei
3234 2832 3441 2896 dedito,
3481 2831 3635 2887 conf.

384 2915 545 2971 Cavei
584 2915 728 2971 Hist.
760 2917 867 2972 litt.
899 2916 999 2971 SS.
1032 2917 1178 2973 Eccl.
1211 2916 1276 2983 ll,
1310 2935 1362 2987 p.
1397 2920 1521 2983 H5,
1556 2922 1619 2974 ad
1645 2937 1696 2975 a.
1726 2922 1852 2976 995.
1887 2919 2017 2987 Ejus
2060 2926 2300 2986 quatuor
2345 2922 2472 2973 voll.
2526 2933 2761 2988 quorum
2810 2917 3223 2987 inscriptiones.
3286 2934 3351 2972 ex
3406 2920 3631 2973 arabico

390 3006 703 3065 translatas.
731 3007 909 3076 posuit
940 3004 1174 3068 Caveus.
1207 3005 1415 3059 dudum
1458 3009 1683 3074 periisse
1709 3010 1982 3063 videntur.
2037 3009 2180 3064 Idem
2232 3024 2329 3079 pro
2384 3020 2536 3064 certo
2595 3008 2869 3061 allii-mare
2903 3024 3010 3062 non
3048 3009 3235 3071 audet,
3271 3024 3402 3061 num
3445 3023 3635 3062 sermo

390 3092 674 3156 Philothei,
698 3092 761 3145 de
784 3092 1051 3146 mandatis
1086 3092 1298 3145 Domini
1330 3095 1498 3145 nostri
1526 3094 1582 3148 J.
1619 3092 1747 3149 Chr.
1788 3096 1939 3150 illum
1966 3098 2392 3154 Alexamlriuum
2430 3099 2686 3153 habuerit
2714 3109 3016 3166 parentem.
3050 3097 3375 3152 Ediditeum
3414 3096 3474 3157 P.
3498 3099 3638 3151 Pos-

388 3180 543 3235 sinus
567 3180 663 3235 Gr.
699 3193 753 3235 et
775 3180 894 3234 Lat.
927 3182 980 3234 in
1012 3181 1299 3235 Asceticis.
1337 3180 1584 3255 (11.ιιιι..)]

463 3269 481 3339 ι
514 3268 852 3327 Pbilotlieus.
886 3270 1153 3323 medicus.
1177 3268 1241 3323 V.
1273 3269 1413 3323 infra
1451 3274 1561 3324 vni.
1602 3272 1716 3339 ΧΙΙ,
1745 3289 1800 3343 p.
1830 3275 1935 3329 617
1965 3284 2017 3329 et
2044 3274 2182 3341 669;
2226 3285 2279 3329 et
2301 3274 2438 3338 lel,
2469 3292 2519 3344 p.
2555 3274 2684 3329 569.
2724 3305 2793 3316 —-
2836 3274 2911 3327 Ad
2937 3275 2971 3325 l.
3002 3273 3257 3328 Latnhec.
3284 3272 3378 3334 Vl.
3406 3283 3547 3341 part.
3572 3291 3634 3336 ιι,

390 3371 441 3423 p.
470 3356 574 3410 357
613 3371 730 3425 seq.
758 3386 824 3397 -—
848 3355 1166 3411 Philotheus
1194 3356 1268 3412 De
1292 3359 1462 3412 urinis
1489 3360 1547 3413 in
1582 3365 1702 3415 col.
1735 3361 1951 3417 Mediol.
1982 3364 2110 3417 bibl.
2146 3365 2404 3419 Ambros.
2465 3373 2602 3418 teste
2656 3362 2958 3417 Moutl'auc.
2995 3363 3048 3416 in
3115 3362 3255 3417 Bibl.
3316 3364 3443 3416 bibl.
3504 3380 3635 3418 mss.

390 3458 443 3513 p.
477 3444 581 3498 505
605 3443 672 3497 E.
717 3442 977 3516 (11.1ιιι..)]

462 3530 482 3603 [
512 3530 849 3595 Philothens,
878 3531 1199 3586 monachus.
1234 3530 1544 3603 Mosqmein
1570 3534 1699 3589 bibl.
1737 3538 2086 3607 typographei
2113 3540 2305 3610 synod.
2331 3541 2454 3595 cod.
2488 3540 2556 3594 δί)
2585 3549 2785 3603 exstat,
2852 3539 3086 3592 docente
3132 3538 3368 3592 Mattlrri
3400 3537 3451 3590 in
3500 3536 3630 3592 Not.

388 3620 551 3674 codd.
590 3619 687 3675 Gr.
730 3620 900 3690 Hosq.
962 3637 1017 3689 p.
1060 3622 1191 3686 517,
1235 3638 1289 3675 ιι.
1333 3623 1402 3677 ‘28
1448 3641 1461 3677 :
1504 3624 1783 3689 Φιλοοέου,
1846 3643 1945 3694 μον

2076 3630 2083 3676 i
2149 3628 2315 3697 μονῆς
2383 3629 2481 3695 τῆς
2550 3627 2854 3695 ὑπεραγίας
2904 3625 3170 3677 Θεοτόκου
3201 3626 3299 3691 τῆς
3358 3625 3522 3693 βάτου
3580 3626 3638 3677 ὲν

388 3709 541 3779 Σινᾷ.
584 3710 712 3779 περὶ
762 3709 853 3762 τοῦ
906 3709 1202 3780 τριμεροῦς
1263 3713 1362 3782 τῆς
1420 3712 1598 3782 ψυχῆς
1648 3716 1914 3783 καὶπερὶ
1980 3715 2193 3784 νήψεως
2258 3716 2351 3768 καὶ
2410 3714 2596 3783 εὐχῆς.
2661 3713 2770 3769 Inc.
2829 3714 2887 3765 '0
2915 3714 3193 3781 μακάριος
3250 3715 3278 3764 ὁ
3337 3712 3639 3773 ἀπόστολος

390 3796 625 3859 Παῦλος.
656 3796 719 3848 Et
754 3812 808 3850 ιι.
840 3796 927 3856 29.
960 3796 1201 3863 ejusdem
1230 3798 1364 3870 Περὶ
1390 3801 1671 3869 τηρήσεως
1698 3801 1789 3853 νοῦ
1823 3804 1914 3854 καὶ
1959 3799 2485 3871 ταπεινοφροσύνης·
2533 3801 2647 3853 init.
2692 3819 2704 3853 :
2754 3799 2990 3850 Βλέπετε
3028 3802 3123 3851 καὶ
3152 3799 3337 3867 ὁρᾶτε,
3394 3800 3561 3867 φησὶν
3611 3801 3641 3851 ὁ

388 3882 613 3953 Κύριος.
661 3886 857 3952 μήπως
921 3883 1288 3952 βαρυνθὼσιν.
1334 3915 1404 3927 --
1446 3888 1498 3940 In
1536 3888 1658 3939 cod.
1698 3886 1946 3942 Naniano

2093 3898 2458 3954 suntquoque
2493 3886 2729 3939 Ascetica
2776 3885 3073 3949 Philothei,
3126 3886 3369 3937 monachi
3445 3900 3636 3960 mona-

388 3974 537 4023 sterii
579 3969 942 4025 Sanctissimae
986 3971 1228 4041 Deiparw
1290 3972 1414 4026 Βαιιὶ
1475 3989 1519 4027 s.
1565 3975 1706 4028 rubi.
1740 3973 1854 4030 Inc.
1906 3977 1950 4028 "(

2100 3974 2180 4035 ei;
2230 3972 2467 4041 Χριστὸν
2520 3972 2935 4041 ἐϐαπτίσθημεν
2968 3974 3108 4025 κατὰ
3162 3972 3250 4023 τὸν
3285 3972 3430 4023 θεῖον
3470 3972 3629 4024 ’Λπὼ

394 4058 579 4110 στολον
604 4074 617 4087 ·
650 4068 761 4110 tum
799 4070 1104 4127 sequuntur
1150 4068 1255 4111 tres
1308 4060 1399 4113 alii
1463 4060 1707 4129 ejusdem
1768 4077 2071 4115 sermones.
2107 4058 2169 4113 ν.
2201 4058 2317 4113 Cat.
2350 4059 2508 4112 codd.
2549 4059 2642 4114 Gr.
2678 4059 2817 4113 Nan.
2853 4074 2903 4126 p.
2941 4059 3067 4113 185.
3117 4058 3295 4127 Atque
3346 4058 3641 4127 Miugarel-

392 4142 498 4199 lius
533 4145 664 4198 ibid.
692 4160 755 4199 ex
788 4146 960 4214 primo
985 4160 1239 4199 sermone
1274 4147 1572 4216 longiorem
1605 4147 1785 4201 locum
1823 4148 2141 4218 exscripsit.
2172 4157 2225 4201 et
2254 4146 2572 4215 provocavit
2604 4146 2669 4199 ad
2725 4145 2985 4199 Lamhee.
3029 4145 3190 4215 paulo
3222 4155 3347 4199 ante
3369 4150 3435 4197 ad
3478 4162 3534 4202 ιι.
3570 4144 3634 4198 τι

387 4232 499 4302 jam
524 4232 773 4286 citatum.
804 4232 1097 4286 Auctorem
1130 4232 1295 4301 igitur
1320 4234 1394 4286 illi
1424 4250 1706 4288 sermones
1750 4235 1947 4288 habere
1973 4236 2225 4289 videntur
2253 4233 2623 4297 Pb'dotbenm,
2659 4234 3027 4304 patriarcbam
3067 4233 3281 4288 CPolit.
3318 4233 3411 4301 qui
3443 4233 3497 4287 in
3537 4233 3643 4285 ali-

392 4327 522 4387 quot
548 4319 710 4372 codd.
744 4321 1030 4373 monachus
1061 4317 1277 4373 Sinaita
1314 4322 1476 4372 etiam
1512 4332 1759 4375 Vocatur.
1792 4321 2032 4392 dium.”

461 4405 827 4477 [Philotheus,
879 4407 1323 4475 archiepiscopus
1382 4408 1823 4477 Selymbrieusis,
1875 4410 2033 4478 cujus
2079 4410 2265 4466 Oratio
2297 4413 2352 4465 in
2389 4412 2445 4466 S.
2487 4412 2885 4479 Agzxtliouicutn
2928 4412 3127 4481 legitur
3157 4407 3353 4465 Venet.
3422 4408 3475 4462 in
3512 4408 3636 4461 cod.

392 4491 643 4546 Naniano
698 4492 822 4555 509,
856 4509 909 4549 ιι.
945 4492 1035 4558 99,
1063 4508 1125 4545 ex
1152 4507 1325 4561 eaque
1360 4491 1727 4561 Mingarellius
1760 4498 1812 4549 in
1844 4496 1963 4551 Cat.
1993 4499 2164 4553 Codd.
2195 4500 2292 4553 Gr.
2326 4498 2465 4553 Nan.
2501 4517 2552 4569 p.
2582 4501 2679 4553 551
2723 4516 2845 4569 sqq.
2878 4501 3199 4569 perlongum
3255 4498 3434 4551 locum
3465 4498 3643 4566 publi-

392 4580 554 4635 cavit.
587 4578 746 4633 Conf.
782 4595 966 4643 supra,
992 4579 1096 4632 vol.
1134 4578 1201 4640 Χ,
1245 4595 1298 4648 p.
1336 4578 1459 4641 190,
1488 4581 1577 4633 ubi
1612 4582 1698 4634 illa
1722 4584 1897 4636 Oratio
1930 4586 2155 4655 reliquis
2182 4588 2306 4639 addi
2341 4588 2519 4642 debet.
2548 4586 2799 4657 (Ilmt..)]

464 4665 697 4719 Palamae
728 4663 891 4716 vitam
936 4672 1129 4728 printer
1164 4665 1533 4729 l’hilotheum.
1567 4668 1959 4736 patriarcham,
1983 4674 2200 4743 scripsit
2232 4673 2587 4740 iiierotheus,
2614 4675 2959 4735 sacellarius,
2992 4688 3098 4742 que
3121 4688 3153 4724 ιι
3188 4671 3398 4725 laudari
3424 4669 3582 4723 video
3612 4686 3643 4724 a

400 4748 572 4806 Nicol.
614 4751 896 4805 Comneno
928 4767 1051 4820 pag.
1094 4751 1159 4803 74
1194 4749 1434 4807 Ρηειιοι.
1466 4766 1775 4824 tnystagog.

473 4839 549 4894 De
580 4837 730 4899 Nilo.
752 4840 1091 4907 metropolita
1126 4838 1361 4903 Rhodio.
1400 4841 1627 4897 Allatius
1660 4846 1712 4897 in
1740 4846 1881 4901 libro
1918 4847 1991 4901 De
2009 4845 2170 4911 Nilis,
2204 4864 2257 4917 p.
2292 4848 2357 4903 79
2392 4863 2509 4916 seq.
2547 4848 2678 4901 edit.
2713 4863 2741 4900 a
2782 4861 2867 4900 me
2901 4855 3105 4899 curatie
3138 4845 3345 4899 Vultttn.
3381 4843 3420 4897 V
3477 4844 3642 4913 hujus

403 4926 535 4981 bibl.
561 4926 779 4994 (FABI.)
816 4925 871 4978 In
902 4942 1036 4979 nova
1074 4927 1175 4980 hac
1200 4928 1287 4981 ed.
1319 4945 1506 4997 supra.
1543 4934 1650 4984 vol.
1693 4932 1761 4996 Χ,
1792 4950 1843 5004 p.
1878 4936 1965 4999 50.

1074 4927 1175 4980 hac
1200 4928 1287 4981 ed.
1319 4945 1506 4997 supra.
1543 4934 1650 4984 vol.
1693 4932 1761 4996 Χ,
1792 4950 1843 5004 p.
1878 4936 1966 4999 50,
1998 4937 2087 4989 ubi
2118 4953 2167 4989 ν.
2202 4945 2315 4990 not.
2345 4945 2383 4989 t.
2412 4934 2633 5005 (11Αιιι.)

472 5012 648 5083 Capiti
690 5014 814 5066 huic
858 5015 1017 5066 ﬁnem
1062 5015 1309 5083 imponat
1337 5014 1579 5072 Joannes
1613 5019 1813 5090 Glycis.
1849 5021 2203 5093 Byuntinus.
2259 5040 2289 5077 e
2334 5023 2630 5094 Logotheta
2669 5022 2849 5076 drotni
2903 5022 3016 5076 sive
3044 5037 3242 5076 cursus
3273 5020 3500 5091 publici.
3544 5034 3644 5087 pa-

405 5104 639 5156 triarcha
668 5101 774 5155 CP.
810 5101 878 5154 ab
911 5116 1041 5154 ann.
1072 5102 1209 5155 1516
1243 5102 1309 5157 ad
1343 5104 1503 5169 l520,
1535 5122 1644 5174 quo
1669 5110 1944 5165 abdicavit
1978 5116 2429 5182 patriarchalmn,
2470 5126 2525 5171 et
2561 5116 2613 5169 in
2652 5114 2969 5185 Cyriotissa:
3000 5114 3399 5168 monasterium
3446 5127 3505 5165 se
3541 5110 3643 5162 ah-

405 5191 557 5244 didit.
594 5187 707 5243 Hoc
738 5186 951 5241 Joanne
983 5191 1242 5257 magistro
1272 5192 1466 5246 Attica:
1506 5196 1834 5262 eloquentia:
1863 5214 2021 5254 usum
2052 5216 2112 5255 se
2150 5218 2271 5256 esse
2300 5204 2500 5258 fatetur
2536 5203 2882 5272 Nicephorius
2907 5202 3206 5270 Gregoras,
3232 5200 3324 5270 qui
3374 5199 3469 5251 lib.
3524 5194 3645 5249 Vl”

407 5275 551 5330 Hist.
579 5293 628 5330 c.
664 5277 750 5340 ll,
776 5276 896 5344 ejus
934 5274 1318 5331 Testamentum
1349 5280 1464 5335 sive
1501 5279 1821 5339 Testamenti
1852 5288 2033 5355 potius
2052 5292 2361 5359 prommium
2411 5290 2587 5356 aﬂ'ert,
2652 5289 2813 5359 cujus
2841 5305 2901 5344 se
2938 5300 3222 5344 auctorem
3252 5301 3366 5340 non
3399 5285 3638 5339 obscure

474 5453 701 5533 (ιλβίνθ
853 5467 907 5521 1)·
931 5453 1065 5533 5532;
1090 5453 1235 5533 110".
1275 5457 1457 5533 ιτς-13,
1494 5459 1615 5533 cod.
1656 5460 1887 5533 Δ156ς-
1909 5471 1964 5514 et
2142 5466 2222 5533 (ιι)
2263 5463 2424 5519 l'lura
2482 5466 2549 5519 de
2602 5481 2668 5519 eo
2722 5466 2930 5521 dabunt
2970 5464 3133 5519 Fabr.
3186 5469 3372 5533 noster
3401 5458 3455 5533 in
3500 5455 3642 5533 Bibl.

408 5523 623 5603 νομιεῖ,-
647 5524 967 5603 ρ..150,υι1.
997 5523 1277 5603 liollarut:
1318 5528 1961 5603 15,ς(ιι1.2ᾆι1.-έ11‹ιιιιω
2072 5523 2214 5603 ma;
2234 5547 2279 5587 et
2306 5535 2405 5603 inf.
2436 5538 2592 5598 latin.
2633 5546 2764 5591 tom.
2806 5534 2870 5594 V.
2910 5552 2959 5601 p.
2996 5536 3052 5598 Ξ,
3104 5534 3190 5587 ed.
3239 5529 3439 5603 Mansi.
3487 5538 3541 5603 et
3577 5525 3642 5603 ll.

411 5598 462 5648 in
709 5590 953 5671 Yatiean.
997 5591 1062 5647 γ.
1097 5592 1389 5652 Montlauc.
1426 5598 1561 5653 Bibl.
1630 5601 1760 5654 bibl.
1822 5618 1953 5656 mss.
2071 5590 2375 5657 Wharton:
2402 5608 2454 5659 in
2487 5590 2813 5671 Appenzl.a.l
2847 5590 3008 5658 (Ξείνιεί
3040 5590 3193 5657 ἸΙὲδί.
3227 5603 3333 5656 litt.
3362 5600 3462 5656 SS.
3494 5598 3640 5652 Ecvl.

411 5681 463 5735 ι».
502 5664 565 5716 ts
599 5662 662 5716 B.
706 5661 927 5731 una...)

2084 5691 2139 5744 ι).
2167 5674 2255 5732 ⁸74.
2288 5677 2354 5730 ad
2376 5692 2428 5731 a.
2472 5661 2627 5732 l57b.
2660 5675 2878 5746 (Hanc)
