3956 6194
333 207 449 268 803

343 316 544 373 subditi
569 323 710 368 sunt.
746 311 1035 368 Habitaest
1066 310 1240 366 etlnec
1263 309 1315 363 in
1341 311 1692 380 processione.
1742 309 1869 363 Init.
1899 322 1913 360 :

341 411 559 476 Ὠσπερ
595 405 686 459 ἐπὶ
715 403 1140 475 γεωργουμένης
1175 402 1299 470 γῆς.

417 499 606 552 XXXI.
629 498 732 549 T06
758 495 920 549 αὑτοῦ
943 495 1129 563 ὁμιλία
1157 495 1235 558 είς
1265 495 1362 559 τὴν
1403 493 1605 563 σεπτὴν
1633 493 1919 565 Μεταμὸρ-

346 609 521 660 φωσιν
547 590 639 641 τοῦ
675 587 885 657 Κυρίου
922 587 1078 656 ἡμῶν
1115 585 1289 653 Ἰησοῦ
1316 584 1575 654 Χριστοῦ,
1602 586 1660 637 ἐν
1737 586 1914 653 παρά-

348 698 537 742 στασις
561 681 642 730 ὅτι
673 679 730 729 τὸ
760 677 885 729 κατ’
912 678 1085 746 αὐτὴν
1117 677 1229 744 φῶς
1258 674 1510 728 άκτιστόν
1536 677 1707 730 ἐστιν.
1765 676 1916 740 Ἐξε-

346 770 567 840 φωνήθη
613 767 755 834 πρωῒ
792 767 932 818 κατὰ
963 768 1062 836 τὴν
1099 767 1317 836 ἑορτήν.
1372 764 1606 818 Mamilia
1640 766 1694 818 in
1760 781 1914 818 vene-

347 860 570 914 randam
593 857 1135 926 Transﬁgurationem
1166 856 1380 910 Domini
1401 857 1570 909 nostri
1611 856 1740 910 Jesu
1759 854 1915 909 Chri-

353 950 446 1012 sti,
503 949 595 1001 ubi
651 947 1048 1000 demonstratur
1119 937 1315 1009 lumen,
1375 947 1513 1016 quod
1555 948 1610 1000 in
1663 963 1726 1000 ea
1756 947 1913 1012 lux-it,

349 1043 513 1111 fuisse
541 1041 850 1093 increatum.
881 1038 1078 1091 Habita
1142 1047 1218 1090 est
1264 1037 1540 1090 matutinis
1601 1037 1721 1106 festi
1746 1037 1912 1090 horis.

351 1132 508 1184 Init.:
545 1127 910 1195 Ἐπαινοῦμεν
931 1125 1030 1179 καὶ
1059 1126 1221 1194 ἡμεῖς
1237 1125 1724 1194 καὶθαυμάζομεν.
1755 1125 1911 1180 Edita

347 1233 427 1275 est
453 1222 618 1274 latine
643 1229 776 1273 tom.
799 1219 868 1273 26
895 1217 1154 1272 Biblioth.
1197 1217 1344 1271 Patr.
1369 1217 1620 1288 Lugdun.
1645 1235 1708 1273 ex
1743 1218 1914 1272 inter-

345 1315 651 1382 pretatione
683 1312 1024 1366 Combeﬁsii.

427 1403 644 1458 XXXII.
680 1402 789 1456 T06
817 1403 982 1456 αὑτοῦ
1009 1403 1195 1474 ὁμιλία
1217 1405 1297 1467 είς
1327 1405 1427 1474 τὴν
1459 1404 1632 1476 αὑτήν
1685 1406 1781 1458 τοῦ
1805 1407 1915 1461 Ku-

345 1496 471 1565 ρίου
506 1493 708 1563 σεπτὴν
741 1493 1208 1562 Μεταμὸρφωσιν,
1249 1488 1368 1566 ὲνῇ
1425 1494 1769 1564 παράστασις
1840 1494 1916 1559 ὡς

346 1587 399 1636 εἰ
434 1585 526 1636 καὶ
566 1584 824 1636 άκτιστὸν
855 1584 973 1634 ἐστι
1000 1583 1059 1634 τὸ
1085 1585 1206 1635 κατ’
1232 1584 1406 1652 αὐτὴν
1444 1583 1723 1637 θειότατον
1776 1585 1913 1651 φῶς,

353 1675 590 1728 ἀλλὀὐκ
617 1673 765 1726 ἐστιν
818 1673 976 1726 οὐσία
1007 1672 1165 1726 Θεοῦ.
1220 1673 1568 1744 Ἐξεφωνήθη
1621 1673 1760 1727 κατὰ
1817 1675 1917 1742 τὴν

354 1764 506 1816 θείαν
535 1763 909 1831 λειτουργίαν.
941 1762 1182 1816 llomilia
1231 1764 1284 1816 in
1303 1765 1536 1818 eamdem
1571 1766 1918 1818 venerandam

361 1852 901 1922 Trans/ﬁgurationem
918 1868 936 1907 :
956 1855 1042 1906 ubi
1057 1854 1637 1908 demonstraturlumen
1652 1856 1920 1910 divinissi-

357 1958 499 1994 munt
520 1942 656 2009 quod
682 1943 733 1993 in
759 1958 818 1994 ea
832 1940 1122 2008 splenduit,
1148 1944 1356 1998 etiamsi
1387 1946 1680 1999 increatum
1700 1949 1788 2007 sit,
1818 1962 1918 1998 non

347 2047 462 2084 esse
481 2042 654 2084 tamen
682 2033 961 2084 essentiam
989 2030 1102 2086 Dei.
1133 2030 1336 2087 Habita
1349 2044 1425 2087 est
1451 2035 1506 2087 in
1531 2049 1720 2089 sancta
1744 2036 1921 2089 Litur-

351 2125 461 2194 gia.
487 2122 611 2176 Init.
643 2139 658 2176 :
691 2121 919 2186 Ἡσαΐας
947 2123 974 2175 ὁ
992 2123 1301 2194 προφήτης.
1327 2124 1487 2179 Edita
1511 2125 1710 2180 ibidem
1727 2126 1918 2182 eodem

353 2214 674 2280 interprete.

427 2305 668 2360 XXXIII.
699 2306 807 2359 T06
844 2307 1010 2361 αὑτοῦ
1033 2307 1222 2377 ὁμιλία
1247 2308 1477 2380 ρηθετσα
1504 2309 1648 2364 κατὰ
1703 2310 1922 2365 ἑνδεκά-

353 2415 452 2468 την
484 2398 576 2450 τοῦ
603 2397 884 2451 Ματθαίου
928 2400 1239 2470 Κυριακὴν,
1273 2400 1534 2454 ὑπόθεσιν
1589 2401 1787 2472 ἔχουσα
1822 2400 1921 2472 τὴν

352 2489 714 2558 παραϐολήν·
755 2507 773 2540 ι
821 2488 1253 2560 Ὀμοιωθήσεται
1322 2491 1568 2562 βασιλεία
1592 2493 1700 2544 τῶν
1757 2489 1924 2562 οὖρα-

352 2582 461 2636 νῶν
495 2580 764 2651 ἀνθρώπῳ
789 2581 1023 2649 βασιλεῖ,
1051 2583 1109 2646 ὃς
1133 2583 1367 2653 ἠθέλησε
1399 2586 1633 2656 συνᾶραι
1663 2584 1822 2652 λόγον
1845 2601 1856 2614 ·
1891 2602 1909 2635 s

354 2671 410 2722 ὲν
510 2673 603 2723 καὶ
633 2674 762 2740 περ).
791 2673 1146 2739 ἀνεξικακίας
1205 2677 1300 2729 καὶ
1337 2674 1708 2745 συμπαθείας.
1739 2676 1923 2728 Homi-

355 2763 429 2814 ιτα
455 2761 635 2814 habita
660 2763 940 2819 undecima
963 2763 1244 2818 Dominica
1273 2767 1560 2819 secundum
1588 2763 1918 2830 Matthamm,

353 2864 722 2922 argumentum
755 2856 947 2910 habens
983 2859 1290 2926 parabolam
1322 2860 1472 2911 illam
1500 2875 1514 2910 :
1546 2876 1564 2908 s
1607 2858 1793 2912 Simile
1825 2861 1921 2912 erit

357 2959 567 3012 regnum
591 2945 842 3000 caelorum
903 2947 1104 3002 homini
1158 2951 1286 3018 regi,
1315 2951 1404 3020 qui
1467 2949 1627 3002 voluit
1665 2951 1920 3003 rationem

353 3050 540 3102 ponere
572 3051 593 3089 :
639 3054 658 3088 ι
703 3037 792 3090 ubi
821 3040 884 3092 de
935 3042 1219 3094 tolerantia
1258 3051 1306 3095 et
1339 3043 1718 3112 compassione.
1753 3041 1918 3098 Init.:

363 3123 422 3177 Ὀ
454 3125 587 3187 Θεὸς
617 3129 961 3193 αὐτεξούσιον
990 3130 1246 3183 πλάττων
1283 3133 1374 3184 τὸν
1401 3133 1708 3203 ἄνθρωπον.

425 3216 664 3274 XXXIV.
698 3219 803 3272 T06
830 3222 992 3273 αὑτοῦ
1016 3223 1200 3290 ὁμιλία
1231 3225 1309 3286 είς
1340 3225 1437 3294 τὴν
1458 3228 1765 3279 πάνσεπτον
1794 3228 1921 3280 Κοί-

360 3325 527 3379 μησιν
567 3311 666 3378 τῆς
697 3315 1116 3382 πανυπεράγνου
1177 3318 1480 3386 Δεσποίνης
1515 3319 1676 3386 ήμῶν
1729 3321 1922 3373 Θεοτό-

353 3415 451 3451 κου
485 3399 576 3451 καὶ
603 3402 690 3452 ἀεὶ
720 3403 996 3472 Παρθένου
1031 3403 1262 3474 Μαρίας.
1301 3405 1535 3462 Ilomilia
1571 3409 1626 3462 in
1669 3427 1916 3464 ueneran-

353 3493 476 3544 dum
525 3493 895 3547 dormitionem
926 3498 1243 3551 castissima:
1287 3499 1529 3556 Domina:
1578 3514 1770 3558 nostra:
1804 3504 1922 3557 Dei-

353 3597 577 3650 para'ac
606 3599 808 3652 semper
859 3583 1088 3654 Virginis
1137 3584 1348 3640 Mariae.
1385 3586 1508 3642 Init.
1546 3607 1560 3642 :
1608 3589 1720 3660 Τὴν
1780 3591 1919 3660 ἐμὴν

351 3673 568 3740 ὁμιλίαν
603 3675 862 3745 σήμερον.

429 3763 640 3820 XXXV.
675 3766 779 3819 Ίόῦ
813 3766 973 3819 αὑτοῦ
1022 3769 1206 3838 ὁμιλία
1237 3771 1315 3833 είς
1340 3771 1401 3824 τὸ
1435 3772 1652 3842 πρῶτον
1673 3773 1918 3841 ἑωθινὸν,

354 3859 411 3908 ὲν
508 3858 601 3910 καὶ
618 3858 697 3909 ὅτι
722 3859 819 3909 οὐκ
852 3858 1016 3929 ἀρκεῖ
1046 3860 1106 3912 τὸ
1130 3863 1273 3914 θεῖον
1307 3861 1592 3932 βάπτισμα
1630 3864 1798 3918 σῶσαι
1827 3868 1918 3918 τὸν

352 3945 660 4014 ἄνθρωπον,
694 3950 742 4000 εἰ
773 3951 844 4019 μὴ
880 3952 973 4002 καὶ
1003 3953 1100 4018 τὴν
1131 3954 1362 4024 τήρησιν
1392 3955 1535 4024 ἔχειν
1565 3957 1784 4010 σπεύδει
1810 3957 1919 4010 τῶν

354 4037 516 4090 θείων
553 4040 802 4092 ἐντολῶν.
841 4039 1082 4094 Ilomilia
1116 4045 1167 4095 in
1195 4045 1421 4108 primum
1464 4047 1779 4098 matutinum
1807 4083 1824 4110 ,
1865 4049 1920 4099 in

349 4145 456 4199 qua
503 4131 720 4183 docetur
745 4148 845 4183 non
874 4133 1115 4200 sufﬁcere
1137 4133 1374 4186 divinum
1403 4136 1662 4201 baptisma
1691 4144 1755 4187 ad
1774 4137 1919 4191 salu-

353 4229 456 4272 tem
503 4221 748 4284 hominis,
788 4223 889 4274 nisi
919 4223 963 4274 is
1003 4222 1264 4276 sollicitus
1294 4226 1362 4277 sit
1402 4227 1470 4278 ad
1508 4226 1918 4282 observationem

351 4311 648 4362 divinorum
692 4322 1093 4377 prazceptorum.
1127 4306 1278 4366 ‘Init.
1317 4331 1330 4368 :
1392 4315 1452 4368 Ὀ
1502 4319 1607 4388 πρὸ
1655 4319 1764 4370 τῶν
1821 4320 1913 4374 ὃν·

348 4413 459 4449 των
505 4397 599 4452 ὦν.

424 4486 661 4542 XXXVI.
693 4486 801 4541 Τοῦ
837 4488 1003 4542 αὑτοῦ
1035 4490 1222 4560 ὁμιλία
1272 4494 1498 4566 ρηθεῖσα
1519 4497 1578 4548 ὲν
1608 4497 1732 4570 λιτῇ
1765 4517 1917 4565 γενο-

353 4581 489 4651 μένῃ
522 4581 610 4634 διὰ
634 4580 732 4650 τὴν
769 4581 914 4650 ἀήθη
965 4583 1058 4634 καὶ
1081 4583 1288 4650 ἁθρόαν
1325 4585 1417 4639 τοῦ
1473 4587 1705 4641 Θανάτου
1764 4607 1916 4659 τηνι-

350 4670 527 4723 καῦτα
561 4672 796 4742 πληγήν.
833 4669 1077 4726 Humilia
1113 4675 1292 4728 habita
1333 4678 1384 4730 in
1418 4683 1766 4745 processio-ne,
1801 4699 1917 4746 qute

349 4763 492 4830 facta
529 4772 606 4815 est
638 4763 700 4814 ob
728 4763 999 4816 insolitam
1028 4777 1079 4818 et
1103 4766 1442 4836 frequentem,
1483 4786 1598 4836 qute
1623 4781 1746 4823 tunc
1774 4775 1917 4825 act-i-

347 4858 447 4921 dit,
494 4856 890 4910 mortalitatem.
924 4857 1143 4912 Initium
1183 4876 1198 4914 :

349 4965 460 5010 vo;.

418 5037 681 5094 XXXVII.
714 5039 820 5094 T06
843 5039 1005 5094 αὗτοῦ
1038 5041 1226 5112 ὁμιλία
1248 5044 1328 5105 εἰς
1357 5043 1458 5112 τὴν
1489 5044 1776 5117 ἀποτομὴν
1805 5049 1900 5100 τοῦ

347 5133 528 5201 τιμίου
562 5133 848 5202 προφήτου
896 5133 1214 5203 Προδρὸμου
1248 5136 1339 5186 καὶ
1383 5134 1680 5203 βαπτιστοῦ
1728 5140 1911 5191 Ἰωάν-

347 5240 464 5277 νου.
498 5221 813 5276 llomiliain
859 5222 1258 5277 decollationem
1319 5229 1598 5281 venerandi
1647 5235 1913 5297 propheta:

343 5315 689 5382 pitecursoris
716 5325 764 5368 et
799 5313 1041 5383 baptista:
1067 5312 1314 5372 Joannis.
1363 5316 1487 5372 Init.
1530 5335 1543 5372 :
1582 5319 1643 5371 Εἰ
1681 5322 1861 5386 τίμιος
1887 5323 1914 5373 ὁ

347 5407 575 5468 θάνατος
606 5407 715 5459 τῶν
740 5405 923 5460 ὁσίων.

418 5497 704 5554 XXXVIII.
743 5499 850 5552 Τοῦ
887 5500 1054 5554 αὐτοῦ
1093 5500 1284 5570 ὁμιλία
1320 5503 1386 5573 τῇ
1416 5504 1912 5574 τεσαρεσκαιδεκά-

344 5605 415 5662 τη
438 5592 531 5645 τοῦ
567 5594 848 5650 Ματθαίου
883 5597 1131 5668 κυριακῇ
1169 5598 1250 5660 είς
1282 5597 1378 5668 τήν
1439 5598 1752 5669 παραὸολην
1803 5598 1902 5667 τὴν

1253 4860 1506 4931 Ἰωάννης
1540 4865 1567 4914 ὁ
1620 4866 1809 4934 ὴγαπη
1819 4867 1915 4934 μέ-

1563 194 1954 259 ΒΠΕΘΟΠΙΙ
2001 194 2325 256 ΡΛῘΛΜΕ

2030 307 2302 360 καλοῦσαν
2338 307 2418 370 είς
2455 305 2582 370 τοὺς
2611 301 2826 376 γάμους
2849 304 2944 359 τοῦ
2976 303 3112 371 υἱοῦ,
3151 300 3266 380 ἕνῇ
3298 308 3390 360 καὶ
3437 325 3504 376 πρ
3534 306 3559 350 ἶ

2020 400 2145 462 τοὺς
2173 399 2450 467 λέγονταςο
2509 397 2664 450 Διατί
2695 397 2954 449 ἐκάλεσεν
2980 399 3008 449 ὁ
3059 397 3190 460 Θεὸς
3249 396 3401 461 εἰδὼς
3446 400 3564 460 τοὺς

2022 490 2346 561 μηδαμῶςή
2403 489 2477 558 μὴ
2510 497 2527 556 (
2563 488 2662 558 sic)
2691 487 2760 540 δι’
2797 487 2975 557 ἔργων
3015 486 3436 559 ὑπακούσοντας,
3482 491 3566 539 καὶ

2015 581 2159 634 διατί
2198 582 2426 652 ἐποίησε
2487 579 2614 642 τοὺς
2665 579 3172 648 κολασθησομένους
3200 595 3216 642 ;
3249 578 3472 631 Homilia
3519 581 3566 657 in

2016 674 2218 726 decima
2245 685 2434 742 quarta
2458 671 2698 726 Hattha'i
2722 669 3025 750 DQiinica,
3058 672 3110 722 in
3137 670 3438 738 parabolam
3465 685 3570 722 ero-

2015 772 2221 815 cantem
2249 761 2318 814 ad
2374 761 2584 827 nuptias
2649 757 2798 821 Filii,
2835 759 2923 810 ubi
2969 769 3017 810 et
3073 763 3322 810 adversus
3375 773 3454 810 eos
3488 759 3568 825 qui

2015 855 2198 907 dicunt
2232 853 2433 918 :Q-uare
2457 852 2655 906 vocavit
2685 850 2843 915 Deus,
2868 864 2984 901 cum
3008 848 3167 919 probe
3188 860 3356 901 nosset
3388 865 3470 900 eos
3489 849 3571 914 qui

2016 945 2320 1001 nullatenus
2344 959 2434 1010 per
2451 958 2609 1011 opera
2637 941 2900 994 obedituri
2918 949 3088 1001 erant,
3127 948 3176 993 et
3207 956 3301 991 cur
3329 941 3568 1006 supplicio

2015 1037 2202 1106 dignos
2228 1035 2436 1104 eiecit?
2465 1033 2589 1088 Init.
2621 1033 2767 1102 ετῆς
2792 1032 3033 1102 σήμερον
3095 1012 3571 1098 ἀναγνωσινσὶμέ.

2015 1143 2137 1196 νης.

2089 1214 2336 1271 XXXIX.
2366 1214 2471 1268 Τοῦ
2497 1213 2662 1267 αὐτοῦ
2695 1212 2883 1282 ὁμιλία
2911 1213 2992 1274 είς
3022 1211 3121 1280 τὴν
3163 1211 3426 1278 σωτήριον
3455 1211 3569 1278 γέν-

2013 1327 2079 1380 νη
2091 1328 2170 1363 σιν
2185 1309 2282 1378 τῆς
2297 1307 2720 1378 πανυπεράγνου
2737 1305 3030 1373 Δεσποίνης
3045 1303 3140 1356 καὶ
3151 1301 3480 1370 Θεομήτορος
3493 1301 3570 1354 ἀεὶ

2016 1400 2296 1469 Παρθένου
2347 1398 2588 1467 Μαρίας.
2621 1396 2853 1450 Homilia
2877 1396 2932 1448 in
2952 1394 3242 1446 salutarem
3263 1393 3570 1445 nativitatem

2013 1491 2326 1545 castissimae
2358 1488 2597 1541 Domina!
2619 1498 2665 1540 et
2715 1487 2807 1538 Dei
2834 1485 3022 1538 Matris
3087 1499 3290 1552 semper
3359 1480 3572 1552 Virginis

2017 1587 2228 1640 Mariae.
2261 1583 2479 1637 Initium
2515 1598 2529 1634 :
2570 1580 2684 1642 Πᾶς
2735 1579 2831 1649 μὲν
2857 1577 3049 1648 καιρὸς
3108 1575 3414 1644 ἐπιτήδειός
3444 1576 3571 1629 ἐστι.

2088 1677 2196 1732 XL.
2229 1675 2335 1728 Τοῦ
2361 1672 2528 1728 αὑτοῦ
2561 1669 2754 1741 ὁμιλία
2781 1670 2862 1733 είς
2890 1671 2951 1721 τὸ
2987 1667 3088 1731 τῆς
3112 1665 3570 1737 ἑπτακαιδεκάτης

2014 1770 2109 1825 τοῦ
2141 1767 2423 1823 Ματθαίου
2462 1763 2796 1832 Εὑαγγέλιον
2823 1761 2884 1814 τὸ
2946 1761 3076 1830 περὶ
3107 1760 3208 1829 τῆς
3259 1757 3569 1822 Χαναναίας,

2018 1862 2073 1913 ὲν
2160 1860 2254 1913 καὶ
2294 1857 2424 1926 περὶ
2458 1854 2554 1925 τῆς
2589 1853 2684 1906 τοῦ
2719 1851 3008 1921 ἀνθρώπου
3037 1851 3324 1911 εὐτελείας
3365 1851 3454 1900 καὶ
3475 1848 3566 1916 τῆς

2017 1950 2312 2021 ὲπαινετῆς
2338 1945 2741 2008 ταπεινώσεως.
2772 1943 3009 1998 Ilomilia
3031 1945 3085 1996 in
3113 1941 3360 1996 Matthwi
3407 1939 3570 1993 Evan-

2016 2044 2207 2115 gelium
2241 2043 2454 2095 decima:
2479 2049 2528 2091 et
2562 2037 2795 2103 septima:
2853 2035 3146 2088 Dominicis
3178 2033 3242 2086 de
3262 2031 3566 2092 Chanantea,

2016 2136 2072 2189 in
2101 2149 2206 2204 qua
2237 2132 2300 2185 de
2354 2129 2581 2182 hominis
2627 2127 2852 2189 vilitate,
2880 2133 2928 2178 et
2968 2123 3031 2177 de
3062 2121 3330 2176 laudabili
3377 2119 3571 2173 humili-

2019 2236 2145 2279 tate.
2187 2224 2310 2278 Init.
2349 2240 2364 2274 :
2391 2223 2514 2273 ’Ότι
2541 2218 2744 2288 Κύριος
2777 2217 3152 2288 ὑπερηφάνοις
3180 2214 3566 2269 ἀντιτάσσεται.

2086 2314 2224 2367 XLI.
2263 2311 2367 2366 Τοῦ
2393 2309 2559 2364 αὐτοῦ
2591 2307 2780 2378 ὁμιλία
2812 2310 2893 2371 είς
2917 2308 3006 2361 τὸν
3052 2305 3215 2374 ἅγιον
3281 2303 3568 2360 ἀπόστολον

2019 2409 2111 2462 καὶ
2142 2404 2531 2476 εῦαγγελιστὴν
2570 2406 2660 2456 καὶ
2688 2401 2766 2472 τῷ
2809 2401 3034 2471 Χριστῷ
3066 2401 3270 2471 ἐξόχως
3294 2397 3567 2470 ἠγαπημέ-

2019 2517 2108 2552 νον
2147 2499 2402 2566 Ἰωάννην
2428 2498 2518 2549 τὸν
2549 2495 2831 2563 Θεολὸτον,
2854 2496 2913 2546 ὲν
2998 2493 3244 2564 καὶπερὶ
3265 2493 3359 2562 τῆς
3387 2492 3461 2553 είς
3485 2490 3568 2542 τὸν

2019 2592 2150 2644 Θεὸν
2180 2592 2272 2644 καὶ
2301 2590 2393 2642 τὸν
2427 2587 2660 2658 πλησίον
2685 2586 2929 2656 ἀγάπης.
2972 2584 3216 2639 Homilia
3245 2586 3297 2638 in
3346 2592 3567 2637 sanctum

2019 2685 2309 2746 apostolum
2343 2692 2391 2736 et
2425 2679 2823 2751 evangelistam,
2873 2691 3029 2748 atque
3059 2695 3091 2731 α
3144 2678 3349 2732 Christo
3394 2672 3567 2729 eximie

2017 2772 2265 2825 dilectum
2295 2769 2557 2824 Joannem
2583 2771 2933 2838 Theologum;
2966 2771 3021 2822 in
3060 2785 3169 2836 qua
3205 2767 3270 2819 de
3321 2766 3565 2819 rltaritate

2017 2877 2140 2930 erga
2181 2859 2348 2913 Deum
2397 2868 2447 2913 et
2483 2860 2802 2929 proximum.
2836 2857 2962 2913 lnit.
2998 2873 3013 2911 :
3085 2857 3318 2924 Ἐορτὴν
3375 2856 3564 2924 ἄγομεν

2020 2955 2280 3023 σήμερον.

2089 3043 2246 3097 XLII.
2279 3043 2386 3096 T06
2417 3043 2582 3095 αὑτοῦ
2616 3041 2802 3111 ὁμιλία
2837 3042 2918 3102 είς
2948 3040 3009 3093 τὸ
3032 3040 3138 3109 τῆς
3185 3040 3443 3111 δευτέρας
3467 3040 3566 3090 Κυ-

2019 3140 2219 3207 ριακῆς
2256 3135 2351 3189 τοῦ
2385 3137 2570 3189 Δουκᾶ
2620 3135 2955 3203 Εὑαγγέλιον
2977 3135 3037 3186 τὸ
3055 3133 3243 3202 λέγονο
3283 3134 3368 3194 Ὠς
3402 3133 3460 3185 ἂν
3485 3130 3562 3182 0i-

2017 3230 2135 3282 λετε
2165 3229 2254 3280 ἵνα
2291 3227 2518 3281 ποιῶσιν
2543 3227 2672 3296 ὑμῖν
2724 3227 2772 3279 οί
2819 3226 3123 3296 ἄνθρωποι,
3165 3229 3257 3279 καὶ
3290 3226 3436 3295 ὑμεῖς
3460 3239 3562 3275 ποι-

2016 3325 2125 3376 εῖτε
2153 3322 2336 3382 αὐτοῖς
2381 3319 2607 3388 ὁμοίως.
2661 3312 2811 3389 Ἐνῇ
2877 3317 2973 3370 καὶ
3020 3319 3168 3369 κατὰ
3237 3315 3559 3379 τοκιζόντων.

2018 3412 2257 3467 Ilomilia
2282 3413 2332 3463 in
2360 3410 2703 3478 Evangelium
2732 3407 2888 3461 Luca:
2917 3408 2967 3459 in
3003 3409 3236 3460 secunda
3289 3405 3557 3465 l)nntiuica,

2016 3503 2103 3558 ubi
2139 3504 2373 3556 dicitur:
2421 3518 2439 3550 ι
2473 3499 2745 3564 Quomodo
2777 3499 2931 3553 vultis
2972 3508 3027 3550 ut
3068 3498 3278 3566 faciant
3321 3498 3453 3550 vobis
3474 3495 3559 3546 ho-

2018 3597 2202 3659 mines,
2227 3603 2274 3647 et
2297 3609 2383 3647 ros
2410 3593 2568 3658 facite
2590 3591 2696 3643 illis
2726 3590 2995 3644 similiter.
3021 3609 3040 3642 ι
3082 3589 3152 3642 In
3171 3592 3267 3644 hae
3316 3591 3464 3642 etiam
3493 3592 3560 3636 est

2016 3686 2234 3741 invectio
2263 3686 2315 3738 in
2341 3685 2682 3751 feneratores.
2719 3681 2843 3735 Init.
2887 3698 2902 3735 :
2933 3682 2992 3734 ⁸0
3018 3680 3233 3744 πλάσας
3265 3681 3557 3749 καταμόνας

2016 3781 2114 3842 τὰς
2146 3777 2372 3847 καρδίας
2398 3777 2430 3845 ἠ
2439 3776 2574 3845 μῶν.

2090 3870 2274 3926 XLIII.
2298 3867 2404 3922 Τοῦ
2428 3868 2593 3922 αὑτοῦ
2624 3866 2815 3936 ὁμιλία
2837 3869 2917 3930 είς
2944 3868 3004 3921 τὸ
3036 3869 3138 3938 τῆς
3163 3869 3347 3938 τρίτης
3371 3868 3558 3936 Κυριαο

2017 3965 2120 4034 κῆς
2158 3963 2252 4017 τοῦ
2287 3963 2480 4016 Λουκᾶ
2508 3960 2860 4028 Εὑαγγέλιον,
2895 3959 3157 4014 ὑπόθεσιν
3186 3961 3307 4030 ἔχον
3334 3959 3419 4011 τὸν
3468 3954 3559 4009 ὑπὸ

2017 4053 2108 4108 τοῦ
2136 4053 2339 4120 Κυρίου
2363 4051 2662 4122 ἐγερθέντα
2707 4053 2806 4120 τῆς
2839 4051 3014 4122 χήρας
3069 4051 3259 4103 παῖδω
3292 4053 3348 4104 ἐν
3400 4043 3430 4122 ᾖ
3478 4046 3561 4100 καὶ

2017 4146 2146 4215 περὶ
2200 4143 2294 4196 τοῦ
2348 4142 2831 4211 συγγνωμονικοὺς
2897 4143 3048 4211 ἡμᾶς
3111 4145 3211 4196 καὶ
3276 4139 3560 4212 συμπαθεῖς

2015 4239 2153 4308 πρὸς
2191 4234 2449 4302 ἀλλήλους
2475 4231 2893 4286 είναι.Ηοηιὶίία
2940 4233 2992 4285 in
3030 4231 3376 4303 Evangelium
3425 4230 3560 4284 Luca

2019 4329 2188 4384 tertia:
2211 4324 2526 4387 Dominica’,
2555 4333 2919 4394 argumentum
2947 4323 3142 4377 habens
3172 4339 3385 4392 puerum
3413 4323 3560 4376 viduae

2018 4438 2050 4472 a
2070 4418 2292 4472 Domino
2351 4416 2666 4470 suscitatum
2685 4431 2707 4480 ;
2725 4415 3040 4468 ubidocetur
3062 4431 3158 4468 nos
3184 4415 3254 4468 ad
3277 4415 3560 4468 condonan-

2015 4511 2138 4563 dum
2156 4519 2204 4563 et
2224 4509 2576 4562 miserandum
2594 4523 2782 4576 pronos
2809 4522 2920 4560 esse
2938 4506 3142 4560 debere.
3174 4503 3296 4560 Init.
3329 4519 3345 4558 :
3375 4506 3443 4556 Τὸ
3467 4504 3561 4556 Osi-

2012 4621 2071 4656 ον
2098 4603 2189 4654 καὶ
2209 4599 2554 4668 κοινωφελές.

2084 4689 2263 4744 XLIV.
2299 4688 2405 4742 Τοῦ
2437 4688 2604 4742 αὑτοῦ
2636 4689 2825 4759 ὁμιλία
2848 4690 2928 4753 είς
2950 4689 3010 4742 τδ
3033 4691 3134 4761 τῆς
3172 4690 3432 4760 τετάρτης
3459 4685 3558 4738 Κυ-

2017 4788 2211 4854 ριακῆς
2235 4781 2328 4834 τοῦ
2357 4781 2542 4835 Λουκά
2572 4780 2908 4850 Εὐαγγέλιον
2936 4781 2996 4834 τὸ
3063 4782 3246 4851 λέγον⁶
3284 4799 3303 4833 ι
3327 4778 3557 4846 Ἐξῆλθεν

2009 4878 2039 4926 ὁ
2074 4874 2309 4941 σπείρων
2339 4871 2433 4924 τοῦ
2457 4873 2676 4941 σπεῖραι
2695 4871 2786 4924 τὸν
2815 4870 3017 4942 σπόρον
3051 4872 3242 4934 αὐτοῦ,
3288 4891 3307 4924 s
3343 4873 3397 4923 ἑν
3420 4864 3451 4940 ᾖ
3473 4866 3553 4919 καὶ

2016 4965 2145 5034 περὶ⁸
2169 4968 2262 5032 τῆς
2286 4963 2645 5032 ὀφειλομένης
2671 4963 2774 5033 πρὸ
2795 4962 2890 5016 τοῦ
2933 4965 3142 5036 σπόρου
3202 4963 3386 5016 τούτου
3439 4957 3552 5027 παρ’

2012 5057 2170 5126 ήμῶν
2185 5053 2455 5108 τελεῖσθαι
2495 5055 2868 5125 καλλιεργίας.
2901 5055 3134 5109 llomilia
3155 5058 3203 5108 in
3231 5053 3547 5122 Evangelinm

2010 5149 2164 5203 Luca:
2201 5148 2486 5202 Dominij
2531 5158 2762 5217 quartae,
2823 5149 2912 5200 ubi
2954 5150 3151 5202 dicitur
3178 5165 3196 5202 :
3223 5166 3242 5198 ι
3275 5148 3415 5202 Εαὶἱι
3469 5140 3549 5209 qui

2009 5238 2256 5301 seminat,
2307 5238 2567 5288 seminare
2614 5253 2785 5289 semen
2835 5254 3012 5293 suum.
3049 5257 3067 5290 ι
3121 5238 3186 5292 In
3253 5254 3353 5306 qua
3404 5239 3546 5287 etiam

2011 5329 2184 5397 agitur
2215 5329 2278 5379 de
2307 5329 2456 5378 bonis
2485 5328 2748 5394 operibus,
2775 5345 2891 5398 qua!
2914 5340 3189 5400 antequam
3211 5343 3378 5381 serum
3407 5337 3543 5391 spar-

2010 5426 2186 5485 gatur,
2235 5416 2491 5483 complere
2519 5418 2787 5472 debemus.
2835 5419 2961 5475 lnit.
2999 5438 3013 5476 :
3047 5421 3106 5473 Ὀ
3143 5419 3339 5490 Κύριος
3394 5412 3538 5484 ἡμῶν

2023 5508 2228 5570 Ἰνσοῦς
2256 5508 2512 5577 Χριστός.

2085 5589 2243 5655 XLV.
2278 5599 2384 5652 Τοῦ
2415 5599 2581 5653 αὐτοῦ
2613 5601 2798 5672 ὁμιλία
2817 5604 2896 5665 τίς
2928 5603 2986 5658 τδι
3007 5604 3104 5668 τῆς
3137 5603 3381 5673 πέμπτης
3434 5597 3538 5651 Κυ-
