3956 6194
358 412 552 484 ριακῆς
594 410 685 464 τοῦ
715 413 896 466 Λιλυκᾶ
942 413 1272 480 Εὐαγγὲλιον
1331 415 1508 482 λέγον·
1553 434 1568 465 ι
1596 411 1911 483 Ἀνθρωπος

351 522 437 568 τις
465 500 532 575 ἦν
580 504 835 565 πλούσιος
897 504 991 556 καὶ
1039 504 1413 558 ἐνεδιδύσκετο
1471 505 1758 576 πορφύραν
1826 505 1921 557 καὶ

356 597 578 666 βύσσον·
619 616 636 647 s
681 592 789 666 ὲνῇ
827 597 923 649 καὶ
953 598 1082 664 περὶ⁹
1110 597 1382 650 πλουσίων
1404 615 1461 651 τε
1501 602 1595 649 καὶ
1645 599 1917 664 πενήτων,

349 688 437 751 τίς
465 691 491 740 ὁ
516 687 840 755 σωζόμενος.
860 686 1092 740 Humilia
1109 689 1159 739 in
1188 687 1527 757 Evangelia»:
1548 687 1704 741 Lucw
1726 688 1924 757 quinm

358 779 663 839 Dominicae,
691 778 777 831 ubi
808 778 1004 830 dicitur
1050 794 1063 830 :
1099 776 1303 832 «Homo
1348 779 1565 848 quidam
1617 788 1733 833 erat
1782 778 1921 831 dives

351 880 401 925 et
429 870 743 923 induebatur
770 884 1003 936 purpura
1021 877 1067 920 et
1096 868 1246 937 bysso
1275 884 1293 922 :
1324 888 1340 918 ›
1374 871 1426 922 in
1455 886 1561 939 qua
1595 870 1658 923 de
1676 869 1920 922 divitibus

352 969 402 1015 et
433 959 769 1029 pauperibus,
798 960 913 1027 quis
945 958 1120 1011 salvus
1155 960 1272 1026 ﬁat.
1296 959 1420 1013 luit.
1455 977 1468 1013 :
1502 961 1623 1013 Τὼν
1648 959 1787 1013 κατὰ
1817 959 1923 1011 σῶ-

352 1069 437 1120 μα
466 1050 688 1119 χρειῶν.

426 1139 617 1194 XLVI.
651 1138 758 1191 T06
790 1138 955 1190 αὑτοῦ
985 1139 1193 1207 ὁμιλία,
1218 1140 1296 1200 είς
1330 1138 1419 1191 τὸν
1446 1140 1503 1191 ὲν
1536 1138 1709 1206 ἁγίοις
1742 1156 1917 1207 μεγα-

352 1233 674 1302 λομάρτυρα
697 1234 789 1284 καὶ
820 1231 1240 1300 θαυματουργὸν
1276 1233 1370 1283 καὶ
1432 1230 1780 1300 μυροόλύτην
1821 1232 1925 1298 Δη-

356 1332 610 1395 μήτριον.
653 1323 895 1376 Ilomilia
954 1323 1014 1376 in
1040 1321 1097 1377 S.
1148 1340 1397 1392 magnum
1432 1334 1714 1391 martyrem
1757 1323 1924 1375 mira-

354 1419 594 1471 culorum
660 1425 1020 1484 .patratorem,
1099 1425 1151 1469 et
1208 1425 1473 1484 unguenta
1568 1414 1923 1483 effundentem

354 1510 696 1563 Demetrium.
724 1506 854 1561 luit.
882 1526 902 1563 ε
946 1507 1100 1578 Ἐμοὶ
1123 1507 1179 1559 δὲ
1220 1506 1341 1560 λίαν
1369 1505 1707 1577 ἐτιμήθησαν
1738 1508 1788 1559 οί
1842 1505 1923 1574 φί-

352 1605 432 1657 λοι
461 1621 574 1663 σου,
601 1605 627 1653 ὁ
662 1602 819 1664 Θεός.

420 1693 636 1747 XLVII.
673 1691 780 1745 T06
822 1692 988 1745 αὐτοῦ
1016 1691 1205 1762 ὁμιλία
1245 1691 1323 1754 είς
1350 1691 1410 1742 τὸ
1462 1690 1564 1758 τῆς
1614 1688 1783 1757 ἕκτης
1827 1689 1922 1742 τοῦ

352 1790 540 1841 Λουκᾶ
572 1785 857 1855 Κυριακῆς
891 1785 1227 1852 Εὐαγγέλιον
1260 1783 1321 1836 τὸ
1344 1782 1505 1851 λέγον
1530 1798 1545 1813 ο
1577 1800 1595 1833 ι
1620 1781 1924 1845 Ἑξελθὸντι

344 1879 429 1949 τῷ
473 1877 651 1947 Ἰησοῦ
684 1878 764 1939 είς
786 1877 886 1946 τὴν
934 1876 1041 1944 γῆν
1061 1876 1372 1944 ὑπήντησεν
1392 1872 1539 1941 αὐτῷ
1566 1873 1705 1941 ἀνὴρ
1735 1872 1798 1923 ὲκ
1824 1870 1925 1937 τῆς

352 1972 583 2035 πόλεως,
623 1969 682 2030 ὃς
740 1962 851 2035 εἶχε
910 1966 1166 2035 δαιμόνια
1238 1966 1301 2016 ἐκ
1361 1964 1568 2035 χρόνων
1629 1965 1850 2016 ίκανῶν.
1897 1979 1917 2013 s

356 2060 596 2117 llomilia
650 2060 705 2111 in
776 2055 1102 2125 evangelium
1166 2053 1324 2109 Luca:
1393 2064 1556 2108 sextae
1609 2053 1921 2115 Dominicis,

344 2155 504 2222 cujus
524 2152 673 2205 verba
696 2158 817 2203 sunt
839 2165 869 2203 ,τ
903 2168 919 2198 ι
952 2146 1252 2216 Egredienti
1281 2146 1409 2200 Jesu
1440 2149 1491 2199 in
1520 2156 1717 2198 terram
1740 2161 1925 2197 occur-

351 2248 421 2298 rit
444 2249 516 2298 vir
572 2246 635 2296 de
675 2243 902 2302 civitate.
937 2242 1027 2309 qui
1060 2239 1283 2292 habebat
1335 2238 1596 2290 dwntortia
1625 2254 1655 2289 a
1678 2236 1927 2303 tempori-

354 2339 449 2389 bus
482 2334 683 2388 multis.
716 2350 734 2384 ι
771 2332 900 2387 Iuil.
933 2332 991 2383 '0
1008 2330 1092 2383 ὢν
1121 2330 1184 2382 ἐκ
1212 2328 1304 2382 τοῦ
1329 2327 1463 2380 Θεοῦ
1489 2329 1555 2381 τὰ
1586 2328 1802 2398 ῥήματα
1831 2326 1924 2379 τοῦ

347 2428 489 2481 Θεοῦ
521 2426 730 2479 ἀκούει.

428 2511 661 2567 XLVIII.
692 2510 799 2565 Τοῦ
828 2512 993 2565 αὐτοῦ
1047 2511 1254 2582 ὁμιλία,
1291 2513 1372 2565 ὅτι
1406 2512 1439 2579 ἡ
1490 2511 1626 2580 πρὸς
1657 2509 1747 2562 τὸν
1793 2509 1926 2562 Θεὸν

358 2603 590 2672 συνεχής
641 2603 730 2655 διὰ
792 2601 1105 2671 προσευχῆς
1159 2602 1253 2653 καὶ
1311 2600 1629 2669 ψαλμῳδίας
1692 2597 1928 2661 ἔντευξις

347 2696 488 2763 ἕδρα
514 2697 630 2746 ἐστὶ
656 2695 748 2747 καὶ
777 2694 1048 2762 ἀσφάλεια
1074 2694 1278 2752 παντὸς
1305 2691 1496 2755 καλοῦ,
1535 2692 1630 2744 καὶ
1688 2692 1924 2760 ἀποτρο-

360 2789 434 2854 πὴ
463 2788 557 2839 καὶ
586 2785 854 2856 λύτρωσις
889 2785 1069 2854 πάσης
1132 2783 1331 2846 κακίας
1363 2800 1423 2834 τε
1446 2785 1539 2835 καὶ
1586 2782 1924 2852 δυσχερείας.

354 2876 623 2940 Ἡοηιὶιία,
683 2877 821 2947 quod
870 2878 1113 2946 frequens
1166 2892 1279 2928 cum
1327 2874 1434 2928 Deo
1474 2874 1788 2945 colloquium
1837 2891 1928 2944 per

355 2970 648 3022 orationem
679 2978 727 3022 et
759 2968 1138 3036 psalmodiam,
1168 2967 1235 3019 sit
1261 2965 1654 3033 ﬁrmamentum
1699 2978 1746 3020 et
1783 2979 1928 3020 tuta-

352 3077 475 3115 men
512 3061 680 3113 omnis
713 3060 854 3123 boni,
892 3069 940 3113 et
992 3062 1199 3112 aversio
1231 3068 1389 3127 atque
1414 3061 1654 3113 liberatio
1688 3060 1750 3112 ab
1785 3061 1926 3113 omni

350 3154 499 3206 malo
528 3162 577 3205 et
600 3152 915 3221 infortunio.
950 3151 1076 3206 Init.
1114 3170 1129 3207 :
1179 3151 1302 3205 Ἐπὶ
1334 3150 1461 3204 νοῦν
1486 3151 1668 3204 λαϐὼν
1692 3154 1720 3204 ὁ
1758 3153 1926 3206 Δαϐὶδ

356 3246 454 3298 καὶ
471 3245 957 3313 ἀναλογισάμενος.

427 3339 618 3394 XLIX.
644 3339 751 3392 Τοῦ
782 3337 1150 3409 αὑτοῦὸμ-ιλία
1180 3338 1258 3403 είς
1306 3339 1405 3410 τὴν
1440 3340 1577 3408 πρῒς
1636 3338 1705 3391 τὰ
1756 3339 1926 3405 ’Ἅγια

357 3433 465 3486 τῶν
488 3433 658 3500 ἁγίων
699 3431 924 3493 είσοδον,
966 3432 1058 3483 καὶ
1092 3431 1183 3484 τὸν
1210 3432 1267 3483 ὲν
1309 3432 1493 3494 αὐτοῖς
1546 3431 1755 3499 θεοειδῆ
1812 3431 1927 3499 βίον

360 3522 457 3592 τῆς
490 3522 909 3591 πανυπεράγνου
953 3520 1253 3589 Δεσποίνης
1296 3520 1454 3588 ήμῶν
1506 3520 1775 3573 Θεοτόκου
1836 3520 1928 3571 καὶ

363 3615 451 3666 ἀεὶ
476 3612 751 3682 Παρθένου
768 3611 1003 3681 Μαρίας.
1032 3609 1263 3664 llomilia
1292 3611 1345 3663 in
1370 3612 1660 3679 ingressum
1688 3614 1740 3662 in
1764 3611 1930 3665 Sanc-

364 3714 774 3769 tasauctorum,
798 3714 846 3757 et
870 3705 1000 3756 inibi
1022 3704 1128 3756 vita
1151 3706 1328 3755 divina
1356 3704 1668 3757 castissima:
1693 3703 1930 3756 Domina

363 3795 797 3863 IostrcDeiparte
824 3811 885 3847 ac
916 3811 1116 3863 semper
1145 3794 1365 3864 Virginis
1397 3797 1603 3850 Maria.
1636 3794 1759 3848 Iuil.
1792 3809 1808 3848 :
1846 3796 1929 3847 Ἐ-

361 3887 425 3939 ἰέὶ
446 3887 554 3936 τῶν
590 3884 878 3953 μειζόνων.

433 3972 497 4026 L.
524 3973 630 4025 Τοῦ
658 3973 823 4025 αὐτοῦ
855 3972 1041 4043 ὁμιλία
1060 3973 1437 4042 ἐκφωνηθεῖσα
1466 3974 1607 4026 κατὰ
1629 3973 1727 4044 τήν
1755 3974 1929 4043 αὐτὴν

362 4066 440 4127 εἰς
464 4067 532 4115 τὰ
585 4063 756 4131 Ἀγια
786 4064 895 4116 τῶν
932 4064 1103 4131 ἁγίων
1135 4063 1337 4116 εἴσοδον
1375 4064 1564 4133 ἑορτήν
1610 4065 1929 4134 πανυπερά-

362 4170 489 4221 γνου
518 4154 815 4223 Δεσποίνης
840 4154 996 4224 ήμῶν
1016 4153 1302 4207 Θεοτόκου.
1336 4153 1576 4206 llomilia
1630 4155 1810 4209 habita
1871 4158 1929 4210 in

361 4249 539 4304 eadem
577 4249 906 4303 solemnitate
949 4237 1209 4317 ingressus
1255 4252 1308 4302 in
1367 4247 1566 4303 Sancta
1627 4262 1928 4306 sanctorum

364 4341 682 4395 castissima
724 4340 963 4394 Domina:
994 4351 1194 4394 nostri:
1220 4339 1479 4409 θείμαν-ιε.
1533 4340 1658 4395 luit.
1697 4359 1711 4396 :
1771 4342 1836 4395 Et
1867 4345 1930 4397 ἐκ

362 4433 455 4486 τοῦ
488 4432 704 4504 καρποῦ
736 4434 797 4485 τὸ
820 4432 1035 4502 δένδρον
1058 4432 1411 4499 γινώσκεται.

434 4523 521 4578 LI.
545 4522 653 4577 T06
682 4520 848 4576 αὐτοῦ
871 4523 1080 4591 ὁμιλία,
1114 4523 1195 4575 ὅτι
1229 4525 1368 4592 μετᾶ
1415 4523 1515 4593 τὴν
1566 4524 1659 4577 τοῦ
1719 4524 1927 4596 Κυρίου

366 4615 672 4685 παρουσίαν
692 4616 785 4667 καὶ
825 4616 935 4676 τοῖς
966 4650 984 4668 .
1068 4652 1085 4668 .
1163 4652 1178 4669 .
1258 4653 1273 4669 .
1320 4616 1523 4684 μείζων
1572 4619 1801 4687 ἀμοιϐὴ,
1834 4621 1929 4670 καὶ

362 4711 472 4770 τοῖς
490 4706 779 4761 ἀπειθοῦσι
807 4706 1009 4758 πλείων
1031 4707 1065 4774 ή
1093 4706 1335 4770 κόλασις,
1363 4713 1458 4759 καί
1484 4709 1612 4776 περὶ
1648 4710 1928 4778 διαφόρων

369 4799 555 4851 παθῶν
582 4798 677 4851 καὶ
703 4798 937 4867 ἀρετῶν.
988 4797 1335 4868 Ἐξεφωνήθη
1368 4798 1508 4851 κατὰ
1530 4798 1765 4871 δεκάτην
1823 4800 1926 4852 τοῦ

363 4891 543 4943 Amani
575 4889 880 4960 Κυριακήν,
906 4889 1028 4959 ἥτις
1077 4891 1194 4940 ἐστὶ
1217 4888 1319 4957 τῆς
1375 4888 1486 4942 τῶν
1542 4891 1925 4960 προπατόρων.

370 4980 414 5033 ll
424 4981 631 5043 omilia,
658 4981 796 5050 quod
818 4988 931 5049 post
966 4979 1173 5032 Domini
1222 4983 1499 5033 adventum
1528 4991 1574 5032 et
1602 4982 1928 5034 credentibus

364 5074 532 5141 major
562 5073 860 5133 retributio,
892 5082 1069 5125 etnon
1121 5071 1521 5140 obsequentibus
1570 5072 1746 5140 majus
1803 5089 1929 5141 sup-

363 5165 572 5231 ilicium
598 5174 845 5232 paretur;
878 5180 941 5216 ac
986 5164 1051 5216 de
1096 5164 1315 5217 diversis
1342 5165 1482 5218 vitiis
1521 5165 1925 5233 virtutibusque.

368 5254 561 5308 llabita
581 5266 654 5309 est
684 5257 887 5308 decima
908 5253 1061 5307 Luca:
1080 5252 1375 5319 Dominica,
1400 5271 1516 5323 qua:
1538 5265 1614 5308 est
1638 5257 1927 5324 primorum

361 5345 606 5400 Patrum.
642 5347 759 5401 luit.
787 5366 800 5402 :
849 5348 1145 5417 Ἐκήρυττε
1179 5347 1277 5415 μὲν
1301 5349 1395 5401 καὶ
1422 5348 1449 5399 ὁ
1476 5348 1706 5407 παλαιὸς
1740 5347 1924 5412 νόμος.

429 5437 537 5492 LII.
571 5439 678 5491 T06
711 5438 874 5490 αὑτοῦ
906 5439 1114 5508 ὁμιλία,
1147 5438 1526 5506 ὲκφωνηθείσα
1556 5441 1621 5507 τῇ
1673 5441 1923 5509 Κυριακῇ

358 5528 463 5581 τῶν
490 5531 873 5599 προπατόρων,
905 5532 960 5584 ἐν
991 5526 1139 5601 ᾖκαὶ
1160 5532 1294 5600 πρὸς
1323 5530 1449 5592 τοὺς
1496 5530 1753 5598 ῥᾳθύμως
1782 5531 1929 5598 έχον-

296 5602 311 5613 ’
357 5636 452 5683 τας
486 5622 567 5683 εἰς
598 5621 696 5690 τὴν
720 5621 986 5692 ἀκρόασιν
1020 5625 1119 5693 τῆς
1158 5622 1508 5683 διδασκαλίας
1573 5621 1661 5672 διὰ
1688 5621 1783 5689 τὴν
1832 5621 1925 5671 τοῦ

357 5711 549 5781 καιροῦ
568 5713 883 5783 δυσχέρειαν
900 5714 992 5781 καὶ
1016 5711 1121 5765 τῶν
1149 5712 1471 5784 σωματικῶν
1488 5712 1682 5782 χρειῶν
1698 5712 1922 5765 ἔκδειαν.

1160 303 1488 366 OPEIIUM
1530 305 2013 365 A'BG‘UMENT‘A
2052 304 2151 362 ΕΧ
2195 302 2409 364 CODD.
2437 302 2765 365 COISLIN.

3481 317 3587 381 8m

2041 409 2275 463 Ilomilia
2308 414 2484 465 habita
2519 414 2792 466 ﬂaminica
2816 414 3104 481 primarum
3135 414 3377 483 Patrum,
3404 424 3454 474 in
3481 441 3585 492 qua

2031 502 2275 554 adversus
2295 519 2381 555 eos
2404 502 2580 571 agitur
2601 505 2688 573 qui
2715 504 2938 572 segniter
2966 522 3019 556 se
3043 507 3227 559 habent
3251 512 3302 560 in
3326 516 3589 567 audienda

2030 594 2292 657 doctrina,
2326 603 2435 645 tum
2467 596 2529 645 ob
2561 595 2916 662 difﬁcultatem
2939 600 3184 664 temporis
3209 616 3295 652 seu
3316 604 3594 658 calamita-

2031 695 2151 747 tem,
2217 686 2404 736 tumob
2472 688 2745 753 penuriam
2794 689 3143 749 corporalium
3196 696 3590 752 necessitatum.

2033 775 2155 829 luit.
2179 775 2314 828 :T06
2334 775 2653 844 μονογενοῦς
2690 778 2823 831 Υίοῦ
2881 778 2974 831 τοῦ
2995 780 3148 833 Θεοῦ.
3174 781 3294 838 "ac
3313 802 3501 852 magna
3525 805 3592 842 cx

2029 878 2184 936 parte
2204 868 2523 939 inutilaiest.

2104 959 2238 1013 LIII.
2271 962 2377 1012 Τοῦ
2401 961 2566 1014 αὑτοῦ
2602 962 2788 1031 ὁμιλία
2811 965 2938 1034 περὶ
2969 966 3077 1017 τῶν
3116 966 3284 1032 ἁγίων
3338 971 3431 1022 καὶ
3470 989 3593 1040 φρι-

2031 1052 2175 1103 κτῶν
2194 1051 2287 1104 τοῦ
2316 1053 2551 1121 Χριστοῦ
2577 1056 2913 1123 μυστηρίων,
2949 1057 3325 1127 ἑκφωνηθεῖσα
3351 1064 3449 1127 πρὸ
3470 1081 3594 1118 τετ-

2030 1144 2211 1212 τάρων
2245 1142 2469 1213 ήμερών
2501 1144 2598 1211 τῆς
2642 1145 2733 1197 τοῦ
2770 1146 3008 1212 Χριστοῦ
3036 1150 3372 1219 γεννήσεως.
3405 1152 3594 1208 Homi-

2031 1237 2105 1289 lia
2130 1238 2191 1289 de
2221 1237 2421 1289 sanctis
2445 1246 2492 1289 et
2509 1238 2782 1290 horrendis
2822 1238 3021 1291 Christi
3062 1244 3343 1307 mysteriis.
3408 1245 3592 1301 habita

2032 1342 2258 1398 quatuor
2284 1331 2469 1383 diebus
2493 1340 2617 1383 ante
2647 1330 2845 1383 Christi
2873 1340 3069 1387 ortum.
3118 1333 3241 1389 luit.
3274 1352 3286 1388 :
3336 1337 3396 1387 Ὀ
3434 1337 3594 1405 λόγος

2028 1424 2058 1475 ὁ
2087 1422 2355 1481 συντελῶν
2390 1423 2528 1490 πρὸς
2551 1420 2848 1493 σωτηρίαν.
2883 1423 2973 1477 Bis
3020 1424 3293 1495 descripta
3357 1433 3598 1485 occurrit

2032 1530 2183 1568 num.
2221 1515 2287 1568 55
2316 1524 2368 1567 et
2398 1512 2485 1567 δι.

2098 1603 2232 1658 LIV.
2279 1603 2385 1657 Τοῦ
2435 1604 2600 1656 αὐτοῦ
2639 1604 2825 1674 ὁμιλία
2882 1608 2949 1677 τῇ
3016 1607 3271 1678 κυριακῇ
3328 1610 3435 1678 πρὸ
3496 1611 3598 1679 τῆς

2031 1695 2269 1765 Χριστοῦ
2305 1695 2614 1763 γεννήσεως
2652 1696 2757 1747 τῶν
2788 1696 2959 1762 ἁγίων
3023 1699 3281 1769 Πατέρων
3331 1702 3457 1769 περὶ
3497 1702 3597 1771 τῆς

2032 1786 2173 1839 κατὰ
2204 1786 2382 1856 σάρκα
2408 1786 2763 1853 γενεαλογίας
2789 1788 2882 1839 τοῦ
2915 1789 3117 1858 Κυρίου
3144 1792 3237 1841 καὶ
3274 1792 3407 1843 Θεοῦ
3442 1793 3599 1862 ήμῶν

2044 1877 2217 1948 Ἰησοῦ
2254 1876 2515 1945 Χριστοῦ,
2554 1879 2646 1930 καὶ
2678 1882 2783 1947 τῆς
2812 1880 2977 1932 αὑτὸν
3022 1882 3079 1931 ὲν
3107 1881 3375 1952 παρθενίᾳ
3406 1885 3598 1937 τεκού-

2033 1986 2133 2036 σης
2166 1969 2254 2021 ἀεὶ
2288 1969 2556 2037 παρθένου
2586 1968 2873 2023 Θεοτὸκου.
2927 1970 3159 2025 Homilia
3202 1974 3254 2026 in
3322 1973 3597 2029 ltominica

2049 2072 2169 2114 ante
2201 2059 2401 2115 Christi
2446 2061 2775 2114 nativitatem
2801 2077 2865 2114 e1:
2892 2061 2990 2116 SS.
3044 2065 3297 2116 Patribus
3323 2065 3385 2117 de
3411 2082 3600 2132 genea-

2026 2152 2171 2221 logia
2206 2152 2487 2205 secundum
2516 2167 2726 2203 carnem
2758 2151 2992 2217 Domini,
3048 2165 3096 2208 et
3142 2154 3234 2208 Dei
3255 2156 3422 2206 nostri
3468 2157 3599 2209 Iesu

2032 2242 2252 2302 Christi.
2286 2259 2480 2297 necnon
2511 2241 2622 2311 ejus
2652 2244 2741 2311 qui
2774 2245 2945 2311 ipsum
2982 2246 3035 2296 in
3069 2244 3367 2313 virginitate
3400 2250 3599 2314 genuit,

2032 2351 2232 2403 semper
2269 2333 2499 2402 Virginis
2552 2332 2763 2389 Mariae.
2822 2334 2945 2388 luit.
2982 2350 2999 2390 :
3043 2335 3491 2403 ’Δγενεαλόγητον
3519 2331 3600 2389 εἷς

2032 2430 2129 2481 ναι
2145 2430 2236 2479 τὸν
2273 2426 2496 2495 Κύριον.

2104 2516 2213 2571 LV.
2245 2515 2354 2571 Τοῦ
2382 2518 2545 2570 αὑτοῦ
2573 2517 2761 2588 ὁμιλία
2794 2518 2874 2579 είς
2905 2516 3003 2586 τήν
3031 2516 3171 2571 κατὰ
3210 2519 3387 2589 σάρκα
3449 2519 3602 2574 θείαν

2034 2609 2125 2661 καὶ
2153 2610 2417 2676 σωτήριον
2439 2608 2690 2678 γέννησιν
2712 2606 2803 2659 τοῦ
2832 2605 3037 2677 Κυρίου
3060 2607 3152 2658 καὶ
3174 2607 3422 2678 Σωτῆρος
3447 2608 3603 2679 ήμῶν

2048 2699 2220 2770 Ἰησοῦ
2252 2699 2513 2769 Χριστοῦ.
2556 2699 2792 2752 llomilia
2824 2699 2880 2752 in
2922 2700 3154 2753 divinam
3207 2711 3254 2754 et
3310 2701 3602 2754 salutarem

2034 2791 2319 2843 secundum
2358 2806 2565 2842 carnem
2607 2791 2935 2843 nativitatem
2967 2789 3170 2844 Domini
3210 2802 3256 2845 et
3302 2790 3602 2846 Saluatoris

2035 2883 2202 2935 nostri
2241 2880 2366 2934 Jesu
2398 2879 2619 2933 Christi.
2649 2880 2771 2933 luit.
2802 2896 2816 2932 :
2846 2880 2957 2949 Τῆς
2993 2880 3333 2951 παρθενικῆς
3386 2881 3603 2951 λοχείας

2034 2976 2067 3042 ή
2102 2971 2195 3025 νῦν
2224 2973 2436 3039 τελετή.
3174 2979 3178 2983 ’
3426 3008 3429 3009 ν
3460 3006 3471 3015 -

2108 3064 2239 3119 LVI.
2286 3066 2392 3118 Τοῦ
2421 3063 2589 3117 αὑτοῦ
2612 3063 2797 3133 ὁμιλία
2849 3061 2982 3132 περὶ
3014 3060 3123 3113 τῶν
3176 3062 3317 3115 κατὰ
3340 3062 3400 3114 τὸ
3459 3063 3604 3116 θετον

2036 3156 2321 3226 βάπτισμα
2347 3155 2707 3223 τελουμένων,
2741 3155 2837 3207 καὶ
2865 3154 2992 3223 περὶ
3019 3153 3325 3221 μετανοίας,
3355 3155 3448 3206 καὶ
3473 3156 3604 3221 περὶ

2034 3253 2142 3305 τῶν
2164 3254 2291 3319 περὶ
2321 3252 2493 3321 αὐτῆς
2522 3250 2824 3321 εἰρημένων
2853 3251 3002 3318 παρᾶ
3036 3248 3128 3301 τοῦ
3160 3249 3605 3317 βαπτιστοῦΊω-

2035 3345 2216 3397 άννου.
2248 3341 2599 3411 Ἐξεφωνήθη
2628 3343 2691 3410 τῇ
2721 3341 3013 3409 παραμονῇ
3044 3339 3150 3391 τῶν
3172 3340 3384 3407 φωτῶν.
3418 3339 3605 3393 Homi-

2035 3435 2108 3487 lia
2146 3436 2208 3487 de
2230 3435 2295 3486 iis
2334 3434 2423 3502 qui
2453 3435 2735 3485 secundum
2786 3432 3019 3483 divinum
3074 3431 3337 3499 baptisma
3399 3431 3605 3486 initiati

2035 3534 2179 3585 sunt,
2227 3540 2287 3576 ac
2318 3525 2380 3575 de
2417 3522 2743 3590 paenitentia,
2796 3522 2961 3589 deque
3024 3521 3091 3574 iis
3144 3539 3260 3590 qua:
3295 3541 3327 3575 a
3382 3522 3599 3577 Joanne

2036 3616 2281 3684 Baptista
2314 3616 2452 3667 circa
2484 3614 2633 3665 illam
2666 3614 2810 3663 dicta
2864 3623 3007 3666 sunt.
3050 3610 3249 3664 Habita
3286 3624 3362 3666 est
3432 3616 3487 3666 in
3507 3630 3603 3667 ex.

2036 3708 2333 3775 pectatione
2366 3704 2648 3757 luminum.
2694 3702 2860 3755 luit.:
2914 3702 2977 3755 Ἦ
3026 3706 3282 3772 μετάνοια
3315 3705 3407 3756 καὶ
3459 3706 3603 3777 ἀρχή

2039 3798 2156 3848 ἐστι
2184 3797 2276 3846 καὶ
2303 3795 2540 3863 μεσότης
2559 3795 2652 3844 καὶ
2697 3794 2771 3845 τέρ
2790 3807 2869 3854 0;.

2111 3883 2265 3939 LVII.
2299 3884 2405 3936 Τοῦ
2437 3883 2600 3937 αὑτοῦ
2632 3882 2819 3952 ὁμιλία
2856 3884 3083 3953 ρηθεϊσα
3131 3888 3198 3951 τῇ
3230 3883 3362 3956 ἁγίᾳ
3392 3886 3484 3938 καὶ
3513 3902 3605 3939 σε-

2040 3976 2247 4046 ῦασμίᾳ
2282 3977 2440 4045 ἑορτῇ
2471 3973 2579 4026 τῶν
2615 3973 2835 4040 Φώτων,
2862 3977 2918 4027 ὲν
3026 3977 3168 4028 κατὰ
3203 3978 3263 4027 τὸ
3318 3978 3606 4045 ἐγχωροῦν

2039 4069 2302 4137 ἐκφανσις
2338 4065 2431 4118 τοῦ
2476 4066 2782 4135 μυστηρίου
2808 4066 2903 4117 τοῦ
2930 4066 3169 4137 Χριστοῦ
3204 4065 3605 4135 βαπτίσματος.

2044 4160 2277 4213 Humilia
2302 4159 2480 4211 habita
2499 4158 2552 4210 in
2575 4166 2758 4211 sancto
2776 4169 2822 4211 et
2847 4157 3134 4211 venerando
3152 4158 3284 4226 festo
3306 4156 3607 4224 Luminum,

2037 4254 2125 4305 ubi
2142 4267 2234 4319 pro
2253 4249 2506 4318 facultate
2520 4250 2775 4319 expositio
2791 4252 3024 4319 mysterii
3042 4250 3371 4318 baptismatis
3387 4250 3606 4304 Christi.

2038 4344 2162 4398 luit.
2199 4362 2212 4396 :
2255 4341 2394 4402 Χθὲς
2424 4340 2903 4410 συνεκκλησιάζων
2933 4341 3027 4393 καὶ
3052 4342 3425 4408 συνεορτὰζων
3456 4342 3605 4411 ὑμῖν.

2107 4432 2290 4489 LVIII.
2322 4431 2428 4484 T06
2452 4432 2618 4485 αὑτοῦ
2649 4431 2839 4500 ὁμιλία
2870 4434 2938 4500 τῇ
2976 4427 3041 4499 ιβ’
3078 4431 3329 4500 Κυριακῇ
3348 4431 3441 4482 τοῦ
3466 4432 3610 4483 Aou-

2037 4528 2132 4587 κᾶ,
2163 4524 2419 4577 ὑπόθεσιν
2448 4522 2647 4593 ἔχουσα
2681 4524 2790 4574 τῶν
2819 4520 2955 4573 δέκα
3015 4520 3236 4589 λεπρῶν
3299 4521 3610 4591 παράδοξον

2040 4617 2207 4668 ίασινο
2243 4617 2302 4667 ὲν
2348 4611 2380 4682 ᾖ
2414 4615 2668 4683 περὶτῆς
2698 4616 2835 4683 πρὸς
2859 4612 2991 4665 Θεὸν
3043 4612 3137 4663 καὶ
3198 4612 3334 4682 πρὸς
3383 4613 3610 4676 ἑαυτούς

2035 4725 2095 4760 τε
2156 4707 2252 4759 καὶ
2303 4706 2567 4775 ἀλλήλους
2611 4707 2856 4774 εἰρήνης.
2920 4702 3157 4757 Homilia
3203 4705 3257 4757 in
3299 4705 3607 4757 duodecima

2037 4799 2316 4853 Dominica
2348 4796 2521 4862 Lucae,
2550 4797 2698 4865 cujus
2729 4806 3096 4866 argumentum
3122 4804 3198 4850 est
3230 4795 3408 4849 decem
3433 4798 3608 4865 lepro-

2036 4906 2215 4943 sorum
2242 4886 2500 4941 mirabilis
2542 4888 2787 4950 curatio;
2818 4886 2907 4940 ubi
2944 4891 3006 4940 de
3037 4904 3162 4954 pace
3188 4904 3307 4940 cum
3342 4886 3450 4941 Deo
3477 4897 3609 4940 mter

2038 4998 2132 5035 nos
2166 4989 2345 5033 mutuo
2380 4978 2642 5031 habenda.
2679 4977 2805 5033 Inil.
2841 4995 2857 5034 :
2907 4978 2990 5030 Τά
3014 4977 3107 5029 τοῦ
3154 4979 3390 5032 παλαιοῦ
3442 4980 3606 5047 νόμου

2037 5074 2211 5126 πάντα
2242 5088 2305 5123 συ
2313 5070 2566 5141 μὸολικά.

2105 5162 2244 5217 LIX.
2279 5162 2386 5216 Τοῦ
2430 5162 2594 5216 αὐτοῦ
2624 5161 2810 5231 ὁμιλία
2844 5163 2912 5231 τῇ
2949 5167 3008 5215 ιε’
3063 5163 3314 5232 κυριακῇ
3342 5161 3433 5213 τοῦ
3472 5160 3605 5212 Λου-

2034 5257 2126 5319 κᾶ,
2158 5256 2415 5307 ὑπόθεσιν
2446 5253 2643 5323 ἔχουσα
2679 5257 2803 5323 (τὴν
2826 5254 2919 5305 τοῦ
2943 5254 3308 5323 ἁρχιτελὼνου
3338 5249 3603 5319 Ζακχαίου

2034 5346 2318 5415 διόρθωσιν
2365 5344 2461 5397 καὶ
2493 5344 2790 5414 σωτηρίαν,
2823 5362 2842 5395 s
2880 5346 2939 5395 ὲν
3032 5346 3124 5395 καὶ
3153 5341 3292 5395 κατά
3334 5340 3602 5407 φιλαργυ-

2036 5438 2178 5507 ρίας.
2215 5434 2449 5487 Homilia
2494 5435 2546 5487 in
2612 5435 2815 5487 decima
2873 5435 3057 5504 quinta
3110 5431 3383 5485 Dominica
3424 5429 3603 5495 Lucz,

2034 5536 2398 5594 argumentum
2457 5526 2694 5580 habens:
2745 5544 2763 5578 ι
2821 5523 3063 5577 ΖατςΙιιεὶ
3128 5523 3376 5591 principis
3428 5522 3607 5575 telouz'i

2033 5618 2332 5683 pteni'emia
2381 5626 2427 5668 et
2465 5617 2629 5669 salus.
2678 5636 2693 5665 υ
2745 5615 2807 5667 In
2842 5633 2943 5684 qua
2987 5617 3146 5667 etiam
3205 5627 3387 5667 contra
3431 5614 3607 5667 avari-

2040 5712 2183 5760 αλιι.
2222 5709 2344 5761 luil.
2384 5725 2394 5759 :
2436 5709 2633 5777 Πρώην
2670 5708 2767 5777 μὲν
2786 5706 2875 5759 τοῦ
2912 5705 3297 5775 εὐαγγελιστοῦ
3323 5709 3528 5762 Λαυκᾶ.
