3956 6194
359 500 644 570 Acindyni,
672 510 774 569 quo
805 509 1020 568 putasse
1063 501 1440 568 comprobatur
1467 511 1678 554 sanctos
1715 517 1809 554 nec
1841 500 1943 553 sibi

358 591 513 659 ipsis,
548 605 641 643 nec
669 591 805 643 inter
834 605 887 643 se
919 597 1100 643 mutuo
1128 591 1470 660 congruentia
1495 601 1545 645 et
1575 591 1947 652 consequentia

361 683 579 736 sentire.

434 772 499 824 e'.
565 767 689 824 Ὀτι
750 769 814 822 τὸ
867 769 1010 822 κατὰ
1060 770 1122 823 τὸ
1177 770 1463 842 Θασὼριον
1519 771 1648 832 τοὺς
1699 770 1949 842 μαθητὰς

365 862 783 931 περιαστράψαι)
829 862 968 930 φῶς,
1004 861 1315 933 ἀχώριστόν
1371 865 1488 916 ἐστι
1545 868 1646 933 τῆς
1694 864 1949 934 θεότητος

365 954 461 1008 ἂτε
517 954 765 1020 φυσικῶς
808 955 943 1023 αὐτῇ
982 955 1210 1023 προσὸν,
1248 956 1342 1008 καὶ
1394 955 1494 1024 τῆς
1537 955 1686 1016 θείας
1735 953 1950 1023 φύσεως

364 1045 694 1114 λαμπρότης
726 1044 804 1097 ὃν.
830 1046 883 1099 5.
911 1045 1066 1111 Quod
1089 1046 1260 1100 lumen
1285 1048 1338 1100 in
1372 1045 1633 1100 Tltaborio
1664 1043 1949 1113 discipulos

369 1135 672 1198 illustrans,
707 1136 1064 1204 inseparabile
1097 1141 1256 1206 fuerit
1290 1156 1322 1190 ιι
1361 1138 1574 1201 deitate,
1603 1145 1782 1203 utpote
1811 1135 1950 1206 quod

373 1227 472 1293 ip..i
531 1227 849 1280 naturaliter
894 1227 1122 1294 adesset,
1154 1239 1203 1283 et
1241 1229 1433 1283 divina:
1472 1241 1680 1283 natura:
1703 1227 1952 1297 splendor

371 1327 504 1370 esset
515 1359 529 1371 .

449 1415 520 1472 ς’.
560 1409 680 1461 Ὀτι
707 1410 1045 1478 ἀνέκφαντος
1080 1410 1203 1464 καθ’
1244 1411 1446 1481 ἑαυτὴν
1495 1412 1526 1480 ἡ
1594 1411 1716 1464 θεία
1763 1409 1949 1479 φύσις,

375 1503 470 1552 καὶ
509 1502 691 1563 αὺτοῖς
719 1503 949 1564 ἐκείνοις
980 1499 1061 1566 οἷς
1108 1504 1438 1575 ἁπορῤήτως
1493 1502 1848 1572 ἐπιφαίνεται
1893 1502 1954 1554 τὸ

377 1592 523 1643 Θεῖον
542 1593 699 1644 τοῦτο
739 1595 873 1660 φῶς.
910 1595 959 1648 6.
996 1594 1149 1658 Quod
1171 1596 1348 1650 divina
1373 1605 1564 1648 natura
1588 1611 1678 1663 per
1712 1611 1766 1648 se
1786 1610 1955 1663 appa-

377 1701 490 1736 rere
506 1695 721 1754 nequeat
748 1686 905 1738 etiam
945 1688 1010 1740 iis
1037 1687 1186 1754 ipsis,
1217 1689 1406 1757 quibus
1465 1687 1698 1740 divinum
1733 1687 1828 1740 hoc
1877 1685 1957 1739 lu-

379 1792 496 1827 men
557 1793 751 1828 arcano
779 1778 932 1830 modo
992 1789 1230 1847 apparet.

451 1866 515 1929 ξ’·
549 1869 673 1920 Ὅτι
704 1871 802 1938 οὐχ
835 1872 883 1922 οί
908 1871 1159 1939 λέγοντες
1214 1872 1572 1940 ὑπερκεῖσθαι
1627 1871 1809 1941 πάσης
1865 1873 1956 1924 ἐκ·

381 1960 635 2026 φάνσεως
666 1961 766 2029 τὴν
800 1961 952 2014 θείαν
984 1963 1168 2030 φύσιν,
1203 1963 1320 2016 ἀλλ’
1351 1965 1397 2016 oi
1421 1963 1494 2034 μὴ
1525 1963 1680 2016 τοῦτο
1699 1963 1952 2030 λέγοντες

379 2053 457 2109 εἰς
483 2051 774 2103 πολυθεῖαν
801 2053 1220 2121 περιπίπτουσιν
1246 2054 1321 2117 ὡς
1342 2054 1576 2122 άληθῶς.
1599 2054 1646 2108 7.
1672 2054 1827 2120 Quod
1854 2069 1959 2106 non

383 2142 422 2194 ii
437 2144 526 2211 qui
548 2143 726 2195 dicunt
755 2143 988 2197 divinam
1023 2157 1275 2201 naturam
1301 2148 1444 2201 omni
1499 2149 1833 2215 apparitione
1869 2163 1958 2200 su-

383 2233 721 2302 perentinere,
761 2236 850 2287 sed
879 2236 968 2304 qui
1001 2236 1096 2289 hoc
1149 2248 1337 2306 negant
1387 2240 1444 2292 in
1493 2238 1812 2308 polytlteiam
1855 2241 1960 2293 sive

387 2325 839 2393 multiplicitatem
881 2329 1094 2380 deorum
1136 2330 1393 2383 incidant.

459 2422 530 2482 η’.
564 2417 686 2468 ’Ὁτι
719 2418 816 2487 οὔχ
846 2420 894 2470 οἱ
921 2419 1199 2487 ἄκτιστον,
1232 2422 1346 2474 ἀλλ’
1380 2424 1428 2475 οἱ
1463 2422 1682 2475 κτιστὸν
1710 2421 1960 2490 λέγοντες

388 2507 449 2559 τὸ
480 2508 622 2560 θεῖον
644 2511 780 2577 φῶς,
814 2511 872 2562 τὸ
895 2511 1049 2564 θεῖον
1103 2514 1535 2582 φυσιολογοῦσιν.
1571 2516 1624 2568 8.
1665 2514 1816 2580 Quod
1857 2531 1957 2567 non

393 2601 432 2652 ii
457 2603 548 2668 qui
586 2603 904 2670 increotum,
946 2606 1037 2658 sed
1088 2609 1176 2672 qui
1226 2617 1457 2661 creatum
1495 2609 1675 2661 dicunt
1725 2609 1959 2662 divinum

397 2691 593 2755 lumen,
624 2692 679 2744 Ο.
702 2710 785 2745 um
815 2699 960 2748 rebus
998 2698 1331 2750 naturalibus
1353 2705 1717 2752 aauumerent.

465 2779 530 2834 θ’.
563 2783 682 2836 ’Ότι
706 2784 764 2836 τὸ
799 2787 871 2854 μὴ
921 2787 1283 2853 γινώσκεσθαι
1314 2790 1402 2840 τὸν
1431 2787 1562 2841 Θεὸν
1617 2791 1680 2841 ἐκ
1730 2790 1961 2858 φυσικῆς

397 2873 694 2940 ἐμφάσεως
726 2876 826 2927 οὐκ
848 2878 1060 2947 ἀναιρεῖ
1094 2880 1152 2931 τὸ
1181 2878 1546 2947 γινώσκεσθαι
1579 2880 1741 2933 αὐτὸν
1765 2881 1829 2932 ἐκ
1854 2881 1962 2932 τῶν

397 2965 558 3018 θείων
583 2967 749 3019 αὑτοῦ
782 2970 1023 3038 προῦδων
1053 2973 1144 3023 καὶ
1185 2973 1494 3042 ἐνεργειῶν·
1524 2974 1581 3024 ἐν
1632 2969 1675 3040 ᾧ
1734 2974 1962 3043 κτισ·ὴν

396 3055 496 3123 τὴν
521 3057 676 3110 Θείαν
715 3063 970 3128 πρίνοιαν
1001 3064 1095 3114 καὶ
1131 3064 1488 3133 καταληπτὴν
1517 3065 1614 3135 τὴν
1676 3064 1828 3117 θείαν
1862 3065 1962 3130 φύ-

401 3165 486 3200 σιν
515 3151 542 3201 ὁ
589 3149 894 3215 Ἀκίνδυνος
924 3154 1202 3224 ἐλέγχεται
1246 3157 1438 3213 ποιῶν.
1490 3159 1542 3211 9.
1598 3156 1748 3221 Quod
1797 3171 1860 3211 ea:
1905 3173 1962 3210 eo

399 3239 536 3306 quod
572 3239 709 3295 Deus
767 3261 858 3312 per
931 3247 1229 3300 naturalem
1279 3249 1663 3315 apparitioaem
1721 3265 1822 3301 non
1877 3265 1965 3301 co-

400 3343 830 3395 gnoscatur,non
896 3337 1116 3390 tollatur
1168 3341 1392 3408 cognitio
1449 3340 1563 3408 ejus
1620 3355 1711 3406 per
1755 3340 1962 3393 divinas

398 3421 697 3477 emissiones
728 3435 777 3477 et
813 3429 1139 3494 operationes
1167 3447 1185 3493 ;
1219 3431 1309 3482 ubi
1350 3432 1676 3483 convincitur
1732 3431 1965 3500 Aciudy-

403 3528 515 3577 nus,
550 3515 688 3581 quod
708 3517 935 3572 divinam
986 3522 1365 3587 providentiam
1394 3532 1651 3588 creatam,
1711 3523 1968 3576 divinam-

402 3617 496 3669 que
527 3613 771 3658 naturam
798 3611 1308 3674 comprehensibilem
1325 3613 1512 3681 faciat.

475 3693 524 3746 ι’.
556 3696 781 3767 Ἕτεραι
815 3703 1004 3770 ῥήσεις
1046 3703 1354 3756 Ἀκινδὺνου
1392 3705 1484 3756 καὶ
1529 3706 1830 3775 μαρτυρίαι
1860 3708 1968 3759 τῶν

405 3783 573 3853 ἁγίων
601 3789 731 3858 παρ’
765 3791 929 3844 αὑτοῦ
963 3793 1149 3858 κακῶς
1182 3794 1678 3863 ὲκλαμϐανόμεναι,
1698 3797 1970 3866 παριστᾷν

407 3871 834 3946 ἐπιχειροῦντος,
870 3882 945 3952 μὴ
977 3879 1116 3936 εἶναι
1149 3883 1241 3936 τὸν
1297 3884 1430 3938 Θεὸν
1459 3883 1581 3937 κατ’
1617 3885 1805 3937 οὐσίαν
1870 3886 1968 3954 μὲν

407 3968 808 4039 ἀκατάληπτον,
835 3974 943 4026 ἀπὸ
963 3975 1016 4027 δὲ
1037 3976 1149 4027 τῶν
1186 3979 1406 4030 οίκείων
1435 3977 1729 4045 ἐνεργειῶν
1786 3980 1971 4045 ἐπιγι-

406 4059 764 4128 νωσκόμενον.
799 4064 883 4118 10.
910 4066 1026 4118 Alia
1080 4067 1342 4137 Acindyni
1372 4068 1514 4121 dicta
1567 4079 1617 4122 et
1668 4069 1972 4124 testimonia

405 4163 710 4206 sanctorum
755 4155 820 4207 ab
857 4157 967 4224 ipso
1001 4158 1138 4211 male
1198 4171 1479 4228 usurpata,
1522 4160 1705 4230 quibus
1757 4162 1972 4215 demon-

406 4252 578 4297 strare
609 4260 832 4300 conatur
859 4249 1020 4302 Deum
1069 4267 1171 4303 non
1227 4267 1339 4305 esse
1401 4253 1970 4322 incomprehensibilem

407 4337 690 4390 secundum
719 4338 1091 4403 substantiam,
1117 4342 1206 4395 sed
1231 4357 1294 4396 ex
1315 4345 1544 4413 propriis
1587 4347 1975 4413 Operationibus

409 4431 671 4495 cognosci.
1817 4439 1827 4447 '

481 4521 570 4575 ια’.
593 4524 714 4575 Ὅτι
736 4525 828 4577 καὶ
842 4527 942 4594 τῆς
958 4527 1088 4596 παρ’
1105 4528 1298 4581 ἑαυτοῦ
1322 4528 1593 4598 προὸεόλη
1602 4530 1767 4601 μένης
1785 4533 1847 4585 ἑκ
1867 4532 1978 4585 τῶν

408 4611 500 4663 τοῦ
545 4614 692 4668 θείου
744 4617 997 4686 Μαξίμου
1050 4619 1376 4689 μαρτυρίας,
1447 4621 1865 4676 πᾶντούναντίον
1899 4625 1979 4676 εί-

415 4708 663 4770 σηγείται
691 4710 719 4760 ὁ
761 4709 1083 4775 ’Δκίνδυνος,
1135 4713 1228 4764 καὶ
1265 4712 1563 4766 ὑπεναντία
1588 4715 1697 4776 τοῖς
1719 4713 1824 4782 πρὸ
1885 4715 1981 4766 αὐ-

413 4797 504 4850 τοῦ
535 4801 808 4868 θεολόγοις
825 4804 1068 4857 δείκνυσι
1099 4804 1332 4872 λέγοντα
1365 4804 1456 4857 τὸν
1490 4804 1667 4873 ἅγιον,
1699 4809 1795 4858 καὶ
1851 4807 1976 4868 τοὺς

413 4890 590 4956 θείους
611 4895 768 4964 ἡμῶν
791 4898 1033 4960 ἅπαντας
1058 4897 1311 4968 Πατέρας
1336 4900 1593 4967 παραινεῖ
1621 4899 1845 4966 φεύγειν
1885 4903 1980 4953 κοιλ⁴

412 4985 836 5052 ἀποτρέπεσθαι.
886 4988 973 5042 Η.
1005 4988 1157 5053 Quod
1215 4989 1520 5058 Acindynus
1572 5004 1637 5042 ea:
1687 4993 1980 5045 testimonio

416 5071 518 5126 divi
533 5077 756 5130 Maximi
777 5081 840 5131 ab
859 5095 912 5132 se
927 5079 1158 5146 prolato,
1193 5082 1403 5134 omnino
1429 5082 1702 5134 contraria
1727 5082 1939 5135 inducat
1961 5100 1978 5146 ;

425 5175 460 5215 ἰ
493 5179 732 5221 sanctum
765 5170 935 5223 virum
955 5171 1312 5230 adversantia.
1346 5171 1594 5240 theologis
1625 5172 1714 5238 qui
1767 5184 1884 5225 ante
1929 5190 1981 5225 se

416 5272 645 5326 ,uerunt,
684 5263 856 5317 dicere
887 5266 1150 5328 ostendat,
1199 5279 1476 5332 omnesque
1530 5273 1742 5315 sanctos
1791 5263 1978 5317 Patres

418 5361 618 5404 nostros
648 5351 826 5421 fugere
849 5363 897 5407 et
929 5354 1162 5407 aversari
1193 5362 1418 5406 moneat.

485 5443 572 5497 ιϐ’.
617 5445 996 5514 Παρὲστασις,
1022 5445 1102 5498 ὅτι
1144 5445 1324 5508 καλῶς
1359 5446 1386 5496 ὁ
1417 5445 1558 5501 θεῖος
1601 5445 1703 5515 ἔφη
1731 5446 1982 5516 Μάξιμος

419 5536 556 5606 ὑπὲρ
596 5537 855 5604 ἀπειρίαν
879 5531 1018 5589 εἶναι
1051 5537 1141 5589 τὸν
1171 5537 1326 5600 Θεὸν,
1386 5539 1433 5589 εί
1463 5540 1557 5590 καὶ
1622 5537 1880 5600 ἄκτιστος
1950 5540 1983 5610 ή

419 5627 641 5695 ἀπειρία
675 5629 842 5680 ἐστίν·
879 5630 992 5682 ἀλλ’
1023 5631 1121 5698 οὐχ
1160 5630 1233 5691 ὡς
1277 5631 1306 5682 ὁ
1345 5630 1652 5689 ’Λκίνδυνος
1709 5629 1986 5693 δυσσεϐῶς

421 5720 738 5789 διαστρέψαι
767 5721 1066 5787 ἐξεδέξατο.
1097 5722 1181 5774 1‘2.
1220 5721 1630 5786 Datne-istratio,
1665 5722 1802 5788 quod
1832 5723 1987 5788 probe

426 5813 610 5868 (luerit
635 5815 782 5871 divus
820 5817 1082 5870 Maximus
1106 5816 1262 5870 Deu’u
1296 5832 1402 5870 cxsc
1452 5833 1581 5884 npra
1638 5814 1980 5881 infinitatem,

1176 384 1501 446 OPERUM
1543 382 2028 444 ARGUMENTA
2060 382 2163 441 EX
2192 379 2410 439 CODD.
2453 375 2785 466 COlS‘LlN.

3502 376 3625 439 818

2052 499 2263 553 etiamsi
2322 499 2559 552 increata
2586 500 2652 551 sit
2719 497 2992 560 infinitas;
3053 495 3144 546 sed
3169 510 3269 546 non
3309 509 3410 564 quo
3472 511 3626 549 sensu

2051 587 2356 656 Acindynus
2391 589 2542 655 impie
2578 587 2884 654 detorquere
2923 595 3140 636 conatus
3172 595 3268 636 est.

2129 684 2218 745 ιγ’.
2257 679 2381 730 "Ott
2426 680 2488 729 ὲκ
2538 679 2645 730 τῶν
2680 677 2995 746 κτισμάτων
3029 677 3088 728 οὐ
3115 678 3209 743 τῆς
3237 677 3384 737 θείας
3413 679 3624 742 οὐσίας,

2053 769 2190 822 ἀλλὰ
2217 769 2325 821 τῶν
2351 768 2512 822 θείων
2560 770 2875 839 ἐνεργειῶν,
2932 769 2988 820 ὲν
3027 769 3274 838 περινοίᾳ
3338 771 3622 838 γινόμεθα.

2054 861 2223 914 ’1ὀῦτο
2243 861 2287 914 δ’
2314 863 2520 914 ἀθετῶν
2552 865 2578 914 ὁ
2625 861 2932 922 Ἀκίνδυνος
2985 860 3229 912 συναῒδια
3287 861 3362 928 τῷ
3397 861 3512 930 Θεῷ
3559 863 3625 914 τὰ

2054 954 2332 1020 κτίσματα
2386 955 2647 1021 δοξάζων,
2710 954 2939 1022 Ἕλλησί
2999 971 3058 1006 τε
3093 954 3187 1006 καὶ
3245 953 3321 1020 τῷ
3377 954 3626 1020 Εὐνομίῳ

2056 1047 2362 1114 συμφωνῶν
2388 1048 2692 1117 ἐλέγχεται.
2745 1047 2836 1101 1⁸5.
2885 1046 3043 1112 Quod
3081 1049 3153 1100 ea:
3201 1046 3459 1100 creaturis
3524 1063 3626 1098 non

2054 1136 2246 1190 divina:
2297 1137 2556 1196 essentiat‘.
2619 1138 2708 1189 sed
2759 1137 3058 1190 divinarum
3120 1137 3476 1205 operationum
3535 1153 3625 1192 co-

2055 1227 2343 1296 gnitionem
2365 1244 2722 1296 assequamur.
2778 1228 2888 1281 Iloc
2935 1245 3051 1281 cum
3118 1238 3260 1297 neget
3305 1229 3624 1298 Acintlgnus,

2056 1329 2326 1372 creaturas
2370 1337 2478 1373 (3888
2504 1320 2608 1373 Ι)εο
2642 1306 2929 1373 coa'ternas
2965 1321 3296 1379 existimans.
3334 1338 3450 1372 cum
3475 1318 3626 1374 Cra:-

2056 1414 2130 1465 cis
2159 1423 2339 1466 etcum
2369 1411 2624 1465 Eunomia
2677 1414 2970 1466 consentire
3029 1412 3458 1479 deprehenditur.

2130 1504 2210 1557 ιδ’.
2246 1505 2506 1572 Ἔλεγχος
2540 1504 2620 1556 ἔτι
2645 1505 2744 1573 τῆς
2772 1504 2938 1558 αὑτοῦ
2973 1504 3131 1573 δόξης
3181 1501 3628 1570 ἀπαγορεύοντος

2058 1597 2446 1662 πνευματικῶς
2468 1596 2697 1666 δρᾶσθαι
2729 1597 2789 1648 τὸ
2825 1596 3102 1649 θειότατον
3126 1596 3258 1665 φῶς,
3289 1597 3346 1647 ἐν
3385 1588 3428 1660 ᾧ
3455 1595 3627 1662 παρά-

2060 1700 2268 1748 στασις,
2303 1687 2377 1745 ὡς
2407 1687 2468 1739 οὐ
2503 1686 2561 1739 τὸ
2594 1687 2706 1752 φῶς
2738 1689 2897 1754 μόνον
2948 1688 3224 1745 ἄκτιστον,
3271 1686 3406 1738 ἀλλὰ
3475 1686 3568 1737 καὶ
3597 1687 3630 1753 ἡ

2059 1775 2286 1843 δύναμις
2317 1777 2440 1829 καθ’
2467 1779 2770 1850 ἥνορᾶται.
2803 1779 2887 1833 14.
2918 1778 3182 1847 Refutatio
3197 1795 3308 1847 ejus
3338 1779 3627 1840 sententiae,

2059 1885 2163 1936 qua
2203 1880 2352 1938 negot
2378 1871 2762 1926 divinissimum
2803 1873 2977 1926 lumen
3023 1873 3374 1940 spiritualiter
3437 1871 3630 1932 rideri;

2021 2007 2025 2011 .
2063 1959 2153 2012 ubi
2200 1962 2359 2014 etiam
2395 1962 2790 2016 demonstratur
2821 1981 2920 2016 non
2955 1963 3108 2016 modo
3143 1963 3312 2015 lumen
3335 1962 3627 2015 increatum

2062 2065 2192 2112 esse,
2217 2053 2304 2104 sed
2327 2054 2485 2105 etiam
2537 2053 2843 2118 facultatem
2877 2070 2969 2122 per
3002 2070 3158 2124 quam
3191 2055 3416 2106 videtur.

2138 2169 2218 2216 ιε’.
2255 2164 2512 2226 Ἔκθεσις
2538 2162 2635 2217 καὶ
2686 2163 2966 2235 ἀνασκευὴ
3035 2165 3249 2234 ρήσεως
3307 2163 3474 2232 ἄλλης
3539 2162 3633 2214 τοῦ

2064 2256 2250 2315 αὐτοῦ,
2284 2257 2575 2328 ἀδιάφορον
2613 2258 2768 2312 πάλιν
2821 2257 3166 2327 πειρωμένου
3228 2255 3508 2310 δεικνύναι
3567 2259 3633 2324 τῇ

2067 2347 2188 2417 θεία
2211 2346 2365 2417 οὐσία
2388 2349 2487 2416 τὴν
2519 2349 2827 2416 ἐνέργειαν,
2861 2348 2957 2400 καὶ
2991 2346 3215 2417 κτιστὴν
3273 2345 3372 2416 τὴν
3432 2349 3624 2415 ἐπιφα-

2067 2440 2248 2490 νεῖσαν
2275 2440 2331 2490 ὲν
2360 2439 2561 2508 Θαὸὼρ
2591 2441 2701 2504 τοῖς
2738 2439 3063 2501 ἀποστόλοις
3089 2438 3181 2490 τοῦ
3211 2437 3346 2491 Θεοῦ
3379 2438 3634 2508 λαμπρός

2067 2533 2342 2599 autaut-‘3.
2409 2531 2682 2600 Expositio
2733 2544 2782 2587 et
2840 2533 3096 2598 refutatio
3122 2532 3339 2586 alterius
3401 2531 3635 2600 ejusdem

2067 2625 2215 2685 dicti,
2240 2642 2338 2695 quo
2361 2627 2582 2695 probare
2637 2625 2828 2680 nititur
2908 2626 3145 2680 divinam
3196 2626 3474 2679 essentiam
3519 2634 3640 2678 'non

2065 2716 2368 2770 distinctam
2424 2733 2587 2771 essea
2640 2717 2816 2770 divina
2857 2717 3175 2785 operatione,
3210 2725 3259 2770 et
3305 2716 3637 2784 splendorem

2075 2805 2164 2860 Dei
2191 2809 2277 2876 qui
2310 2810 2361 2862 in
2392 2807 2625 2862 Thabore
2646 2809 2901 2879 apostolis
2924 2809 3169 2879 apparuit
3188 2809 3352 2878 fuisse
3377 2820 3630 2862 creatum.

2141 2919 2235 2986 ις’.
2277 2921 2399 2974 Ὀτι
2431 2922 2478 2974 εἰ
2504 2923 2599 2976 καὶ
2632 2924 2966 2991 σωματικοῖς
3010 2922 3312 2991 ὀφθαλμοῖς
3369 2921 3429 2974 τὸ
3493 2922 3638 2976 θεῖον

2066 3011 2223 3080 ὤφθη
2257 3013 2390 3078 φῶς,
2427 3012 2561 3066 ἀλλὰ
2605 3011 3098 3081 μετασκευασθεῖσι
3132 3015 3198 3082 τῇ
3258 3012 3486 3080 δυνάμει
3543 3011 3642 3064 τοῦ

2071 3101 2210 3155 [lusu
2219 3121 2404 3172 ματος.
2430 3103 2514 3157 16.
2541 3103 2692 3170 Quod
2709 3104 2920 3158 etiamsi
2936 3105 3197 3172 corporeis
3221 3105 3384 3162 oculis
3402 3105 3640 3158 divinum

2068 3194 2241 3246 lumen
2296 3196 2465 3248 risum
2498 3197 2586 3259 sit,
2643 3196 2731 3250 sed
2775 3197 3166 3265 transformatis
3193 3196 3637 3263 virtuteSpiritns.

2143 3284 2229 3350 ιζ’.
2265 3288 2459 3358 Ἑτέρα
2495 3289 2650 3357 ῥῆσις
2689 3288 3022 3353 Ἀκινδύνου,
3062 3290 3193 3358 παρ’
3222 3286 3291 3360 ἦς
3348 3290 3507 3351 ἄθεος
3553 3308 3641 3342 τεο

2071 3380 2206 3444 λέως
2238 3382 2518 3451 ἐλέγχεται
2544 3381 2603 3435 τὸ
2626 3377 2765 3434 εἶναι
2798 3382 2889 3434 τὸν
2955 3383 3192 3452 Χριστὸν
3241 3383 3372 3434 Θεὸν
3429 3383 3640 3435 ἀνελεῖν

2073 3473 2386 3542 ἐπιχειρῶν,
2427 3476 2520 3527 καὶ
2552 3473 2826 3527 δεικνύναι
2853 3477 2981 3536 τοὺς
3013 3475 3201 3541 ἁγίους
3233 3475 3439 3537 πάντας
3489 3475 3640 3540 αὑτῷ

2072 3582 2132 3618 τε.
2165 3565 2243 3634 τῷ
2271 3567 2461 3636 Κυρίῳ
2493 3568 2580 3618 καὶ
2603 3567 2850 3636 ἀλλήλοις
2897 3568 3192 3629 ἐναντίους.
3263 3569 3349 3620 17.
3401 3569 3640 3621 Alterum

2073 3658 2331 3727 Acindyni
2380 3660 2601 3723 dictum,
2652 3677 2752 3728 quo
2819 3661 3143 3713 convincitur
3191 3660 3415 3726 perfecte
3460 3659 3641 3710 atltcus

2075 3765 2205 3813 esse,
2227 3760 2404 3817 utpote
2426 3753 2514 3821 qui
2569 3761 2784 3804 conetur
2818 3749 3082 3804 Christum
3147 3750 3308 3803 Deum
3371 3766 3471 3802 non
3531 3766 3642 3802 esse

2075 3845 2317 3910 probare,
2378 3853 2425 3896 et
2479 3842 2750 3896 ostendere
2776 3852 2983 3895 sanctos
3003 3856 3177 3894 omnes
3208 3851 3256 3894 et
3287 3842 3386 3909 ipsi
3420 3841 3642 3894 Domino

2078 3942 2126 3988 et
2158 3933 2256 3986 sibi
2283 3933 2495 3986 invicem
2530 3948 2834 3996 repugnare.

2154 4044 2242 4113 ιη’.
2287 4045 2634 4112 Παράστασις
2664 4044 2749 4097 διὰ
2786 4045 3069 4109 πλειόνων,
3106 4045 3187 4098 ὅτι
3237 4045 3529 4114 σύμφωνος
3565 4048 3644 4116 τῷ

2081 4137 2397 4205 Βιρλαὰμὸ
2433 4136 2760 4198 Ἀκίνδυνοςο
2827 4140 2921 4190 καὶ
2993 4137 3199 4206 μεταξὺ
3255 4138 3344 4190 διὰ
3401 4138 3646 4208 βραχέων

2083 4230 2360 4299 ἀνασκευὴ
2379 4229 2484 4282 τῶν
2510 4230 2837 4299 ἀμφοτέρων
2858 4230 3165 4299 δογμάτων.
3188 4231 3274 4285 18.
3305 4231 3647 4284 Demonstra-

2083 4324 2156 4376 tio
2181 4321 2418 4389 pluribus
2449 4323 2614 4391 facta.
2663 4324 2800 4392 quod
2853 4324 3156 4393 Acindyuus
3203 4341 3319 4376 cum
3355 4323 3645 4376 Barlaamo

2084 4414 2394 4478 consentiat,
2425 4424 2472 4468 et
2496 4415 2677 4484 paucis
2731 4417 2864 4469 inter
2894 4418 3001 4470 Ita'c
3054 4417 3306 4483 refutatio
3341 4419 3645 4487 dogmatum

2085 4505 2373 4575 utriusque.
3579 4511 3589 4520 ’

2159 4615 2245 4671 ιθ’.
2282 4617 2404 4670 "Ott
2435 4615 2493 4668 τὸ
2517 4617 2592 4685 μὴ
2624 4617 2812 4683 κτιστῇ
2851 4615 3074 4684 δυνάμει
3106 4617 3444 4685 καθορᾶσθαι
3482 4638 3651 4686 nega».

2088 4710 2203 4772 κὸς.
2227 4709 2346 4760 οὐδὲ
2381 4708 2618 4762 κτιστόνο
2647 4710 2740 4760 καὶ
2771 4706 2843 4764 ὡς
2869 4709 2930 4758 ἐκ
2959 4707 3066 4758 τῶν
3106 4726 3168 4759 πε
3183 4711 3233 4777 ρὶ
3267 4712 3426 4762 ubi?»
3484 4712 3650 4778 ὁρῶσι

2086 4804 2178 4856 τὸν
2197 4803 2327 4855 Θεὸν
2350 4803 2442 4853 καὶ
2459 4801 2508 4853 οἱ
2547 4804 2613 4869 τῇ
2664 4801 2890 4868 δυνάμει
2919 4800 3010 4852 τοῦ
3035 4802 3344 4869 Πνεύματος
3393 4804 3593 4871 ὁρῶντε
3610 4826 3649 4858 :.

2093 4895 2177 4949 19.
2217 4895 2367 4959 Quod
2403 4893 2534 4945 illud
2566 4893 2704 4961 quod
2731 4909 2761 4945 a
2811 4902 2984 4944 creata
3028 4893 3280 4961 facultate
3327 4897 3492 4948 rideri
3551 4914 3652 4949 non

2088 4984 2274 5057 potest,
2308 4995 2541 5038 creatum
2572 5002 2671 5037 non
2701 4987 2872 5048 sit;et
2905 4987 3040 5053 quod
3085 4987 3124 5037 ii
3143 4989 3229 5052 qui
3259 4989 3446 5040 virtute
3482 4990 3653 5057 Spiri-

2090 5091 2173 5134 tns
2204 5078 2363 5131 Deum
2399 5077 2593 5139 rident,
2633 5094 2696 5130 ex
2727 5079 2790 5131 iis
2822 5095 2936 5145 qua:
2969 5079 3108 5131 circa
3134 5079 3279 5133 illuni
3300 5093 3422 5134 sunt
3477 5084 3648 5146 ipsum

2090 5177 2312 5227 videant.

2159 5267 2205 5314 κ’
2250 5261 2535 5312 ’³οτιοῦδὲν
2563 5261 2670 5311 τῶν
2702 5260 2974 5329 αἰσθητῶν
3000 5260 3056 5310 τὸ
3083 5262 3432 5330 περιλάμψαν
3463 5263 3518 5311 ἐν
3544 5261 3648 5309 θα-

2089 5351 2205 5423 6ὼρ
2239 5354 2358 5415 τοὺς
2377 5352 2710 5415 ἀποστόλους
2745 5354 2878 5421 φῶς.
2905 5352 2992 5405 21).
3023 5351 3173 5416 Quod
3194 5352 3364 5404 lumen
3390 5351 3653 5419 apostolos

2090 5445 2363 5497 illustrans
2383 5445 2435 5496 in
2462 5443 2669 5496 Tltabor
2699 5461 2799 5497 non
2814 5460 2876 5497 ex
2893 5460 3062 5496 rerum
3087 5443 3409 5495 sensibilium
3440 5457 3654 5494 numero

2091 5537 2275 5606 fuerit.

2160 5624 2268 5682 κα’,
2301 5625 2505 5696 ’Ύμνος
2532 5627 2610 5688 εἰς
2645 5625 2774 5678 αὐτὸ
2795 5625 2854 5678 τὸ
2883 5623 3019 5690 ιρῶς,
3051 5622 3140 5676 καὶ
3170 5621 3240 5683 ὡς
3283 5623 3475 5693 avus»:
3499 5623 3656 5677 τοῦτο

2093 5721 2186 5774 καὶ
2218 5720 2281 5771 τὰ
2303 5718 2572 5780 ταπεινῶς
2625 5716 2933 5787 γεγράφθαι
2982 5715 3106 5782 περὶ
3145 5713 3308 5766 αὑτοῦ
3361 5713 3644 5766 δοκοῦντα.

2098 5814 2157 5868 ει
2232 5812 2464 5882 Hymnus
2492 5813 2540 5863 in
2575 5811 2706 5864 illud
2744 5813 2903 5878 ipsum
2953 5809 3145 5873 lumen,
3203 5821 3250 5862 ct
3307 5809 3444 5879 quod
3489 5809 3655 5877 ipsum
