3956 6194
421 253 447 270 Α

379 250 487 319 829

383 362 767 434 ματοκινήτοις
820 361 927 414 τῶν
953 359 1121 430 ἀγίων
1151 362 1408 434 Πατέρων
1443 363 1698 434 ἑπόμενοι
1751 361 1959 433 ψήφοις

379 469 488 511 etc.
517 453 632 508 Fui.
662 453 753 515 29,
779 467 960 507 verso.

450 545 514 598 δ’.
546 543 792 608 Διάλεξις
822 544 1104 610 ὀρθοδὸξου
1143 546 1283 616 μετά
1349 546 1760 616 Βαρλααμίτου,
1786 547 1959 600 κατάο
2019 541 2021 544 ’

382 655 548 705 μερος
598 637 1050 701 ἀνασκευάζουσα
1116 639 1215 707 τὴν
1264 640 1675 710 Βαρλααμίτιδα
1727 641 1955 703 πλάνην.

376 729 439 784 4.
480 729 732 798 Dialogus
795 730 1072 782 orthodoxi
1130 747 1245 784 cum
1279 730 1638 793 Barlaamita,
1692 747 1794 799 quo
1824 730 1965 784 Bar-

377 818 685 872 laamiticus
718 836 868 873 error
907 823 1210 875 minutatim
1240 822 1522 890 refutatur.
1549 821 1762 876 Initium
1788 839 1802 876 :
1845 822 1966 889 Ὀρ-

378 914 615 980 θὸδοξος.
649 916 858 969 Μαθεῖν
886 917 1189 987 ὲϐουλὸμην
1223 918 1350 988 παρ’
1389 919 1543 988 ὑμῶν
1595 917 1705 970 τῶν
1741 915 1966 985 ζητοῦν·

381 1024 494 1059 τόν
517 1009 611 1060 καὶ
642 1009 1077 1062 ἐπεκδικούντων
1102 1011 1168 1061 τὰ
1203 1009 1438 1079 λείψανα
1477 1019 1580 1063 etc.
1616 1009 1733 1062 Fol.
1761 1009 1850 1061 37.

456 1097 518 1150 ε’.
551 1097 657 1149 Τοῦ
680 1097 846 1150 αὐτοῦ
881 1099 1167 1170 ὀρθοδόξου
1207 1101 1518 1169 Θεοφάνους
1549 1099 1789 1164 διάλεξις
1820 1098 1961 1169 πρὸς

377 1188 472 1240 τὸν
505 1189 611 1240 ἀπὸ
636 1189 1032 1261 Βκρλααμιτῶν
1066 1192 1472 1261 ἐπιστρέψαίτα
1506 1193 1794 1260 Θεότιμον.
1824 1193 1959 1246 Θεο-

381 1280 580 1349 φάνης,
612 1279 644 1351 ἢ
679 1283 809 1354 περὶ
851 1282 1104 1353 θεότητος
1135 1287 1229 1336 καὶ
1261 1285 1352 1337 τοῦ
1383 1288 1503 1338 κατ’
1564 1283 1732 1356 αὐτὴν
1760 1284 1961 1352 ἀμεθέ-

382 1390 515 1426 κτου
545 1391 604 1427 τε
631 1375 722 1428 καὶ
756 1375 1040 1444 μεθέκτου.
1071 1379 1121 1432 5.
1151 1377 1417 1443 Ejusdem.
1453 1378 1735 1432 orthodoxi
1796 1377 1962 1431 Theo-

381 1467 578 1534 phanis
605 1467 849 1536 dialogus
875 1484 990 1520 cum
1015 1485 1074 1522 eo
1097 1469 1187 1538 qui
1213 1485 1276 1522 ex
1300 1467 1653 1523 Barlaantitis
1683 1485 1960 1524 conversus

383 1557 566 1626 fuerat
602 1556 894 1612 Theotimo.
925 1557 1264 1628 Theophanes
1293 1560 1395 1614 sire
1434 1561 1499 1614 de
1543 1562 1760 1621 deitate.
1819 1569 1868 1615 et
1895 1560 1960 1615 de

380 1665 447 1703 eo
481 1650 621 1718 quod
653 1666 753 1703 non
804 1651 1117 1718 participari
1166 1651 1244 1705 vel
1279 1652 1594 1720 participari
1625 1668 1691 1706 ex
1721 1651 1818 1706 illa
1867 1668 1960 1720 po-

383 1749 507 1793 tcst.
543 1741 756 1794 Initium
792 1757 806 1794 :
853 1741 1177 1810 Ἐπεσκέψω
1212 1742 1349 1796 κατά
1377 1743 1603 1794 σεαυτὸν
1633 1743 1954 1813 γενόμενος,

381 1833 585 1900 eam:
611 1833 838 1903 Θεότιμε
862 1843 967 1889 etc.
995 1832 1109 1890 Ful.
1152 1833 1218 1888 58
1253 1850 1432 1892 verso.

463 1923 538 1988 ς’.
563 1923 862 1988 Ἀντίθεσις
892 1925 1024 1994 πρὸς
1048 1924 1084 1979 ἃ
1108 1926 1403 1995 συνέθηκεν
1421 1927 1448 1979 ὁ
1494 1927 1798 1992 Ἀκίνδυνος
1821 1928 1961 1983 κατά

383 2017 486 2069 τοῦ
518 2017 754 2084 Παλαμᾶ
779 2017 957 2086 δῆθεν,
992 2017 1068 2078 ὡς
1114 2018 1331 2086 ἀληθῶς
1377 2018 1431 2070 δὲ
1465 2018 1607 2072 κατά
1657 2019 1758 2088 τῆς
1803 2021 1960 2072 εὐσε-
1991 2051 1996 2056 ·

303 2119 309 2128 ·
386 2108 546 2170 δείας
576 2109 746 2176 αὐτῆς
781 2110 872 2161 καὶ
900 2107 1006 2161 τῶν
1029 2109 1270 2162 εὐσεϐῶν
1294 2109 1552 2164 ἁπάντων
1576 2127 1592 2143 ⁶
1627 2111 1961 2179 ἐκληφθεῖσα

389 2200 546 2268 παρά
575 2200 852 2269 διαφόρων
889 2201 984 2253 τοῦ
1034 2200 1268 2269 Παλαμᾶ
1317 2201 1491 2268 λόγων
1527 2202 1618 2254 καὶ
1649 2205 1962 2269 περιστᾶσαι

393 2291 613 2356 σαφῶς,
641 2291 723 2344 ὃτι
773 2291 842 2344 τὰ
867 2291 1019 2360 παρά
1069 2291 1166 2343 τοῦ
1224 2291 1533 2345 Ἀκινδύνου
1569 2293 1705 2362 πρὸς
1735 2310 1964 2360 συνηγο-

389 2382 522 2450 ρίαν
553 2383 756 2435 οἰκείαν
784 2384 846 2434 ἐκ
879 2381 986 2434 τῶν
1019 2381 1297 2450 πατρικῶν
1323 2381 1495 2441 λόγων
1525 2382 1620 2435 καὶ
1653 2383 1786 2451 παρ’
1841 2383 1965 2434 ἑαυ-

387 2473 490 2526 τοῦ
537 2473 952 2541 προϐαλλόμενα
1014 2472 1074 2524 οὐ
1127 2471 1551 2542 συνηγοροῦσιν,
1605 2471 1742 2525 ἀλλὰ
1793 2489 1964 2540 κατη-

390 2566 651 2635 γοροῦσιν
681 2564 866 2619 αὐτοῦ.
895 2562 947 2617 6.
985 2562 1272 2617 Antithesis
1303 2573 1484 2616 contra
1512 2579 1572 2615 ea
1605 2579 1720 2632 qua:
1741 2561 1968 2630 Acindy-

393 2676 499 2712 nus
532 2658 822 2727 composuit
851 2656 1102 2710 adversus
1143 2655 1444 2718 Palantam,
1465 2654 1554 2708 sed
1584 2671 1760 2708 revera
1782 2663 1967 2707 contra

391 2753 643 2820 pietatem
674 2751 838 2818 ipsam
894 2765 940 2802 et
972 2759 1157 2802 contra
1216 2749 1328 2817 pios
1384 2762 1586 2810 omnes,
1616 2753 1858 2811 excerpta
1904 2758 1970 2796 ex

395 2847 619 2896 diversis
680 2841 914 2894 Palamte
981 2840 1151 2902 libris,
1208 2851 1254 2892 et
1298 2839 1436 2892 clare
1483 2838 1849 2890 demonstrans
1901 2850 1963 2888 ea

398 2951 520 3002 qua:
558 2934 620 2987 ab
652 2934 925 3002 Acindyno
956 2932 1024 2986 ad
1060 2932 1145 2986 sui
1194 2931 1549 3000 defensionem
1592 2927 1800 2996 prolata
1849 2936 1971 2979 sunt

402 3040 522 3078 tum
567 3041 629 3078 ex
658 3025 762 3079 SS.
801 3023 913 3077 PP.
947 3035 1056 3078 tum
1085 3039 1149 3077 ex
1175 3023 1342 3087 seipso
1391 3037 1492 3075 non
1528 3019 1679 3074 illum
1725 3034 1968 3088 purgare,

399 3117 498 3169 scd
540 3117 595 3169 in
634 3116 828 3168 crimen
895 3130 1101 3168 vocare.
1176 3112 1310 3166 Huic
1372 3111 1507 3165 libro
1555 3110 1966 3179 praemittuntur

402 3207 746 3276 singulorum
804 3209 1040 3274 capitum
1101 3213 1436 3274 argumenta,
1470 3218 1586 3272 quae
1622 3203 1709 3256 hic
1771 3201 1976 3256 exscri-

401 3300 584 3354 benda
616 3296 893 3351 duximus.

480 3391 561 3444 Τὰ
585 3393 901 3461 κατάμερος
927 3388 1021 3442 τοῦ
1051 3389 1213 3457 λόγου
1259 3387 1549 3456 κεφάλαια.
1609 3383 1758 3440 Libri
1801 3383 1974 3461 capita

403 3497 504 3549 per
527 3460 744 3550 partes.
1923 3460 1928 3465 ’

482 3581 551 3628 α’.
584 3574 706 3624 Ὀτι
733 3570 790 3637 ἐξ
834 3570 1166 3641 ἀμηχανίας,
1189 3573 1331 3624 κατά
1379 3569 1476 3634 τῆς
1508 3567 1824 3637 ἐπιγραφῆς
1879 3564 1976 3636 μό-

405 3684 508 3734 νης
541 3663 909 3727 δἋκίνδυνος
940 3665 1282 3734 ἐπεχείρησε·
1317 3666 1410 3716 καὶ
1433 3662 1507 3724 ὡς
1541 3661 1598 3726 ἐξ
1624 3655 1698 3712 ὧν
1763 3658 1977 3712 ἐνταῦθ’

407 3753 566 3821 οὗτος
628 3757 853 3824 γράφει,
886 3757 1126 3825 διθεῖτης
1182 3755 1256 3809 ὣν
1299 3760 1392 3808 καὶ
1435 3751 1709 3822 Ἀρειανδς
1751 3750 1982 3817 ὑποφαί-

410 3867 587 3902 νεται.
631 3849 680 3904 1.
713 3846 870 3912 Quod
898 3863 1012 3901 cum
1042 3846 1188 3900 aliud
1219 3864 1321 3900 non
1353 3853 1546 3914 posset,
1586 3841 1979 3910 inscriptionem

411 3952 463 3995 et
501 3940 712 3993 titulum
739 3939 909 3992 solum
936 3939 1240 4007 Acindynns
1278 3951 1552 4006 aggressus
1600 3933 1706 3994 sit;
1747 3941 1796 3986 et
1835 3932 1978 4000 quod

411 4048 480 4084 ex
511 4033 576 4084 iis
601 4047 716 4100 qtltB
747 4028 973 4092 hocloco
1003 4029 1207 4091 scribit,
1243 4027 1463 4081 dit/reita
1492 4035 1539 4079 et
1576 4023 1812 4078 Arianus
1843 4037 1984 4075 com-

410 4123 665 4192 probetur
693 4140 824 4177 esse.

489 4214 558 4281 β’.
591 4213 686 4265 Ἐκ
712 4211 820 4262 τῶν
848 4211 953 4264 ὑπὸ
983 4209 1077 4264 τοῦ
1107 4209 1341 4280 Παλαμᾶ
1363 4206 1816 4280 προϐεϐλημένων
1849 4219 1984 4274 μαρ-

413 4307 620 4375 τυριῶν
648 4303 710 4365 ἃς
739 4304 954 4366 πλάσας
1005 4303 1303 4373 παρέλιπεν
1333 4303 1362 4354 ὁ
1411 4301 1737 4360 ’Λκίνδυνος,
1772 4296 1980 4364 ὀλίγαι,

418 4394 551 4464 ταρ’
600 4387 676 4447 ὧν
767 4393 965 4459 εὐσεϐῆ
1050 4391 1120 4443 τά
1197 4389 1292 4442 τοῦ
1394 4389 1630 4458 Παλαμᾶ
1711 4389 1983 4442 δείκνυται

417 4492 512 4540 καὶ
543 4486 610 4540 τὰ
666 4485 758 4538 τοῦ
804 4480 1108 4534 Ἀκινδύνου
1170 4479 1475 4543 κακοδόξως
1529 4479 1742 4550 ἔχοντα.
1793 4479 1846 4530 9..
1902 4475 1986 4528 Ea:

421 4577 736 4630 testimoniis
780 4589 898 4643 qua:
971 4569 1225 4624 Palamas
1287 4571 1580 4638 protulerat
1609 4580 1658 4622 et
1725 4584 1839 4637 qua:
1895 4581 1986 4634 per

421 4665 895 4719 dissimulationem
946 4661 1354 4730 printer-miserat
1421 4660 1746 4729 Acindynus,
1817 4674 1988 4727 pauca

422 4758 737 4824 afferuntur,
774 4755 958 4821 quibus
1006 4755 1096 4820 pia
1147 4749 1428 4803 Palamam
1490 4753 1702 4812 sentire,
1743 4751 1978 4819 Acindy-

425 4866 550 4903 num
582 4864 699 4901 vero
725 4861 941 4916 pravam
972 4844 1109 4897 tueri
1157 4843 1452 4896 doctrinam
1483 4842 1899 4896 demonstratur.

494 4950 564 5009 γ’.
600 4943 814 5011 Ῥήσεις
841 4939 934 4993 τοῦ
976 4937 1288 4992 Ἀκινδῦνου
1337 4939 1615 4991 δεικνῦσαι
1687 4939 1785 5008 τὴν
1824 4935 1988 4991 αὐτοῦ

427 5034 606 5098 δόξαν,
647 5034 741 5086 καὶ
772 5031 1074 5093 ἀντιθέσεις
1098 5029 1236 5100 πρὸς
1264 5029 1465 5092 ταύτας
1492 5028 1825 5097 Εὑνομιανὸν
1868 5028 1992 5081 τοῦ·

428 5142 517 5178 τον
549 5123 951 5193 ὲξελέγχουσαι·
996 5121 1093 5175 καὶ
1147 5110 1243 5174 ὅτι’
1270 5123 1600 5191 προσωπείῳ
1640 5121 1990 5190 χρησάμενος

430 5214 506 5284 τῷ
541 5213 959 5284 Παλαμᾷ,κατά
998 5211 1096 5265 τοῦ
1137 5212 1272 5265 Θεοῦ
1317 5213 1410 5265 καὶ
1448 5211 1556 5264 τῶν
1595 5212 1764 5278 ἁγίων
1813 5209 1988 5280 κεχώ-

436 5325 624 5378 ρηκεν.
675 5307 730 5363 3.
779 5308 934 5360 Dicta
994 5306 1278 5377 Acindyni,
1321 5308 1509 5374 quibus
1563 5308 1677 5376 ejus
1750 5306 1992 5360 doctrina

435 5398 743 5464 ostenditur,
767 5407 814 5451 et
849 5398 917 5450 ad
952 5413 1013 5451 ea
1039 5398 1420 5466 responsiones,
1472 5396 1658 5466 quibus
1703 5394 1996 5448 Eunomia-

439 5509 532 5547 nus
563 5509 677 5546 esse
718 5495 980 5563 arguitur.
1021 5492 1088 5545 Et
1141 5493 1280 5558 quod
1337 5507 1613 5556 personam
1670 5489 1995 5560 praetendens

441 5577 694 5645 Palantce,
733 5589 917 5634 contra
951 5580 1112 5634 Deum
1136 5591 1184 5635 et
1201 5592 1412 5634 sanctos
1443 5580 1708 5645 procedat.

508 5670 576 5724 ἂν.
615 5670 739 5723 Ὀτι
765 5672 792 5724 ὁ
815 5669 1022 5733 πλάσας
1061 5669 1251 5752 έτέραν
1282 5669 1594 5741 ἐπιγραφὴν
1631 5669 1723 5723 ἐπὶ
1767 5670 1858 5724 τῆξ
1888 5669 1987 5726 αὐ-

1229 253 1543 315 OPERUM
1578 253 2057 317 ARGUMENTA
2097 257 2198 318 EX
2224 257 2441 319 CODD.
2485 258 2806 318 COISLIN.

3519 260 3630 324 830

2075 369 2168 422 τοῦ
2202 369 2387 436 λόγου,
2418 368 2541 421 κατ’
2567 369 2736 436 αὐτῆς
2769 367 2931 422 πάλιν
2993 369 3156 433 αὐτὸς
3193 371 3381 442 χωρεῖ,
3428 371 3523 425 καὶ
3563 373 3632 427 δι’

2071 461 2245 529 αὐτῆς
2276 460 2418 513 κατά
2449 461 2558 513 τῶν
2582 461 2781 514 ἐνθέων
2813 462 3093 527 θεολόγων.
3137 465 3188 518 4.
3234 463 3388 528 Quod
3411 465 3635 517 alteram

2064 552 2452 620 inscriptionem
2479 569 2566 606 seu
2601 552 2812 605 titulum
2840 555 2892 606 in
2917 553 3155 606 eumdem
3180 555 3376 608 librum
3410 557 3633 625 ﬁngens,

2068 654 2251 698 contra
2277 644 2722 714 illamprocedat,
2765 655 2812 699 et
2867 661 2958 714 per
2998 645 3150 698 illam
3204 654 3390 698 contra
3427 626 3632 700 divinos

2069 739 2358 808 theologos.

2136 836 2198 882 ε’.
2232 831 2354 883 Ὅτι
2393 831 2462 884 τά
2496 832 2848 899 γενναιότερα
2878 829 3104 882 πλεῖστα
3149 813 3496 898 παραλιπὼν,
3535 833 3633 900 ρη-

2071 921 2266 988 ματίου
2295 920 2440 982 τινὸς
2475 922 2674 974 ἔπειτα
2705 920 2800 972 τοῦ
2834 919 3074 988 Παλαμᾶ
3102 919 3460 988 μνημονεύειο
3498 921 3633 974 ἀλλά

2067 1012 2163 1065 καὶ
2198 1011 2284 1064 δι’
2317 1011 2484 1063 αὐτοῦ
2538 1012 2719 1074 καλῶς
2789 1012 3078 1080 νοουμένου
3137 1012 3242 1064 πᾶν
3325 1011 3632 1065 Ἀκινδύνου

2066 1103 2408 1173 καθαιρετται
2469 1104 2530 1155 τὸ
2583 1105 2876 1172 φρύαγμα,
2925 1104 3211 1172 καθαιρεῖν
3257 1103 3634 1173 ἐγχειροῦντος

2067 1196 2236 1248 αὐτοῦ
2273 1197 2658 1265 φρενοϐλαϐῶς
2707 1197 2769 1249 τὸ
2821 1198 3256 1266 τρισυπόστατον
3313 1197 3413 1263 τῆς
3445 1197 3631 1263 Osrici;-

2067 1303 2178 1349 τος.
2205 1287 2257 1341 5.
2307 1287 2459 1352 Quod
2492 1290 2670 1341 multis
2723 1291 3180 1348 prwstantioribus
3237 1291 3627 1356 prtt'termissis,

2068 1380 2308 1434 caculam
2357 1380 2641 1450 quamdam
2692 1379 2932 1434 Palantte
2982 1390 3248 1439 memoret.
3319 1397 3421 1450 qua
3469 1382 3631 1432 etiam

2064 1469 2222 1537 probe
2248 1470 2509 1523 intellecta
2541 1472 2698 1525 totius
2769 1471 3030 1540 Acindyni
3068 1471 3312 1539 fremitus
3369 1474 3431 1522 de
3462 1471 3631 1524 medio

2069 1560 2293 1624 tollitur,
2313 1577 2414 1630 quo
2446 1562 2640 1616 trinam
2687 1563 2903 1616 deitatis
2941 1563 3242 1632 hypostasin
3294 1575 3515 1616 evertere
3544 1564 3628 1616 in-

2066 1669 2194 1705 sane
2232 1665 2478 1706 conatur.

2136 1743 2210 1808 ς’.
2275 1745 2616 1816 ’Λντίρῤησις
2689 1745 2997 1798 Ἀκινδῦνου
3058 1745 3194 1814 πρδς
3252 1745 3314 1797 τὸ
3365 1744 3634 1814 ῥημάτιον

2063 1835 2256 1901 ἐκεῖνο,
2292 1831 2358 1906 ἦς
2389 1836 2750 1907 ἐλεγχομένης
2777 1838 2874 1890 νῦν
2917 1838 3014 1903 μὲν
3053 1837 3289 1904 Ἄρειος,
3331 1835 3425 1888 νῦν
3459 1837 3514 1888 δὲ
3537 1837 3635 1888 Σα-

2063 1925 2269 1987 ϐέλλιος
2287 1919 2441 1988 οὗτος
2473 1927 2851 1995 ἀναφαίνεται,
2894 1927 3124 1989 πολλοὺς
3169 1926 3216 1979 δ’
3237 1926 3427 1979 ἄλλοτε
3453 1927 3630 1993 λέγων

2063 2019 2212 2082 υἱοὺς
2245 2016 2379 2071 Θεοῦ
2410 2020 2502 2073 καὶ
2526 2018 2805 2086 πνεύματα
2825 2017 2890 2070 τά
2916 2017 3103 2074 πολλά.
3135 2018 3189 2071 6.
3211 2015 3447 2084 Objectio
3474 2017 3638 2071 Acin-

2063 2111 2190 2180 dyni
2215 2119 2399 2163 contra
2428 2111 2663 2164 voculam
2684 2109 2856 2168 illaut,
2888 2125 2992 2176 qua
3028 2109 3259 2176 refutatu
3291 2108 3442 2160 modo
3475 2109 3636 2161 Arius

2063 2202 2191 2270 ipse,
2216 2201 2370 2254 modo
2393 2200 2656 2254 Snbellins
2700 2215 2812 2252 esse
2868 2202 3285 2260 demonstratur,
3337 2215 3453 2251 cum
3478 2199 3638 2251 etiam

2063 2293 2274 2346 aliunde
2297 2291 2485 2344 multos
2506 2291 2642 2357 filios
2659 2291 2749 2344 Dei
2777 2303 2825 2343 et
2857 2291 3046 2344 multos
3078 2291 3296 2358 spiritus
3327 2306 3438 2342 esse
3469 2291 3632 2342 dicat.

2133 2385 2199 2448 ζ’.
2223 2384 2702 2453 Μαρτυρίαιῖπαρά
2728 2383 2822 2436 τοῦ
2860 2383 3164 2436 Ἀκινδύνου
3193 2382 3636 2451 προϐεϐλημέναι

2063 2477 2172 2531 ⁶τῶν
2191 2477 2360 2544 ἁγίων
2379 2478 2517 2528 κατά
2543 2477 2634 2529 τοῦ
2662 2477 2900 2542 Παλαμᾶ
2927 2475 3109 2543 δῆθεν,
3159 2475 3364 2536 αἵτινες
3389 2474 3638 2537 ἐξεταζό-

2070 2585 2231 2639 μεναι
2254 2570 2348 2620 καὶ
2383 2567 2669 2634 νοούμεναι
2695 2567 2876 2629 καλῶς
2908 2569 3166 2636 πρὸς-μὲν
3185 2567 3251 2619 τὰ
3278 2566 3372 2619 τοῦ
3405 2565 3639 2634 Παλαμᾶ

2067 2659 2318 2727 οὐδαμῶς
2347 2659 2686 2713 ἀντικεῖσθαι
2725 2659 3054 2721 δείκνυνται,
3085 2658 3182 2710 τδν
3232 2657 3287 2710 δὲ
3333 2657 3637 2710 Ἀκίνδυνον

2069 2752 2349 2820 ἐλέγχουσι
2415 2751 2641 2813 πολλαῖς
2696 2751 2792 2803 καὶ
2835 2750 3039 2813 δειναῖς
3107 2752 3356 2820 αἱρέσεσι
3419 2749 3641 2820 περιπί-

2073 2865 2292 2904 πτοντα.
2326 2848 2379 2901 7.
2403 2846 2722 2902 Testimonia
2743 2855 3045 2900 sanctorum
3069 2845 3132 2898 ab
3159 2845 3428 2913 Acindgno
3454 2852 3640 2896 contra

2073 2936 2352 2990 Pulamam
2383 2936 2612 3006 prolata,
2636 2951 2749 3003 qua:
2785 2935 2831 2988 si
2854 2935 3227 2988 examinentur
3269 2945 3316 2987 et
3361 2934 3518 3000 probe
3549 2933 3637 2985 in-

2075 3029 2403 3097 telligantur,
2461 3029 2731 3081 sententia:
2783 3028 2989 3095 quidem
3036 3027 3276 3079 Palamte
3329 3024 3638 3078 nullatenus

2074 3137 2368 3190 repugnare
2423 3121 2734 3187 probantur,
2769 3119 3094 3188 Acindynum
3149 3135 3267 3172 vero
3303 3127 3535 3187 arguunt
3587 3116 3642 3168 in

2075 3212 2271 3265 ntultas
2307 3225 2590 3281 gravesque
2619 3211 2840 3264 harescs
2869 3210 3138 3264 incidisse.

2144 3321 2216 3389 η’.
2263 3321 2560 3383 Ἀντίθεσις
2585 3320 2715 3390 παρ’
2752 3319 3083 3385 Ἀκινδύνου,
3111 3319 3206 3381 τάς
3239 3319 3641 3379 ἐνυποστάτους

2079 3416 2248 3483 μόνας
2286 3407 2696 3476 εἶναιλέγοντος
2716 3412 3006 3472 ἀκτίστους
3046 3410 3355 3481 ἐνεργείας,
3385 3404 3451 3480 ἦς
3493 3408 3644 3475 ελεγ·

2078 3506 2313 3576 χομένης
2346 3505 2438 3556 καὶ
2495 3503 2707 3571 ’Λρείου
2746 3501 2943 3570 χείρων
2989 3503 3263 3558 δείκνυται
3329 3503 3517 3566 τελῶν,
3567 3503 3644 3563 ὡς

2077 3597 2176 3665 τὴν
2213 3598 2342 3659 μίαν
2397 3593 2506 3645 τῶν
2562 3592 2731 3661 τριῶν
2794 3590 3104 3661 προσώπων
3148 3593 3376 3662 θεότητα
3421 3591 3644 3658 κτιστὴν

2081 3686 2265 3738 ⁴ποιῶν.
2303 3685 2357 3737 8.
2402 3683 2636 3752 Objectio
2684 3683 2962 3752 Aciudyni,
2993 3701 3094 3752 qua
3123 3685 3251 3736 dicit
3287 3683 3646 3753 hypostaticas

2081 3775 2249 3828 solum
2280 3775 2602 3840 operationes
2637 3776 2898 3827 increatas
2933 3789 3085 3838 esse;
3117 3774 3212 3826 illa
3253 3789 3369 3826 vero
3390 3767 3644 3841 refutatu,

2083 3866 2214 3918 Ario
2249 3865 2397 3933 pejor
2423 3864 2736 3928 ostenditur,
2794 3872 2974 3933 utpote
3030 3865 3120 3932 qui
3165 3879 3322 3916 unam
3361 3879 3424 3917 ea:
3477 3864 3647 3918 tribus

2081 3959 2319 4028 personis
2350 3957 2595 4010 deitatem
2637 3965 2866 4008 creatam
2895 3955 3081 4022 faciat.

2153 4071 2217 4124 0'.
2253 4069 2603 4140 Παράστασις
2631 4067 2689 4131 ἐξ
2723 4065 2899 4118 αὐτῶν
2939 4065 3146 4119 τούτων
3180 4065 3286 4120 τῶν
3321 4067 3411 4118 ὐπ’
3457 4067 3645 4118 Ἀκιν-

2085 4162 2242 4216 διῖνου
2274 4160 2733 4232 προϐεϐλημένων
2771 4160 3106 4226 μαρτυριῶν,
3165 4160 3247 4211 ὅτι
3279 4160 3523 4226 διαφέρει
3549 4158 3650 4224 τῆς

2088 4255 2236 4314 θείας
2270 4255 2512 4322 οὐσίαςή
2541 4253 2659 4304 θεία
2690 4252 2958 4322 ἐνέργεια·
3002 4253 3059 4303 ἐν
3161 4250 3323 4304 πάλιν
3366 4251 3651 4311 Σαϐελλιος

2090 4347 2250 4408 ἄλλος
2291 4346 2366 4398 ῶν
2424 4345 2829 4398 ἀποδείκνυται.
2860 4343 2912 4397 9.
2969 4343 3360 4395 Demonstratio
3409 4359 3472 4395 cx
3524 4343 3650 4409 ipsis

2091 4436 2404 4489 testimoniis
2432 4438 2494 4487 ab
2536 4436 2805 4504 Aciudyno
2858 4433 3103 4503 pro'atis,
3150 4434 3286 4500 quod
3329 4435 3506 4486 divina
3536 4451 3656 4500 ope-

2090 4529 2224 4582 ratio
2247 4527 2458 4595 differat
2504 4544 2534 4578 α
2566 4528 2741 4579 dicina
2803 4527 3068 4589 essentia;
3113 4525 3199 4576 ubi
3252 4543 3459 4578 rttrsnm
3515 4527 3655 4578 alius

2089 4620 2348 4677 Sa'ellius
2387 4636 2498 4672 esse
2519 4619 2800 4686 probatur.

2163 4751 2214 4784 t..
2288 4731 2478 4798 Ἑτέρα
2542 4728 2814 4798 μαρτυρία
2864 4729 2942 4795 τῷ
2993 4727 3139 4794 αὐτ-ζ)
3237 4727 3656 4795 προϐεϐλημένη

2091 4822 2246 4892 παρά
2278 4822 2384 4874 τῶν
2410 4818 2505 4871 τοῦ
2539 4819 2694 4886 ἁγίου
2722 4818 2975 4886 Μαξίμου
3009 4817 3349 4884 κεφαλαίων,
3378 4812 3444 4888 ἧς
3475 4816 3660 4880 agam-

2092 4913 2326 4981 ζομένης
2381 4909 2666 4971 Σαϐἐλλιος
2707 4908 2868 4960 πάλιν
2925 4899 3078 4970 οὗτος
3123 4907 3502 4975 ἀναφαίνεται.
3569 4907 3652 4958 ιθ.

2093 5001 2254 5056 Aliud
2286 5000 2643 5054 testimonium
2690 4999 2752 5050 ab
2793 4999 2973 5051 eodem
3026 4997 3248 5050 allatum
3306 5014 3368 5050 ea:
3397 4998 3658 5062 capitibus

2097 5094 2156 5150 S.
2194 5092 2436 5157 Maximi,
2469 5105 2568 5160 quo
2603 5088 2905 5142 examinato
2954 5087 3214 5142 Sabellius
3272 5103 3479 5139 rursum
3526 5101 3644 5138 esse

2096 5185 2444 5240 convincitur.

2173 5304 2256 5352 ια’.
2294 5294 2642 5365 Παράστασις
2680 5295 2775 5347 καὶ
2808 5295 2916 5346 ἀπὸ
2942 5293 3036 5346 τοῦ
3089 5293 3381 5362 κεφαλαίου
3441 5290 3656 5350 τούτου,

2096 5391 2178 5444 ὅτι
2215 5388 2463 5456 διαφέρει
2517 5385 2618 5454 τῆς
2657 5385 2804 5444 θείας
2845 5385 3033 5447 οὐσίας
3066 5385 3098 5453 ἡ
3128 5385 3400 5452 ἐνέργεια.
3436 5381 3566 5450 παρ’
3593 5376 3664 5451 ἦς

2098 5482 2178 5542 είς
2202 5479 2636 5547 καταγελάστους
2668 5475 2950 5529 ἐκπίπτων
2975 5475 3130 5539 δόξας
3149 5474 3430 5543 ἐλέγχεται
3450 5471 3478 5524 ὁ
3502 5470 3668 5524 τοῦτο

2101 5571 2286 5634 κακῶς
2320 5567 2775 5640 προϐαλλόμενος.
2823 5565 2912 5619 Η.
2940 5564 3332 5619 Demonstratio
3372 5579 3437 5619 ex
3480 5563 3666 5617 eodem

2103 5663 2290 5734 capite,
2321 5660 2457 5730 quod
2507 5660 2682 5714 divina
2708 5657 2942 5726 operatio
2971 5656 3184 5720 differat
3213 5675 3244 5712 a
3269 5657 3446 5714 divina
3481 5670 3661 5712 essen-
