3956 6194
333 241 444 305 835

337 353 649 408 strationem
689 350 895 412 haberi,
937 350 1210 420 refutatio,
1243 348 1380 418 quod
1414 347 1480 401 sit
1533 347 1913 401 demonstratio

338 463 496 516 super
527 445 847 515 quibusdam
875 463 887 498 :
915 454 961 496 ct
993 443 1132 512 quod
1163 442 1257 495 illa
1289 457 1403 494 rere
1453 442 1522 494 sit
1578 441 1917 493 demonstrat

340 539 434 600 tio,
494 537 834 590 Aristotelica
904 551 1019 587 vero
1078 533 1466 586 demonstratio
1511 532 1577 584 sit
1629 532 1831 584 incerta
1868 541 1918 584 ct

339 630 676 682 instabilis...
715 627 932 679 Initium
975 643 986 677 :
1025 626 1104 678 Τὰ
1138 624 1237 694 μὲν
1269 625 1368 691 τῆς
1425 623 1695 694 δυαρχίας
1729 625 1790 676 ὲκ
1826 623 1922 692 μὲ-

344 739 437 774 σου
469 723 694 789 γέγονεν
746 734 760 748 ο
798 717 1036 790 ἐξεκόπη
1071 717 1180 789 γάρ
1219 717 1326 770 τῶν
1368 715 1544 784 λόγων
1583 716 1676 770 τοῦ
1707 717 1922 780 φιλοσο-

343 831 468 882 φου,
500 824 603 865 etc.
641 811 754 865 FnI.
785 811 872 866 90.

419 928 524 982 Τοῦ
563 927 729 981 αὐτοῦ
768 926 926 994 λόγος
973 926 1117 997 ὑπὲρ
1143 927 1252 980 τῶν
1296 926 1459 998 ἰερῶς
1512 927 1920 998 ἡσυχαζόντων.

342 1022 454 1074 τῶν
485 1020 774 1089 προτέρων
815 1018 842 1070 ὁ
883 1017 1125 1086 πρῶτος,
1158 1017 1302 1072 κατὰ
1347 1019 1398 1070 τί
1450 1019 1545 1071 καὶ
1580 1019 1739 1088 μέχρι
1778 1019 1922 1082 τίνος

345 1115 630 1180 λυσιτελὴς
664 1115 696 1181 ἡ
726 1113 856 1182 περὶ
895 1114 1087 1180 λόγους
1118 1112 1298 1182 τριϐή.
1349 1113 1670 1182 ’Λπόκρισις
1704 1114 1921 1184 πρώτη.

351 1207 606 1273 [Ejusdem
657 1205 789 1257 liber
823 1207 1062 1272 priorum
1087 1205 1288 1272 primus
1343 1220 1437 1271 pro
1468 1204 1534 1255 iis
1565 1206 1654 1272 qui
1686 1205 1738 1256 in
1768 1220 1925 1257 sacra

347 1301 526 1368 quiete
561 1298 777 1366 degunt,
818 1297 870 1348 in
902 1312 1004 1366 quo
1031 1307 1077 1347 et
1111 1311 1274 1362 usque
1305 1294 1374 1346 ad
1403 1311 1561 1363 quant
1596 1304 1788 1347 metant
1814 1308 1927 1347 stu-

347 1391 492 1442 dium
544 1390 844 1439 litterarunt
901 1389 968 1439 sit
1027 1386 1178 1438 utile.
1230 1383 1517 1454 Responsio
1561 1387 1758 1453 prima.
1818 1386 1929 1440 liti-

350 1486 519 1536 t‘utn:
563 1481 811 1548 ’Λδελφὲ,
855 1479 1020 1531 καλὸν
1048 1478 1237 1548 χάριτι
1270 1477 1624 1548 βεϐαιοῦσθαι
1665 1477 1762 1548 τὴν
1797 1495 1930 1548 καρ-

347 1573 486 1636 δίαν,
514 1581 620 1624 clc.
649 1569 762 1624 Ful.
798 1569 920 1630 I05,
948 1584 1127 1623 \‘crso.

418 1684 526 1736 Τοῦ
587 1683 755 1736 αὑτοῦ
801 1683 958 1750 λόγος
1011 1684 1150 1753 ὑπὲρ
1183 1684 1291 1735 τῶν
1328 1683 1485 1754 ίερῶς
1520 1684 1928 1753 ἡσυχαζόντων,

347 1776 457 1827 τῶν
489 1776 770 1846 προτέρων
803 1777 828 1826 ό
857 1774 1110 1842 δεύτερος
1136 1792 1148 1804 ·
1175 1774 1256 1826 ὅτι
1289 1776 1402 1836 τοῖς
1434 1775 1842 1846 προῃρημένοις
1868 1775 1927 1827 ὲν

349 1870 552 1939 ἡσυχίᾳ
590 1868 882 1938 προσέχειν
911 1869 1146 1928 ἑαυτοῖς,
1196 1868 1297 1919 οὐκ
1334 1867 1623 1929 ἀσυντελὲς
1656 1866 1804 1920 ἔνδον
1832 1865 1927 1919 τοῦ

353 1960 605 2030 σώματος
642 1960 940 2030 πειρᾶσθαι
969 1959 1224 2027 κατέχειν
1245 1959 1337 2011 τδν
1364 1959 1561 2010 οἰκεῖον
1608 1959 1751 2013 νοῦν.
1772 1959 1932 2011 ’Λπό-

353 2070 538 2121 κρισις
587 2053 836 2123 δευτέρα.
888 2051 1139 2118 Ejusdem
1189 2051 1322 2104 liber
1371 2053 1611 2120 priorum
1665 2051 1928 2104 secundus

353 2161 447 2212 pro
485 2145 550 2195 iis
591 2145 683 2212 qui
721 2145 774 2196 iu
809 2159 964 2195 sacra
1007 2144 1177 2211 quiete
1221 2142 1453 2211 degunt,
1514 2143 1656 2211 quod
1717 2143 1785 2195 iis
1840 2142 1931 2210 qui

351 2242 616 2305 elegerunt
651 2237 705 2289 in
737 2236 908 2305 quiete
937 2235 1034 2286 sibi
1065 2235 1192 2301 ipst
1225 2236 1517 2297 attendere,
1546 2250 1648 2288 non
1706 2235 1775 2288 sit
1829 2235 1922 2287 imo

354 2328 602 2398 possibile
626 2329 767 2380 intra
796 2343 986 2395 corpus
1025 2327 1298 2394 propriam
1358 2336 1580 2380 mentem
1639 2327 1931 2392 continere,

355 2421 635 2473 Responsio
661 2420 914 2472 secunda.
950 2417 1165 2471 Initium
1197 2434 1210 2470 :
1258 2417 1502 2485 Ἀδελφε,
1539 2417 1640 2470 οὐκ
1673 2419 1932 2479 ἀκούσεις

349 2513 444 2566 τοῦ
462 2513 787 2565 Ἀποστόλου
847 2511 1122 2579 λέγοντος,
1165 2511 1246 2562 ὃτι
1279 2513 1348 2562 τὶι
1391 2510 1644 2580 σώματα,
1691 2509 1932 2566 ctc.Foi.

353 2605 479 2658 “5.

423 2720 529 2771 Τοῦ
556 2716 719 2773 αὑτοῦ
747 2717 899 2784 λόγος
922 2716 1061 2784 ὑπὲρ
1084 2715 1191 2768 τῶν
1215 2715 1376 2784 ίερῶς
1399 2713 1932 2785 ἡσυχαζόντων,τῶν

353 2815 634 2880 προτέρων
663 2814 689 2862 ὁ
720 2812 901 2879 τρίτος
932 2813 1062 2878 περὶ
1090 2809 1265 2877 φωτὸς
1302 2812 1396 2861 καὶ
1432 2809 1714 2878 φωτισμοῦ
1745 2809 1919 2872 Θείου,

357 2907 450 2957 καὶ
495 2905 648 2974 ίερᾶς
678 2903 1026 2972 εὐδαιμονίας
1063 2903 1157 2954 καὶ
1188 2902 1286 2972 τῆς
1316 2905 1373 2955 ὲν
1400 2903 1620 2972 Χριστῷ
1667 2903 1936 2971 τελειότη-

353 3015 465 3059 τος.
511 2996 827 3064 Ἀπόκρισις
879 2997 1066 3066 τρίτη.
1105 2995 1357 3064 Ejasdem
1393 2995 1523 3048 liber
1549 2997 1787 3064 priorum
1831 3007 1938 3050 ter-

356 3090 460 3142 tius
500 3089 561 3141 de
587 3089 651 3140 iis
682 3087 766 3156 qni
806 3088 858 3139 in
888 3103 1040 3140 sacra
1083 3089 1258 3156 quiete
1283 3087 1499 3156 degunt,
1549 3088 1611 3140 de
1646 3087 1838 3141 lumine
1887 3098 1936 3141 ct

355 3181 756 3234 illuminatione
811 3181 1013 3244 divina,
1061 3180 1122 3232 de
1165 3196 1320 3232 sacra
1356 3181 1612 3247 felicitate
1641 3188 1688 3233 et
1720 3180 1784 3233 de
1816 3198 1937 3249 per-

358 3275 584 3343 fectione
639 3278 692 3326 in
742 3271 974 3328 Christo.
1017 3272 1233 3324 Initium
1271 3289 1285 3323 :
1325 3273 1440 3325 Οὑκ
1475 3273 1583 3340 ἄρα
1627 3273 1790 3341 μόνον
1819 3275 1937 3336 ταῖς

357 3367 582 3434 ἀρεταῖς
616 3365 671 3416 αί
706 3363 894 3416 κακίαι
931 3363 1407 3432 παραπεπήγασιν
1472 3371 1577 3417 ctc.
1615 3363 1729 3416 I’ol.
1765 3363 1881 3416 ιειυ.

429 3456 536 3510 Τοῦ
569 3454 735 3508 αὐτοῦ
763 3455 921 3523 λόγος
972 3455 1114 3524 ὑπὲρ
1161 3454 1272 3507 τῶν
1313 3455 1472 3524 ἱερῶς
1529 3453 1934 3524 ἡσυχαζόντων,

357 3549 470 3602 τῶν
491 3549 778 3619 ὑστέρωνό
798 3548 1034 3617 πρῶτος,
1077 3549 1196 3617 ἦτοι
1242 3547 1495 3617 διήγησις
1539 3549 1630 3599 καὶ
1654 3548 1936 3617 ἀνατροπὴ

359 3647 468 3698 τῶν
525 3645 629 3698 ὑπὸ
667 3643 760 3697 τοῦ
801 3643 1100 3713 φιλοσόφου
1155 3641 1422 3711 Βαρλαάμ
1501 3645 1933 3711 συγγραφέντων

361 3738 501 3792 κατὰ
522 3736 631 3790 τῶν
658 3735 821 3805 ἱερῶς
845 3735 1251 3806 ἡσυχαζόντων.
1288 3734 1382 3797 Τίς
1407 3734 1438 3802 ἡ
1466 3734 1636 3796 ὅντως
1671 3736 1939 3802 σωτήριος

369 3829 566 3897 γνῶσις
604 3828 697 3882 καὶ
731 3831 843 3891 τοῖς
876 3829 1046 3888 ὅπως
1091 3827 1348 3896 μοναχοίς
1385 3825 1873 3895 περισπούδαστος,
1906 3824 1938 3894 ῆ

367 3922 502 3975 κατὰ
537 3922 646 3974 τῶν
679 3922 944 3990 λεγόντων
973 3921 1077 3990 τὴν
1105 3921 1167 3970 ὲκ
1196 3917 1298 3986 τῆς
1333 3915 1438 3981 ἔξω
1491 3916 1741 3977 παιδείας
1795 3915 1938 3980 γνῶ-

363 4031 447 4066 σιν
478 4014 646 4075 δντως
681 3996 969 4081 σωτῆριον.
999 4010 1248 4079 Ejusdem
1279 4009 1412 4062 liber
1440 4010 1789 4076 posteriorum
1815 4009 1939 4077 pri-

363 4123 477 4158 mus
501 4121 596 4173 pro
625 4105 688 4157 iis
733 4106 822 4174 qui
861 4105 912 4156 in
972 4118 1128 4154 sacra
1155 4101 1325 4170 quiete
1363 4101 1588 4170 degunt,
1647 4103 1754 4154 sive
1785 4116 1942 4153 enar-

362 4200 501 4250 ratio
537 4209 583 4251 et
619 4199 815 4250 erersio
861 4212 1043 4250 earum
1079 4210 1194 4263 qua!
1242 4211 1273 4244 α
1321 4193 1625 4262 philosopho
1681 4192 1940 4246 Barlaam

365 4291 558 4357 scripta
591 4299 712 4344 sunt
745 4298 926 4341 contra
949 4303 1034 4340 eos
1081 4289 1172 4356 qui
1207 4288 1260 4339 in
1283 4303 1438 4338 sacra
1490 4285 1660 4350 quiete
1719 4284 1936 4352 degunt.

364 4384 621 4448 Qttll’ttttm
653 4381 720 4433 sit
754 4396 866 4432 rere
897 4379 1153 4432 salutaris
1186 4379 1410 4432 scientia
1441 4396 1471 4430 a
1495 4379 1630 4431 veris
1667 4377 1939 4430 monachis

362 4474 536 4533 culza;
569 4488 658 4523 seu
709 4482 898 4522 contra
936 4486 1021 4522 eos
1065 4471 1156 4538 qui
1213 4470 1391 4522 dicunt
1446 4469 1721 4522 scientiam
1762 4477 1939 4522 exter-

366 4577 448 4616 na:
481 4563 626 4613 illius
652 4560 949 4628 disciplina:
975 4576 1112 4630 nesse
1163 4577 1278 4614 vere
1317 4559 1633 4613 salutarem.
1661 4559 1882 4614 Initium
1921 4579 1934 4614 :

365 4653 532 4705 Οὐδὲν
562 4650 792 4720 ψεύδους
845 4652 1167 4720 δεινότερον,
1225 4651 1379 4704 οὐδὲν
1417 4651 1781 4721 συκοφαντίας
1838 4653 1939 4722 ἄχν-

367 4743 490 4805 00');
521 4742 844 4815 βαρύτερον,
875 4754 983 4799 etc.
1021 4743 1140 4798 Fol.
1179 4743 1306 4810 Ηυ,
1346 4759 1520 4798 verso.

437 4856 544 4908 Τοῦ
578 4856 743 4909 αὐτοῦ
780 4857 936 4925 λόγος
970 4859 1110 4929 ὑπὲρ
1142 4859 1251 4910 τῶν
1303 4859 1465 4928 ίερῶς
1518 4859 1934 4929 ἡσυχαζόντων,

365 4952 474 5003 τῶν
504 4952 747 5020 ὑστέρων
793 4956 816 5003 ὁ
847 4952 1100 5022 δεύτερος
1150 4954 1277 5020 περὶ
1305 4953 1632 5021 προσευχῆς.
1685 4951 1938 5020 Ejusdem

369 5044 500 5096 liber
527 5044 881 5112 posteriorum
907 5044 1169 5097 secundus
1203 5060 1298 5110 pro
1318 5045 1386 5098 iis
1420 5045 1510 5112 qui
1545 5060 1755 5096 sacram
1792 5045 1941 5112 quie-

370 5145 470 5188 tem
503 5147 690 5206 agunt,
731 5138 793 5189 de
822 5135 1096 5190 Oratione.
1143 5137 1360 5188 Initium
1390 5152 1404 5187 :
1433 5135 1554 5186 Τῶν
1607 5133 1705 5202 μὲν
1735 5133 1827 5186 οῦν
1851 5135 1941 5186 οὐ·

367 5229 456 5281 δὲν
515 5230 658 5299 μέγα
713 5229 1017 5296 τ;Θεμένων
1065 5228 1162 5296 τὴν
1225 5227 1332 5281 ἀπὸ
1389 5230 1487 5297 τῆς
1536 5225 1640 5290 ἔξω
1693 5225 1942 5289 παιδείας

367 5321 574 5390 ὄνησιν,
606 5332 711 5375 etc.
745 5319 862 5372 Fol.
896 5319 1018 5384 {5‘},
1056 5335 1230 5373 Versu.

441 5434 552 5489 Τοῦ
589 5434 758 5488 αὑτοῦ
793 5434 949 5503 λόγος
990 5433 1132 5504 ὑπὲρ
1178 5433 1287 5486 τῶν
1319 5433 1482 5504 ἱερῶς
1533 5434 1938 5504 ἡσυχαζόντων,

364 5527 472 5578 τῶν
521 5527 765 5595 ὑστέρων
796 5530 824 5578 ὁ
849 5527 1027 5596 τρίτος
1057 5529 1190 5596 περὶ
1245 5530 1421 5596 φωτὸς
1476 5528 1648 5597 ἱεροῦ.
1686 5527 1938 5597 Ejusdem

369 5617 497 5668 liber
524 5619 875 5683 posteriorum
909 5621 1125 5682 tertius,
1152 5635 1246 5688 pro
1280 5622 1344 5674 iis
1391 5622 1481 5690 qui
1511 5623 1564 5674 in
1588 5637 1742 5674 sacra
1767 5623 1940 5692 quiete

367 5705 584 5772 άθθευυ.
635 5709 699 5759 de
746 5726 898 5764 sacro
930 5713 1149 5769 lumine.
1195 5713 1414 5770 Initium
1449 5730 1464 5771 :
1513 5715 1572 5768 Ὀ
1608 5714 1673 5784 δὴ
1697 5715 1794 5786 τῆς
1826 5731 1942 5767 νοε-

1566 233 1953 296 GREGORII
2002 233 2326 293 ΡΑΙΑΜιΕ

2027 345 2126 414 ρᾶς
2159 346 2470 414 προσευχῆς
2521 342 2662 397 κατὰ
2716 344 2822 397 τῶν
2849 345 2934 398 δια
2982 344 3099 415 βίον
3131 346 3299 417 ταύτῃ
3329 365 3575 418 προσανε-

2021 426 2246 506 χόνέων,
2287 447 2392 492 ctc.
2431 437 2547 494 Ful.
2583 437 2701 503 I63,
2738 453 2918 491 \‘crso.

2096 526 2204 579 Τοῦ
2237 526 2403 578 αὑτοῦ
2462 525 2686 596 ἐλεγχος
2740 527 2847 579 τῶν
2920 529 3349 598 συμῦαινόντων,
3382 534 3441 584 ὲκ
3481 534 3579 585 τῶν

2024 617 2294 690 δευτέρων
2344 618 2438 670 τοῦ
2492 619 2788 687 φιλοσόφου
2823 620 3094 691 Βαρλαάμ
3121 625 3578 694 συγγραμμάτων.

2025 711 2222 780 ἢπερὶ
2287 709 2561 774 Θεώσεως.
2623 710 2878 779 Ejusdem
2944 713 3200 780 refutatio
3251 714 3582 770 absurdorum

2025 821 2141 872 quia
2201 815 2495 874 sequuntur
2545 822 2609 858 ex
2655 807 2898 859 secundis
2959 806 3240 861 Barlaami
3307 809 3582 878 philosophi

2027 899 2283 966 scriptis;
2332 899 2436 952 sitve
2491 899 2557 951 de
2612 899 2968 967 deiﬁcatione.
3037 900 3309 954 Initium:
3354 901 3487 954 Ἀλλ’
3541 904 3585 954 εἰ

2031 990 2128 1060 μὲν
2162 994 2304 1043 κατά
2335 989 2738 1044 Μασσαλιανῶν
2770 992 3025 1062 καθάπερ
3072 995 3168 1045 καὶ
3200 993 3584 1062 ἐπιγέγραπται

2027 1084 2076 1135 οἱ
2109 1084 2169 1137 τὸ
2199 1083 2407 1154 βιϐλίον
2438 1086 2756 1155 πεποίηται,
2793 1083 3030 1140 ctc.Ful.
3072 1087 3192 1152 I97,
3226 1103 3400 1141 verso.

2099 1176 2206 1228 Τοῦ
2242 1175 2407 1228 αὑτοῦ
2439 1177 2739 1246 κατάλογος
2770 1179 2879 1229 τῶν
2907 1178 3268 1232 ἐκϐαινόντων
3293 1180 3501 1233 ἀτόπων
3529 1183 3587 1234 ὲκ

2028 1269 2138 1321 τῶν
2195 1269 2289 1321 τοῦ
2353 1269 2648 1338 φιλοσόςρου
2713 1269 2978 1341 Βαρλαὰμ
3043 1271 3388 1340 προτάσεων,
3442 1273 3586 1340 λόγος

2026 1362 2280 1431 δεύτερος
2305 1362 2447 1415 κατὰ
2483 1363 2774 1432 δευτέρων.
2817 1363 3068 1433 Ejusdem
3099 1364 3375 1435 catalogus
3410 1367 3587 1420 absur-

2029 1457 2220 1508 dorum
2249 1471 2365 1524 qua:
2395 1468 2686 1526 sequuntur
2714 1473 2778 1511 ex
2815 1457 3096 1511 Barlaami
3134 1459 3434 1529 philosophi
3487 1476 3591 1526 pro-

2031 1548 2254 1614 tasibus,
2289 1549 2421 1602 liber
2449 1552 2710 1604 secundus
2731 1563 2916 1604 contra
2941 1555 3170 1605 secunda
3195 1556 3410 1617 scripta.
3441 1553 3587 1606 Init.:

2036 1641 2235 1710 Ἥρετό
2299 1659 2382 1704 τις
2430 1642 2538 1693 τῶν
2585 1644 2958 1713 εἰσαγομένων
3027 1648 3074 1696 εί
3126 1644 3353 1699 δυνατὸν
3398 1647 3594 1717 ἀνθρὼ-

2030 1751 2138 1806 πῳ,
2171 1748 2276 1790 etc.
2315 1735 2429 1790 Ful.
2471 1738 2597 1799 2H,
2641 1754 2815 1792 verso.

2100 1849 2206 1902 Τοῦ
2237 1851 2401 1903 αὑτοῦ
2435 1851 2734 1921 κατάλογος
2769 1853 2875 1906 τῶν
2899 1853 3270 1910 ἐκὸαιηόντων
3302 1858 3510 1910 ἀτόπων
3539 1859 3592 1911 ἐκ

2028 1942 2138 1994 τῶν
2163 1941 2258 1994 τοῦ
2288 1945 2580 2014 φιλοσόφου
2611 1946 2878 2016 Βαρλαὰμ
2929 1952 3439 2018 συμπερασμάτων,
3468 1951 3592 2004 κατά

2031 2034 2141 2087 τῶν
2172 2036 2450 2108 δευτέρων
2479 2041 2506 2091 ὁ
2534 2041 2738 2109 τρίτος.
2775 2039 3022 2107 Ejusdem
3052 2045 3332 2112 cata-’ogus
3360 2044 3596 2096 absurdo-

2033 2142 2150 2178 rum
2171 2143 2286 2194 qua'
2316 2140 2606 2196 sequuntur
2627 2145 2692 2183 ex
2707 2131 2992 2200 philisophi
3006 2131 3286 2186 Barlaami
3316 2134 3596 2187 conclusio-

2033 2219 2208 2279 nibus.
2236 2219 2369 2272 liber
2392 2222 2579 2274 tertius
2611 2232 2799 2276 contra
2836 2226 3066 2278 secunda
3091 2229 3316 2293 scripta.
3355 2225 3590 2280 Initium:

2038 2314 2101 2365 Ἀ
2138 2313 2235 2381 μὲν
2267 2308 2360 2367 οὖν
2390 2315 2722 2385 προσκρούει
2750 2320 2814 2386 τῇ
2848 2317 3076 2388 ἀληθείᾳ
3122 2319 3218 2372 καὶ
3251 2319 3329 2390 τῷ
3360 2320 3451 2390 τῆς
3481 2320 3596 2392 ἀλη-

2035 2406 2185 2468 Beia;
2218 2407 2359 2476 Θεῷ,
2394 2419 2499 2462 etc.
2538 2407 2651 2463 FuI.
2698 2409 2825 2464 9.20.

2117 2521 2407 2591 Ἐπίτομος
2443 2525 2581 2576 κατά
2607 2521 2666 2574 τὸ
2696 2523 2923 2576 δυνατὸν
2957 2523 3211 2596 διήγησις
3263 2529 3360 2596 τῆς
3396 2527 3481 2579 ἐπὶ
3511 2527 3594 2579 τοῦ

2041 2613 2306 2666 παλατίου
2359 2613 2590 2666 ἐνώπιον
2642 2615 2736 2668 τοῦ
2788 2617 3059 2686 βασιλέως
3106 2625 3410 2694 γενομένης
3435 2624 3597 2678 διαλέ-

2037 2703 2170 2770 ξεως
2203 2706 2294 2758 τοῦ
2332 2706 2733 2778 Θεσσαλονίκης
2765 2709 2934 2780 κυροῦ
2972 2712 3286 2784 Γρηγορίου
3338 2719 3429 2770 καί
3471 2717 3597 2788 Γρη-

2038 2801 2176 2870 γορᾶ
2205 2800 2298 2852 τοῦ
2332 2801 2649 2871 φιλοσόφου,
2685 2809 3068 2874 συγγραςοεῖσα
3099 2811 3261 2879 παρά
3310 2829 3452 2874 τινος
3500 2813 3597 2863 τῶν

2037 2892 2137 2962 τῆς
2169 2892 2477 2962 συγκλήτου
2514 2893 2756 2961 λογάδων
2787 2898 3052 2964 παρόντος
3083 2902 3178 2953 καὶ
3225 2903 3493 2971 αὐτηκόου
3521 2919 3600 2969 γεο

2037 2985 2280 3053 γονότος.
2315 2985 2702 3055 Compendiosa
2730 3003 2824 3056 pro
2851 2989 3108 3058 facultate
3133 2994 3376 3046 narratio
3403 2994 3595 3063 dialogi,

2032 3083 2122 3152 qui
2160 3081 2213 3133 in
2242 3081 2443 3148 palatio
2488 3098 2668 3134 coram
2715 3084 3036 3151 imperatore
3094 3087 3316 3140 habitus
3359 3097 3433 3141 est
3477 3089 3597 3140 inter

2041 3174 2106 3226 Ι).
2141 3173 2450 3242 Gregorium
2477 3174 2928 3244 archiepiscopum
2967 3175 3362 3233 Thessalonicte
3412 3189 3458 3233 et
3487 3178 3602 3233 Gre-

2037 3283 2216 3335 goram
2251 3267 2634 3335 philosOplmm,
2666 3271 2897 3336 scriptus
2933 3286 2965 3322 a
2996 3272 3223 3340 quodam
3259 3288 3323 3326 ex
3359 3273 3600 3325 illustrio-

2037 3360 2179 3412 ribus
2219 3361 2571 3426 senatoribus,
2621 3361 2711 3429 qui
2760 3362 2872 3414 ha‘c
2909 3379 3139 3429 pra’sens
3194 3365 3463 3420 audierat.
3510 3365 3602 3420 Ini—

2040 3453 2171 3503 tium
2211 3469 2224 3504 :
2266 3451 2542 3522 Ὀρισυεὶς
2582 3454 2734 3522 παρὶ
2762 3454 2854 3506 τοῦ
2903 3455 3061 3524 ἁγίου
3130 3457 3296 3527 ἡμῶν
3361 3458 3597 3512 αὑθέντου

2039 3545 2132 3598 καὶ
2163 3543 2453 3614 βασιλέως,
2488 3555 2592 3600 ('tc.
2635 3547 2751 3602 Ful.
2782 3546 2906 3602 226.

2112 3659 2217 3712 Τοῦ
2271 3662 2692 3730 μακαριωτάτου
2724 3661 3163 3732 ἀρχιεπισκόπου
3214 3665 3602 3736 Θεσσαλονίκης

2041 3755 2347 3825 Γρηγορίου
2397 3753 2472 3817 ὡς
2535 3753 2643 3807 ἀπό
2672 3756 3040 3825 τινοςὲτέρου
3099 3760 3462 3829 συγγραφεὶς,
3493 3759 3603 3827 περὶ

2038 3848 2137 3914 τῆς
2169 3847 2262 3900 τοῦ
2296 3847 2553 3917 Γρηγορᾶ
2579 3846 2986 3918 ψευδογραςὶας
3015 3849 3150 3919 ὁμοῦ
3176 3855 3277 3904 καὶ
3306 3850 3603 3910 δυσσεὸείας

2039 3939 2198 4008 λόγος
2247 3940 2486 4011 πρῶτος.
2565 3939 2868 3993 Beatissimi
2927 3927 3171 4011 Gregorii
3244 3941 3606 4011 arclaiepiicopi

2048 4030 2536 4086 Thessalonicensis
2571 4033 2634 4084 de
2671 4030 2923 4103 Gregorw
2953 4034 3006 4086 in
3036 4035 3318 4088 scribendo
3346 4035 3605 4088 mendaciis

2040 4133 2089 4179 et
2117 4125 2386 4192 impietate
2412 4123 2544 4178 liber
2562 4124 2788 4192 primus,
2817 4123 2883 4177 ab
2908 4126 3017 4179 alio
3045 4127 3277 4196 quodam
3309 4127 3602 4192 descriptus.
3630 4173 3638 4182 .

2045 4215 2262 4270 Initium
2295 4233 2309 4270 :
2347 4216 2693 4286 Μεταλαχεῖν
2744 4216 2944 4279 ἀθλίως
2995 4218 3085 4270 τὸν
3127 4218 3442 4288 Γρηγορᾶν,
3477 4217 3603 4280 [Iap-

2043 4311 2191 4380 λαὰμ
2221 4313 2310 4363 καὶ
2329 4309 2641 4362 Ἀκινδὺνου
2671 4309 2779 4361 τῶν
2810 4310 3139 4374 κακοδόξων,
3172 4319 3282 4366 etc.
3318 4310 3433 4364 Ful.
3458 4308 3573 4362 952.

2113 4424 2219 4478 Τοῦ
2252 4424 2418 4478 αὑτοῦ
2452 4424 2580 4493 περὶ
2615 4426 2709 4496 τῆς
2750 4425 2846 4477 τοῦ
2897 4427 3154 4496 Γρηγορᾶ
3211 4427 3604 4497 ψευδογραφίνς

2043 4519 2179 4588 ἐμοῦ
2230 4517 2324 4570 καὶ
2366 4518 2688 4581 δυσσεϐείας
2722 4519 2881 4586 λόγος
2922 4519 3196 4590 δεύτερος.
3257 4520 3504 4589 Ejusdem
3551 4533 3607 4570 re

2046 4610 2294 4681 Gregora:
2328 4611 2378 4663 in
2407 4611 2682 4663 scribendo
2738 4611 3031 4664 memlaciis
3075 4620 3123 4664 et
3163 4612 3432 4681 impietate
3486 4611 3607 4661 libsr

2043 4711 2330 4758 secimdus.
2369 4703 2584 4757 Initium
2621 4722 2634 4756 :
2675 4704 2764 4767 Ἐξ
2812 4703 3022 4773 ὀνύχων
3076 4705 3208 4770 φασὶ
3264 4705 3358 4756 τόν
3409 4703 3603 4763 λέοντα,

2047 4796 2138 4847 καὶ
2169 4797 2230 4847 ὲκ
2259 4795 2351 4847 τοῦ
2387 4795 2694 4866 κρασπέδου
2717 4795 2778 4847 τὸ
2813 4795 3061 4864 ῦφασμα,
3099 4805 3204 4849 etc.
3243 4795 3358 4848 FoI.
3385 4795 3506 4848 εις.

2119 4888 2377 4955 Ἔλεγχος
2429 4889 2527 4956 τῆς
2553 4891 2633 4950 εἰς
2664 4888 2726 4940 τὸ
2767 4887 3046 4940 Οειότατον
3090 4888 3206 4957 ιεὼς
3246 4889 3346 4955 τῆς
3384 4887 3475 4938 τοῦ
3508 4885 3604 4936 Κυ-

2047 4977 2165 5047 ρίου
2223 4977 2730 5048 μεταμορφώσεως,
2789 4979 3143 5046 παντοδαπῆς
3200 4979 3294 5030 τοῦ
3359 4974 3599 5047 Γρηγορί

2048 5068 2399 5138 βλασφημίας
2447 5070 2543 5120 καὶ
2595 5070 2940 5140 παράστασις
2997 5071 3055 5136 ἐξ
3119 5070 3468 5130 ἀντιθέσεως,
3527 5067 3601 5118 δτι

2045 5161 2299 5213 ἄκτιστον
2328 5159 2488 5212 τοῦτο
2514 5155 2662 5212 εστιν
2691 5159 2765 5224 ὡς
2796 5159 3014 5229 άληθῶς
3040 5162 3134 5214 καὶ
3162 5161 3350 5214 ἀΐδιον.
3369 5156 3598 5226 Ἑγράςςη

2047 5255 2140 5305 καὶ
2176 5254 2458 5321 ἀπεστάλη
2491 5253 2570 5321 τῷ
2599 5252 2892 5320 ἁγιωτάτῳ
2945 5254 3041 5306 καὶ
3097 5250 3460 5322 οἰκουμενικῷ
3507 5264 3602 5298 πι-

2048 5344 2301 5412 τριάρχῃ.
2337 5343 2604 5412 Refutatio
2640 5347 2958 5397 omnimoda:
2998 5344 3337 5412 blasphemia!
3365 5342 3597 5406 Gregorii:

2055 5437 2198 5488 circa
2240 5436 2628 5489 divinissimum
2658 5437 2834 5489 lumen
2854 5434 3337 5505 transfigurationis
3365 5429 3600 5488 Domini;

2046 5545 2106 5582 ac
2131 5530 2511 5583 demonstratio
2561 5544 2625 5582 ex
2665 5530 2936 5593 omit/tesi,
2969 5529 3108 5599 quod
3155 5528 3284 5582 illud
3317 5528 3601 5579 increatum

2048 5636 2162 5674 ιένθ
2219 5621 2286 5673 εει
2333 5631 2380 5673 et
2413 5631 2687 5680 attentum.
2729 5621 2941 5689 Scripta
2976 5633 3024 5676 et
3053 5625 3215 5677 missa
3261 5627 3337 5672 est
3387 5618 3454 5670 ad
3481 5629 3599 5669 san-

2050 5712 2342 5766 ctissimum
2400 5723 2447 5768 et
2501 5716 2872 5768 ecculm-nicum
2937 5716 3312 5784 patriareham.
3349 5708 3594 5764 Initium:
