3956 6194
318 364 627 439 ἀφροσύνην
684 356 876 424 αὑτοῦ,
918 374 935 408 ι
978 359 1145 426 φησὶν
1194 356 1222 405 ὁ
1277 352 1440 421 σοφὸς
1478 349 1733 419 Σολομῶν
1773 354 1883 401 etc.

318 458 427 513 Fol.
466 455 591 510 171.
629 464 811 504 verso.
1311 513 1317 520 _

382 548 492 602 Τοῦ
540 541 708 598 αὐτοῦ
765 539 1184 606 παναγιωτάτου
1224 536 1570 607 πατριάρχου
1604 533 1744 603 πρὸς
1800 529 1891 585 τὸν

314 639 475 693 αὑτὸν
522 634 815 703 φιλόσοφον
871 630 1160 699 Γρηγορᾶν
1185 628 1342 697 λόγος
1382 621 1769 697 ἀντιρῤητικὸς
1824 619 1893 687 ιβ’

316 730 456 799 ὑπὲρ
483 725 592 779 τῶν
618 722 698 793 τῷ
722 721 863 790 ἁγίῳ
889 718 1009 790 ὄρει
1043 718 1121 789 τῷ
1148 717 1303 787 Ἀθῳ
1332 712 1619 786 μοναστῶν
1642 711 1768 783 (sic)
1800 712 1894 764 καὶ

314 822 423 874 τῶν
475 817 637 887 ἱερῶς
686 811 1076 885 ἡσυχαζόντων
1125 811 1245 864 ἐκεῖ
1287 808 1383 862 καὶ
1430 806 1498 879 δὴ
1532 805 1768 861 καὶτῶν
1805 807 1894 856 ὲν-

314 911 493 969 ταῦθα
517 925 532 939 ·
566 908 710 976 ὑπὲρ
743 923 805 958 τε
833 906 942 959 τῶν
966 904 1105 957 κατὰ
1137 902 1248 955 τῶν
1276 898 1567 953 θειοτάτων
1624 892 1897 966 βασιλέων

318 1005 505 1066 κακῶς
554 1000 862 1072 εἰρημένων
896 996 1047 1067 αὐτῷ
1080 993 1368 1062 ἀπολογία,
1415 991 1553 1046 ἀλλὰ
1574 990 1638 1058 δὴ
1675 989 1769 1041 καὶ
1791 986 1901 1040 τῶν

323 1096 464 1151 κατὰ
521 1094 617 1147 τοῦ
674 1092 821 1146 θείου
877 1087 1189 1162 Γρηγορίου
1241 1086 1339 1139 καὶ
1383 1083 1493 1137 τῶν
1535 1080 1696 1152 ίερῶν
1736 1076 1901 1131 αὐτοῦ

320 1189 655 1256 θαυμάτων
711 1183 849 1251 πρός
890 1197 954 1248 γε
1008 1178 1116 1248 μὴν
1171 1178 1248 1247 τῷ
1283 1175 1378 1229 τοῦ
1429 1175 1596 1244 λόγου
1629 1172 1775 1224 τέλει
1810 1169 1903 1224 καὶ

321 1275 798 1343 ἀνακεφαλαίωσις
844 1271 953 1324 τῶν
988 1268 1430 1338 προειρημένων.
1484 1262 1741 1333 Ejusdem
1776 1275 1904 1313 san-

322 1368 545 1423 ctissimi
586 1364 907 1434 patriarcha:
951 1361 1203 1421 adversus
1245 1358 1484 1412 eumdem
1534 1354 1905 1425 philosophum

327 1461 615 1530 Gregoram
664 1457 796 1510 liber
847 1454 1227 1507 antirrlteticus
1276 1449 1365 1514 12,
1405 1464 1499 1518 pro
1542 1444 1812 1507 monachis
1852 1444 1907 1496 in

326 1561 509 1605 sancto
543 1556 716 1601 monte
774 1544 912 1599 Atho
962 1542 1291 1613 degentibus,
1323 1547 1371 1593 et
1403 1538 1468 1591 iis
1506 1538 1595 1608 qui
1626 1535 1821 1590 ibidem
1848 1543 1904 1586 ut

325 1655 375 1695 et
406 1644 488 1695 hic
518 1642 571 1693 in
606 1655 762 1693 sacra
789 1637 961 1707 quiete
1022 1634 1199 1688 vivunt
1230 1632 1294 1703 (i.
1327 1626 1690 1699 Hesychastis)
1722 1625 1905 1693 defen-

264 1718 267 1721 ἰ
323 1735 408 1785 sio
427 1718 899 1785 'divinissimorum
925 1728 1307 1793 imperatorum
1342 1731 1530 1774 contra
1560 1717 1799 1786 ejusdem
1822 1716 1908 1768 di-

331 1838 458 1889 cta;
495 1823 842 1890 similiterque
893 1819 959 1873 D.
1012 1815 1256 1886 Gregorii
1295 1824 1345 1869 et
1382 1811 1765 1866 miraculorum
1790 1809 1906 1877 ejus

327 1918 600 1987 apologia.
623 1913 949 1983 Insuperque
975 1911 1029 1965 in
1058 1911 1163 1979 ﬁne
1183 1908 1306 1962 libri
1331 1904 1701 1973 recapitulatio
1727 1917 1909 1957 eorum

324 2027 449 2082 qua:
475 2024 637 2077 supra
667 2007 809 2058 dicta
850 2012 995 2059 sunt.
1029 2001 1161 2055 luit.
1190 2017 1203 2053 :
1244 1996 1515 2052 Ἐνταῦθα
1556 2012 1624 2065 με
1654 1993 1912 2066 βουλόμε-

331 2119 422 2155 νον
463 2100 658 2169 στῆσαι
682 2098 773 2149 τὸν
798 2095 958 2164 λόγον
980 2092 1009 2147 ὃ
1032 2091 1097 2163 δὴ
1124 2092 1226 2147 κάν
1251 2091 1363 2154 τοῖς
1392 2087 1633 2158 φθάσασι
1660 2083 1911 2158 προῦφην

328 2207 442 2250 etc.
475 2193 590 2247 Fol.
626 2192 751 2246 197.

410 2283 515 2335 Τοῦ
540 2281 708 2335 αὑτοῦ
739 2279 1048 2347 ἁγιωτάτου
1087 2277 1184 2333 καὶ
1221 2268 1607 2341 οίκουμενικοῦ
1643 2260 1915 2339 πατριάρ-

333 2391 434 2444 χου
474 2370 645 2443 κυροῦ
686 2370 939 2423 Φιλοθέου
970 2368 1048 2440 τῷ
1078 2365 1457 2437 εὐγενεστάτω
1496 2361 1719 2433 μεγάλῳ
1756 2362 1915 2428 δομε-

337 2464 508 2533 στίκῳ
536 2460 613 2531 τῷ
645 2460 994 2531 Παλαιολόγῳ
1024 2460 1154 2529 περὶ
1201 2455 1297 2510 τοῦ
1331 2459 1389 2509 ὲν
1422 2456 1533 2517 τοῖς
1587 2450 1724 2524 πρὸς
1753 2449 1919 2504 Εὐνό-

335 2572 467 2625 μιον
517 2553 931 2624 ἁντιρρητικοῖς
976 2551 1071 2611 τοῦ
1116 2548 1357 2619 μεγάλου
1404 2543 1699 2599 ’Βασιλείου
1747 2541 1917 2613 ῥητοῦ

332 2645 436 2700 τοῦ
475 2645 758 2713 λέγοντος·
798 2664 816 2696 ι
870 2643 929 2696 '0
974 2644 1084 2714 γὰρ
1116 2638 1353 2703 τετοκὼς
1393 2637 1602 2709 βώλους
1646 2635 1913 2706 δρόσου,ι

336 2739 489 2793 κατὰ
512 2738 603 2791 τὸν
638 2735 759 2789 ’1ὼὸ
785 2736 963 2803 λόγον,
994 2736 1092 2806 οὐχ
1126 2733 1328 2804 ὁμοίως
1357 2732 1455 2796 τάς
1497 2748 1557 2783 τε
1593 2727 1799 2799 βώλους
1828 2729 1921 2781 καὶ

335 2832 433 2884 τὸν
467 2832 597 2883 Υίὸν
627 2830 973 2901 ὑπεστήσατο
997 2841 1013 2857 ⁶
1046 2830 1141 2880 καὶ
1174 2827 1303 2896 περὶ
1342 2824 1598 2894 θεότητος
1636 2822 1795 2891 λόγος
1830 2826 1918 2888 ιγ’.

342 2924 596 2993 Ejusdem
633 2921 961 2978 sanctissimi
980 2930 1026 2974 et
1050 2918 1353 2974 mcumenici
1375 2917 1696 2986 patriarcha:
1722 2914 1925 2967 domini

347 3016 607 3069 l’hilothei
638 3014 966 3068 nobilissimo
990 3028 1177 3083 magno
1198 3012 1483 3069 domestico
1502 3007 1832 3078 Polwologo,
1856 3008 1925 3067 de

340 3110 489 3162 dicto
523 3109 581 3163 S.
614 3108 807 3162 Basilii
841 3108 896 3161 in
926 3106 1304 3161 Antirrheticis
1354 3111 1542 3157 contra
1578 3100 1923 3165 Eunomium,

340 3201 437 3269 qui
491 3200 567 3253 ait
636 3200 692 3252 in
746 3200 880 3251 hunc
929 3197 1053 3253 Jobi
1111 3205 1307 3261 locum,
1346 3213 1364 3247 ι
1410 3195 1516 3262 Qui
1552 3195 1692 3247 enim
1726 3193 1926 3261 peperit

343 3292 525 3363 glebas
562 3293 722 3356 roris,
754 3309 772 3343 ι
810 3307 910 3344 non
944 3290 1189 3346 similiter
1213 3291 1391 3359 glebas
1419 3299 1469 3341 et
1507 3286 1551 3339 F
1555 3288 1707 3340 ilium
1729 3286 1931 3339 constio

347 3389 533 3452 ruisse,
563 3396 611 3440 et
639 3387 703 3439 de
733 3385 929 3439 deitate
949 3385 1081 3438 liber
1107 3383 1340 3445 decimus
1372 3382 1576 3435 tertius.
1615 3379 1766 3443 lnit.:
1795 3381 1930 3447 ’Λγε

346 3480 416 3548 δὴ
447 3480 541 3532 καὶ
570 3478 755 3543 πάλιν,
790 3478 959 3545 φίλων
992 3476 1202 3546 ἀνδρῶν
1240 3474 1601 3543 εὐγενέστατε
1639 3475 1730 3527 καὶ
1781 3473 1932 3542 φιλοο

353 3569 686 3639 μαθέστατε,
716 3567 853 3638 πρὸς
877 3568 973 3631 τὰς
992 3566 1176 3631 λύσεις
1201 3566 1372 3636 ἴωμεν
1406 3563 1516 3618 τῶν
1541 3563 1650 3617 σῶν
1682 3563 1933 3634 ζητημά-

349 3680 464 3715 των
493 3674 603 3717 etc.
635 3662 747 3716 Fnl.
772 3661 901 3716 212.

425 3753 534 3808 Τοῦ
572 3752 736 3808 αὐτοῦ
770 3754 904 3820 προς
939 3752 1031 3806 τὸν
1072 3751 1236 3805 αὐτὸν
1274 3750 1404 3820 περ)⁸
1446 3749 1548 3819 τῆς
1576 3750 1633 3802 ὲν
1664 3747 1934 3821 Θαὸωρίῳ

352 3847 507 3910 θείας
549 3845 645 3899 τοῦ
678 3844 919 3913 Χριστοῦ
957 3841 1462 3915 μεταμορφώσεως,
1490 3843 1573 3895 ὅτι
1608 3839 1731 3893 οὔτε
1778 3842 1937 3897 οὐσία

350 3938 492 3991 Θεοῦ
520 3937 582 3989 τὸ
612 3936 735 3990 κατ’
769 3934 943 4005 αὐτὴν
983 3933 1099 4003 φῶς
1129 3932 1257 3986 οὔτε
1284 3930 1490 4002 κτίσμα
1512 3948 1525 3962 ο
1557 3932 1651 3985 καὶ
1683 3930 1764 3984 ὅτι
1798 3925 1938 3985 είδον

355 4030 490 4083 αὐτὸ
517 4030 566 4082 οί
602 4028 915 4093 ἀπόστολοι,
963 4027 1058 4080 καὶ
1091 4025 1209 4087 πῶς
1254 4020 1398 4078 εἶδον
1423 4038 1439 4055 ·
1476 4024 1572 4077 καὶ
1604 4025 1687 4076 ὅτι
1720 4022 1783 4075 οὐ
1812 4040 1940 4076 σιω-

359 4123 571 4177 πᾶσθαι
601 4122 729 4184 τοὺς
781 4123 911 4190 περὶ
960 4119 1170 4172 τούτων
1207 4118 1400 4186 λόγους
1445 4118 1588 4172 κατά
1626 4134 1778 4193 τινας
1808 4116 1936 4187 χρὴ,

360 4216 498 4270 ἀλλὰ
526 4214 621 4269 καὶ
667 4211 1062 4284 κηρύττεσθαι,
1116 4213 1209 4263 καὶ
1245 4210 1383 4280 πρὸς
1420 4209 1518 4280 τὴν
1556 4209 1793 4285 μετοχὴν
1834 4208 1937 4279 μά-

363 4310 520 4362 λιστα
576 4306 832 4360 σπεύδειν
888 4305 1098 4366 πάντας
1136 4302 1230 4355 τοῦ
1288 4302 1436 4353 θείου
1472 4302 1655 4370 φωτὸς
1696 4302 1937 4356 ἐκείνου.

366 4402 621 4469 Ejusdem
670 4401 740 4453 ad
776 4398 1013 4452 eumdem
1045 4397 1109 4449 de
1143 4397 1321 4449 divina
1350 4394 1841 4464 Trans/ﬁguratione
1887 4397 1942 4449 in

370 4494 658 4557 Thaborio,
697 4492 833 4563 quod
869 4491 1047 4543 lumen
1098 4490 1152 4541 in
1188 4504 1251 4542 ea
1301 4488 1594 4541 exhibitam
1626 4504 1788 4558 neque
1818 4488 1947 4543 sub-

366 4589 567 4641 stantia
604 4585 701 4638 Dei
729 4566 820 4637 sit.
839 4598 1003 4651 neque
1031 4591 1280 4635 creatura
1316 4622 1330 4645 ,
1356 4591 1407 4633 et
1438 4580 1577 4649 quod
1618 4580 1844 4648 apostoli
1870 4581 1951 4649 ip-

369 4690 483 4727 sum
516 4672 742 4726 viderint
788 4688 850 4724 ac
882 4668 1144 4739 quomodo
1184 4668 1409 4722 uiderint
1428 4684 1448 4732 ,'
1478 4667 1616 4738 quod
1638 4669 1750 4723 hazc
1779 4680 1951 4725 tacere

372 4782 473 4817 non
512 4772 775 4832 oporteat,
814 4774 870 4816 ut
911 4762 1131 4831 quidam
1183 4759 1387 4822 volunt,
1418 4760 1509 4821 sed
1543 4762 1723 4829 potius
1749 4762 1950 4832 prwdi-

370 4870 505 4909 care.
540 4854 605 4906 Et
637 4856 777 4923 quod
808 4856 874 4907 ad
920 4852 1067 4905 illius
1098 4850 1290 4905 divina:
1325 4852 1461 4904 lucis
1492 4853 1951 4921 participationem

373 4964 549 5001 omnes
607 4948 861 5016 festinare
908 4946 1157 5000 debeant.
1184 4945 1311 5000 lnit.
1344 4962 1357 4999 :
1404 4944 1556 4997 Ἐπεὶ
1589 4945 1645 4999 δὲ
1684 4944 1785 5008 τὰς
1826 4947 1955 5016 περὶ

372 5043 465 5103 τὰς
495 5042 671 5106 λέξεις
724 5040 847 5094 καθ’
875 5040 1034 5110 ἡμῶν
1074 5038 1449 5107 συκοφαντίας
1474 5055 1541 5090 τε
1578 5041 1674 5092 καὶ
1709 5055 1956 5093 καινοτο-

379 5133 500 5203 μίας
532 5145 636 5187 etc.
677 5132 795 5186 Fol.
823 5134 952 5187 22!.

444 5224 551 5275 Τοῦ
589 5224 756 5277 αὐτοῦ
791 5224 927 5293 πρὸς
971 5223 1064 5276 τὸν
1097 5222 1261 5275 abs-3v
1295 5223 1423 5291 περὶ
1455 5221 1563 5274 τῶν
1598 5222 1777 5274 αὐτῶν
1799 5222 1957 5290 λόγος

380 5317 461 5365 ιε’.
496 5311 749 5381 Ejusdem
776 5314 844 5365 ad
868 5313 1119 5366 eumdem
1151 5313 1215 5365 de
1241 5328 1294 5364 re
1311 5311 1494 5365 cadent
1526 5310 1660 5364 liber
1688 5312 1775 5367 15.
1807 5312 1956 5368 lnit.:

392 5404 548 5458 Ἀλλὰ
579 5406 770 5474 καιρὸς
800 5404 867 5459 ἂν
899 5403 987 5473 εἴη
1016 5402 1227 5467 λοιπὸν,
1265 5405 1359 5455 καὶ⁵
1386 5404 1477 5457 τὸν
1515 5404 1678 5456 οἱονεὶ
1713 5405 1865 5469 τέλος
1897 5423 1955 5458 τε

380 5498 472 5549 καὶ
498 5499 771 5567 σφραγῖδα
802 5510 906 5551 etc.
939 5495 1058 5549 Fui.
1089 5496 1194 5549 ί227
1223 5510 1402 5551 verso.

448 5591 628 5661 Μέχρι
681 5590 780 5659 μὲν
818 5588 1023 5641 τούτων
1058 5588 1475 5657 συμπληροῦται
1506 5589 1565 5641 τὸ
1600 5589 1826 5659 βιόλίον,
1863 5608 1960 5643 κα-

384 5680 489 5749 θὼς
521 5687 579 5737 ὲν
612 5684 733 5747 ταῖς
776 5680 1143 5752 προθεωρίαις
1181 5679 1653 5754 διοιλοιιιιϐςίινετοιι.¹
1686 5684 1959 5753 Προσετέ-

715 5777 987 5836 ΡΑτιιοι..
1029 5778 1144 5836 Gn.
1192 5772 1318 5833 CL.

1098 242 1417 305 OPERUM
1462 236 1945 298 ABGUMENTA
1986 233 2087 295 EX
2128 230 2344 291 CODD.
2390 224 2720 285 COISLIN.

3458 212 3565 277 8ίὲ

1992 346 2167 414 θησαν
2197 342 2256 396 δὲ
2295 343 2354 393 ἐν
2390 340 2465 407 τῷ
2498 338 2728 407 παρόντι
2764 335 2856 388 καὶ
2888 332 2953 387 τὰ
2984 331 3204 401 ἐφεξῆς.
3234 329 3348 383 Huc
3372 330 3567 384 desinit
3624 404 3633 413 1

1994 437 2145 500 liber,
2197 443 2256 488 ut
2306 435 2363 487 in
2415 430 2733 500 protheoriis
2778 428 3070 482 indicatur.
3116 424 3183 478 In
3235 426 3336 477 hoc
3389 430 3569 477 autem

1993 524 2288 593 exemplari
2310 522 2495 577 addita
2526 530 2645 574 sunt
2668 535 2785 589 qua:
2822 525 3110 587 sequuntur
3135 533 3154 571 :
3195 515 3254 568 Ὀ
3288 514 3449 579 αὐτὸς
3491 512 3572 583 τῷ

1952 616 1967 625 ’
1995 614 2303 686 Πετριώτῃ,
2342 614 2425 667 ὅτι
2457 611 2647 679 ὥσπερ
2686 608 2767 673 εἷς
2811 610 2944 672 Θεὸς
2972 611 3005 679 ἡ
3033 608 3169 677 ἁγία
3197 609 3393 678 Τριάς,
3427 605 3574 660 οὕτω

1998 708 2098 762 καὶ
2136 708 2233 777 μία
2268 709 2301 778 η
2333 706 2558 783 θεότῃς·
2589 706 2685 757 καὶ
2718 705 2849 770 περὶ
2882 702 3033 765 θείας
3079 702 3383 772 ἐνεργείας.
3423 700 3575 755 Idem

1999 801 2269 862 Petriotte,
2296 798 2432 869 quod
2461 799 2599 851 sicut
2638 796 2696 851 S.
2734 796 2969 851 Trinitas
3004 812 3137 849 unus
3177 802 3256 848 est
3296 794 3455 857 Deus,
3501 793 3576 846 sic

2000 909 2106 946 una
2141 893 2211 947 sit
2240 890 2453 945 deitas:
2482 899 2532 943 et
2573 890 2637 942 de
2687 889 2866 942 divina
2894 889 3220 956 operatione.
3252 887 3404 941 lnit.:
3432 885 3578 948 Χθὲς

2002 985 2100 1039 καὶ
2153 982 2422 1053 πρότριτά
2459 982 2549 1052 μοί
2603 998 2688 1045 τις
2724 980 2831 1033 τῶν
2868 979 3117 1049 συνήθων
3174 979 3439 1047 ἀγγελίαν
3473 974 3578 1050 ἧκε

2003 1077 2248 1148 κομίζων
2276 1086 2381 1131 etc.
2407 1074 2524 1128 Fol.
2549 1075 2677 1127 237.

2076 1169 2183 1223 Τοῦ
2214 1168 2382 1223 αὑτοῦ
2404 1170 2517 1229 τοῖς
2548 1166 2917 1232 ἐνδοξοτάτοις
2951 1168 3046 1219 καὶ
3090 1167 3583 1233 περιφανεστὰτοις

2009 1263 2272 1332 μεγάλοις
2306 1260 2653 1329 δομεστίκοις
2694 1261 2824 1329 περὶ
2867 1259 2968 1329 τῆς
3009 1259 3244 1321 παλαιᾶς
3276 1259 3585 1327 περιτομῆς

2006 1355 2367 1423 ἐρωτήσασιν.
2404 1353 2653 1424 Ejusdem
2696 1351 3095 1422 gloriosissimis
3126 1360 3174 1404 et
3209 1349 3584 1404 illustrissimis

2010 1451 2214 1519 magnis
2257 1450 2558 1502 domesticis
2594 1450 2656 1501 de
2690 1449 2849 1501 veteri
2879 1446 3294 1500 circumcisione.
3319 1446 3535 1501 Initium
3569 1461 3585 1498 :

2024 1539 2164 1608 Ἐγὼ
2194 1539 2293 1609 μὲν
2314 1541 2459 1609 ὑμᾶς
2479 1538 2636 1610 ᾤμην
2667 1541 2731 1591 ἐκ
2754 1539 2854 1608 τῆς
2889 1540 3110 1610 μακρᾶς
3144 1537 3460 1606 ἀποδημίας
3479 1544 3586 1591 etc.

2010 1627 2129 1683 Fol.
2164 1628 2291 1683 eis.
2321 1644 2501 1684 verso.
2892 1616 2911 1633 '

2049 1714 2165 1772 ’Τὰ
2200 1719 2472 1789 κεφάλαια
2536 1719 2643 1791 (ιδ’)
2686 1723 2789 1790 τῆς
2839 1723 3108 1789 αἱρέσεως
3156 1721 3467 1775 Ἀκινδύνου
3499 1722 3593 1775 καὶ

2008 1811 2280 1882 Βαρλαὰμ
2328 1812 2567 1865 καὶτῶν
2621 1813 2942 1884 δμοφρόνων
2994 1813 3201 1877 αὐτοῖς,
3237 1814 3461 1868 τεθέντα
3493 1814 3595 1883 μὲν

2010 1904 2085 1966 di;
2134 1904 2289 1958 αὐτοὶ
2351 1905 2788 1975 συνεγράψαντο,
2826 1903 3027 1974 ἑφεξῆς
3078 1904 3134 1958 δὲ
3169 1906 3595 1975 ἀνατρεπόμενα

2014 1997 2167 2066 παρὰ
2203 1995 2298 2049 τοῦ
2352 1996 2517 2049 αὑτοῦ
2572 1999 2937 2070 πατριάρχου.
2988 2000 3051 2053 14
3103 1998 3296 2067 Capita
3342 2000 3595 2055 htcreseos

2013 2088 2275 2158 Acindyni
2333 2097 2382 2140 et
2432 2088 2707 2142 Barlaami
2742 2107 2805 2143 ac
2856 2092 3158 2160 sequacium
3197 2108 3398 2156 eorum,
3424 2094 3599 2161 posita

2014 2182 2246 2251 quidem,
2280 2190 2337 2233 ut
2366 2181 2468 2250 ipsi
2491 2183 2835 2253 scripserunt,
2864 2185 3052 2247 deinde
3079 2201 3196 2238 vero
3218 2202 3396 2239 eversa
3415 2188 3478 2240 ab
3509 2204 3600 2242 eo-

2016 2274 2134 2326 dem
2164 2273 2499 2342 patriarcha.
2526 2272 2744 2329 initium
2777 2293 2789 2327 :
2824 2273 3135 2342 Propositio
3166 2276 3457 2347 Aryndini.
3491 2278 3599 2332 Λέ-

2018 2382 2209 2434 γουσιν
2241 2365 2648 2436 ἐναντιούμενοι
2680 2370 2747 2439 τῇ
2779 2368 2898 2438 θείᾳ
2948 2368 3138 2440 Γραφῇ
3176 2381 3282 2426 etc.
3319 2372 3438 2426 Fol.
3473 2373 3599 2428 2‘59.

2090 2459 2380 2523 Συνοδικδς
2413 2460 2583 2529 τόμος
2610 2462 3006 2531 γεγραμμένος
3041 2465 3142 2537 ἐπὶ,
3167 2466 3288 2531 ταῖς
3317 2466 3606 2535 ἐξελεγξά-

2024 2571 2146 2617 σαις
2168 2556 2262 2607 καὶ
2285 2552 2728 2623 ἀποϐαλλομέναις
2759 2554 2858 2625 τὴν
2891 2556 2984 2609 τοῦ
3010 2558 3278 2626 Βαρλαὰμ
3300 2561 3394 2612 καὶ
3418 2560 3605 2613 Ἀκιν-

2021 2645 2179 2699 δύνου
2213 2644 2540 2699 δυσσέὸειαν
2592 2645 2865 2715 μεγάλαις
2915 2648 3180 2714 συνόδοις,
3224 2651 3280 2703 έν
3302 2647 3391 2714 αἶς
3439 2653 3537 2722 οὐχ
3572 2655 3605 2721 ἦ

2036 2737 2333 2807 Ἐκκλησία
2380 2739 2530 2790 πᾶσα
2569 2738 2751 2807 μόνον,
2790 2738 2926 2793 ἀλλὰ
2978 2740 3132 2811 καὶὴ
3174 2741 3478 2813 σύγκλητος
3514 2745 3609 2798 καὶ

2027 2830 2076 2882 oi
2112 2829 2389 2884 καθολικοὶ
2441 2834 2701 2901 παρῆσαν
2732 2832 2841 2885 τῶν
2888 2831 3178 2902 Ῥωμαίων
3215 2838 3420 2906 κριταὶ.
3475 2854 3609 2909 προ-

2031 2921 2342 2991 καθημένου
2399 2921 2492 2974 καλ⁸
2524 2920 2619 2974 τοῦ
2671 2920 2949 2976 θειοτάτου
2988 2922 3257 2992 βασιλέως
3288 2925 3394 2990 ἕως
3426 2919 3489 2979 οὗ
3517 2945 3613 2979 πε-

2032 3014 2179 3087 ριῆν.
2236 3012 2530 3085 Synodicus
2585 3023 2757 3068 tomus
2793 3016 3021 3082 scriptas
3053 3019 3107 3070 in
3140 3021 3348 3088 magnis
3396 3022 3610 3090 synodis

2028 3121 2145 3175 qua:
2186 3104 2463 3158 Barlaami
2514 3116 2559 3158 et
2609 3106 2873 3175 Acinrlyni
2913 3108 3233 3177 impietatem
3271 3111 3612 3179 confutarunt

2029 3207 2080 3252 et
2127 3199 2573 3267 proscripserunt,
2621 3199 2808 3267 quibus
2844 3216 2945 3253 non
2999 3210 3110 3255 tota
3141 3201 3314 3256 solum
3349 3202 3615 3271 Ecclesia,

2031 3293 2121 3345 sed
2180 3292 2340 3345 etiam
2376 3301 2592 3344 senatus
2624 3303 2670 3345 et
2711 3293 2962 3347 catholici
3016 3293 3616 3367 Romanorumjudices

2034 3384 2280 3447 aderant,
2307 3384 2623 3450 pratgsidcute
2644 3385 2978 3439 tliriuissimo
3010 3386 3345 3452 imperatore,
3378 3392 3617 3459 quamliu

2033 3484 2295 3543 superstes
2326 3473 2452 3545 fuit.
2494 3475 2708 3530 initium
2737 3494 2749 3529 :
2799 3476 3111 3541 Ἐπαινετὸς
3144 3478 3361 3550 ἀληθῶς
3391 3483 3419 3534 ό
3447 3482 3618 3535 είπὼν

2033 3565 2133 3635 τὴν
2169 3565 2499 3619 ταπείνωσιν
2523 3565 2787 3635 ἀληθείας
2823 3561 2965 3620 εἶναι
3022 3568 3323 3636 ἐπίγνωσιν
3353 3580 3459 3625 etc.
3498 3566 3616 3625 Fol.

2034 3656 2162 3711 258.
2200 3657 2332 3711 Acta
2361 3665 2446 3711 est
2498 3656 2613 3710 haec
2647 3659 2889 3727 synodus
2944 3674 3131 3714 mense
3174 3661 3442 3731 Augusta,
3476 3662 3620 3716 indi-

2038 3750 2219 3802 ctione
2247 3749 2303 3812 9,
2339 3762 2486 3801 anno
2537 3749 2725 3803 mundi
2782 3749 2944 3815 6849,
2980 3750 3030 3803 id
3080 3759 3164 3805 est
3221 3750 3423 3805 Christi
3461 3753 3619 3806 1541.

2041 3839 2351 3897 Subscribit
2397 3839 2640 3896 Joannes
2697 3850 2838 3911 patr.
2898 3843 2956 3897 C.
2997 3843 3060 3897 Ρ.
3097 3860 3222 3898 cum
3259 3847 3622 3915 melropolitis

2041 3944 2188 3990 octo.
2216 3932 2338 3988 lam
2382 3933 2634 4004 sequitur
2669 3935 2812 3986 Ἴσον
2863 3933 2959 3986 τοῦ
2992 3936 3143 4003 παρὰ
3178 3936 3285 3988 τῶν
3316 3936 3623 4007 ἀρχιερέων

2045 4027 2145 4097 (ς’)
2176 4025 2461 4095 γεγονότος
2496 4025 2825 4096 γράμματος
2878 4026 3020 4079 κατὰ
3052 4027 3152 4095 τὴν
3190 4027 3624 4081 πεντεκαιδεκά-

2044 4139 2144 4191 την
2168 4120 2400 4179 ίνδικτον
2427 4118 2557 4190 περὶ
2585 4118 2679 4171 τοῦ
2718 4118 2998 4179 συνοδικοῦ
3023 4120 3215 4181 τούτου
3244 4120 3436 4189 τόμου.
3470 4120 3624 4175 Illum

2049 4226 2246 4281 nempe
2280 4212 2607 4282 approbant,
2630 4208 2989 4281 Barlaamque
3021 4211 3074 4264 in
3111 4211 3211 4266 hac
3237 4212 3447 4284 synodo
3475 4213 3628 4268 dam-

2050 4312 2236 4357 natum
2274 4318 2333 4357 se
2364 4316 2583 4371 quoque
2612 4306 2871 4356 damnare
2926 4301 3274 4371 proﬁtentur.

2124 4394 2407 4458 Συνοδικδς
2450 4393 2633 4464 τρίτος
2666 4394 2834 4464 τόμος
2891 4396 3033 4449 κατὰ
3081 4396 3180 4465 τῆς
3214 4395 3482 4466 Βαρλαὰμ
3536 4399 3632 4450 καὶ

2066 4488 2376 4542 ’Δκινδῦνου
2415 4488 2649 4557 πλάνης,
2683 4490 2796 4550 τοῖς
2825 4487 3115 4558 προτέροις
3150 4488 3432 4557 ὁμόλογος.
3476 4488 3634 4556 Ἐγέ-

2054 4600 2175 4636 νετο
2204 4583 2261 4636 δὲ
2295 4582 2384 4634 διὰ
2408 4581 2537 4644 τοὺς
2564 4580 2794 4651 ὕστερον
2822 4580 3305 4649 ἀκολουθήσαντας
3331 4583 3397 4651 τῇ
3415 4580 3634 4635 τούτων

2055 4676 2257 4747 πλάνῃ,
2285 4675 2378 4728 τόν
2410 4692 2468 4728 τε
2509 4675 2934 4745 χρηματίσαντα
2985 4674 3216 4742 Ἐφέσου
3251 4675 3346 4727 καὶ
3394 4677 3485 4727 τὶν
3530 4677 3640 4731 Γά·

2057 4787 2171 4831 νου,
2211 4768 2501 4839 Γρηγορᾶν
2533 4784 2595 4821 τε
2641 4768 2736 4820 καλ⁸
2769 4767 2957 4833 Δέξιον
3013 4766 3110 4819 καὶ
3169 4767 3356 4830 αὐτοῖς
3393 4784 3638 4822 συνυπα-

2057 4863 2308 4932 χθέντας.
2337 4859 2483 4916 Idem
2516 4858 2813 4931 synodicus
2852 4858 2990 4915 liber
3011 4858 3126 4928 jam
3162 4868 3384 4914 notatus
3413 4860 3514 4915 fuit
3545 4877 3640 4917 co-

2059 4957 2179 5011 dice
2204 4955 2268 5009 C.
2303 4954 2643 5008 variantibus
2675 4959 2884 5006 tantum
2942 4951 3458 5021 subscriptionibus.
3485 4950 3643 5009 Insu-

2058 5061 2155 5116 per
2204 5052 2326 5115 post
2378 5042 2811 5112 subscriptiones
2844 5043 2917 5097 ita
2950 5042 3002 5095 in
3038 5042 3139 5096 hoc
3190 5041 3376 5096 codice
3420 5043 3637 5111 legitur,

2061 5135 2190 5209 Εἶχε
2228 5139 2321 5191 καὶ
2359 5139 2557 5208 ἑτέραν
2593 5138 2923 5208 ὑπογραφὴν
2957 5136 3095 5207 μετὰ
3132 5136 3230 5188 καὶ
3266 5136 3641 5206 προγράμμα-

2060 5246 2151 5290 τος
2176 5228 2330 5281 τοῦδε
2358 5229 2394 5283 i.
2429 5226 2602 5281 [labet
2637 5238 2683 5280 et
2725 5227 2890 5279 aliam
2936 5225 3371 5293 subscriptionem
3401 5240 3521 5289 cum
3545 5224 3640 5276 hoc

2059 5321 2330 5389 prooemio.

2134 5404 2397 5470 Prominii
2450 5412 2713 5466 initium:
2782 5409 2843 5463 Ἦ
2902 5410 3151 5481 βασιλεία
3214 5426 3315 5476 μου
3374 5406 3643 5477 μέλλουσα

2066 5506 2407 5576 ὑπογράφειν
2445 5503 2502 5555 ὲν
2532 5500 2609 5571 τῷ
2644 5500 2873 5569 παρόντι
2908 5502 3083 5569 τόμῳ,
3109 5496 3467 5567 προγεγονὸτι
3492 5498 3644 5564 παρὰ

2068 5594 2163 5647 τοῦ
2190 5590 2458 5663 κραταιοῦ
2493 5592 2585 5643 καὶ
2619 5591 2778 5670 ἁγίου
2810 5607 2913 5658 μου
2955 5589 3217 5642 αὐθέντου
3254 5588 3344 5639 καὶ
3383 5586 3647 5656 βασιλέως

2064 5686 2159 5740 τοῦ
2192 5684 2401 5753 πατρὸς
2433 5682 2532 5752 τῆς
2568 5680 2847 5752 βασιλείας
2889 5698 3016 5751 μου,
3061 5679 3157 5734 καὶ
3202 5684 3298 5749 τῆς
3351 5679 3501 5742 θείας
3545 5679 3645 5731 καὶ

3197 5770 3273 5829 27
