3884 6204
437 298 547 361 ’84⁸1
1403 329 1416 335 -
1647 303 1743 362 DE
1783 302 1971 364 GREC

2093 304 2182 366 .IO
2225 305 2528 366 PALAMA
3543 309 3627 375 848

445 408 780 463 Φωτιστικόν
813 426 872 461 τε
893 408 1003 462 τῶν
1028 411 1083 462 ἐν
1119 409 1342 477 ἀγνοίας
1368 410 1566 482 σκότῳ,

445 501 653 568 ιιιέγγος
683 505 995 570 προσεῖπον.
1022 501 1096 563 ὡς
1121 502 1169 553 δ’
1196 501 1526 572 ἁμόρφωτον
1555 503 1746 566 σκότος

458 594 810 665 Ἀποκρυφὴν
842 595 886 646 δ’
921 590 986 647 αὖ
1015 595 1113 662 τῆς
1138 594 1398 665 Οεαρχίας
1426 597 1635 660 σκότος.

459 688 594 757 ’0ρᾲ
627 689 734 755 γὶρ
764 687 958 751 οὐδεὶς,
996 688 1099 740 κᾶν
1138 686 1266 756 δοκῇ
1304 689 1444 742 πάνυ
1483 689 1723 759 βλέπειν.

456 779 770 847 Ὅρώμενος
811 779 920 848 γὰρ
949 779 1200 848 οὐδαμῶς
1230 783 1342 843 τοῖς
1378 781 1582 845 ἐνθέοις

449 870 676 920 ΙἸάντων
705 870 896 936 ὁρᾶται
933 886 1006 921 πα
1016 872 1366 938 μφαέστατος
1384 871 1567 937 πάλιν,

449 962 604 1031 Αὐτῷ
635 979 698 1029 γε
722 961 896 1032 τούτῳ
939 963 1122 1032 θαῦμα
1157 964 1450 1034 θαυμάτων
1467 967 1599 1031 ἄνω,

447 1053 538 1120 Τᾠ
573 1054 693 1124 μηδ’
729 1053 865 1117 ὅλως
893 1053 1154 1122 ἕκφανσιν
1177 1055 1258 1116 είς
1278 1055 1402 1123 ὄψιν
1431 1058 1620 1125 φέρειν

456 1143 545 1206 Ὠς
578 1146 801 1214 συμφυᾶ
835 1144 1118 1214 μόρφωσιν
1155 1146 1422 1218 ἀφράστῳ
1453 1148 1633 1215 φύσει,

457 1236 546 1298 Ὠς
585 1236 749 1289 ταυτὸ
779 1237 993 1307 μορφήν
1016 1253 1168 1305 φασι,
1193 1237 1360 1291 ταυτὸ
1391 1239 1486 1292 καὶ
1517 1239 1699 1307 φύσιν,

447 1327 560 1397 Τὴν
587 1329 648 1380 οὐ
682 1328 906 1398 θεατὴν,
943 1330 1037 1382 καὶ
1070 1329 1331 1400 Θεουργὸν
1353 1331 1563 1396 οὐσίαν,

445 1418 512 1471 Οἱ
542 1420 650 1472 τῶν
675 1419 892 1488 ἀληθῶν
931 1422 1288 1489 μυσταγωγοὶ
1325 1421 1622 1491 δογμάτων

445 1510 537 1579 Μὴ
564 1509 821 1562 σύνθετον
863 1501 1064 1578 λέγῶσι
1107 1511 1206 1582 τὴν
1236 1513 1638 1587 άπλουστάτην.

444 1602 554 1654 Καὶ
593 1601 658 1671 δὴ
696 1602 872 1670 σοφῶς
905 1601 1052 1667 ἔδοξε
1083 1605 1199 1667 τοῖς
1227 1604 1421 1675 ἄκροις
1450 1608 1531 1660 ὅτι

445 1693 628 1764 Λύγὴν
658 1694 791 1746 Θεοῦ
816 1695 1065 1766 δέδορκεν
1097 1697 1595 1767 άκραιφνεστάτην,

461 1787 518 1837 ’0
554 1785 679 1855 μηδ’
723 1786 860 1850 ὅλως
887 1787 1188 1858 μόρφωσιν,
1223 1788 1255 1858 ἢ
1300 1789 1490 1859 σχῆμα
1525 1791 1741 1858 βλέπων

459 1876 548 1928 Ἐν
571 1878 640 1947 τῇ
679 1879 954 1948 προσευχῇ
982 1879 1077 1930 καὶ
1104 1877 1240 1931 Θεοῦ
1279 1879 1504 1950 Θεωρία,

447 1968 647 2030 Σκότος
681 1969 822 2038 ὀρῶν
857 1971 1074 2034 ἀκτῖνα,
1111 1972 1349 2040 φωτίζον
1375 1973 1594 2037 σκότος,

448 2061 653 2129 Γνόφον
685 2063 850 2124 πόδας
876 2062 1190 2132 κρύπτοντα
1216 2064 1310 2116 τοῦ
1341 2065 1539 2136 προτοῦ
1575 2067 1772 2134 γνόφου
1797 2033 1840 2098 α’

449 2152 568 2206 Κᾶν
597 2154 869 2219 ποικίλαις
905 2156 1110 2226 πέφηνε
1145 2161 1380 2231 μορφαῖς
1414 2158 1671 2221 πολλάκις

460 2247 550 2299 Ἐν
586 2247 876 2316 συμϐόλοις
899 2248 1110 2302 ἄνωθεν
1143 2251 1221 2312 είς
1250 2249 1496 2320 ὁμιλίαν,

447 2341 880 2410 Δίνιγματωδῶς
907 2342 1145 2412 ἐντυχὼν
1179 2344 1293 2406 τοῖς
1325 2343 1626 2414 Πατράσιν,

453 2430 524 2482 Ἣ
548 2430 644 2484 καὶ
669 2431 925 2501 προδήλῳ
958 2435 1200 2505 σαρκικῇ
1233 2436 1509 2506 παρουσίᾳ

439 2526 642 2588 -Φανεὶς
675 2523 890 2594 ἀληθῶς
914 2527 941 2578 ό
982 2526 1201 2595 κρατῶν
1227 2527 1442 2582 πάντων
1475 2529 1655 2597 λόγος,

447 2615 594 2670 κᾷθ’
621 2618 687 2687 ἣν
718 2617 970 2687 θεουργεῖ
994 2617 1093 2688 τὴν
1127 2619 1474 2672 κακωθεῖσαν
1505 2622 1689 2688 φύσιν,

450 2709 649 2763 Λαϐὼν
680 2709 809 2779 παρ’
841 2708 1016 2780 ἡμῶν,
1036 2709 1152 2762 ἀλλ’
1184 2710 1324 2781 ὑπὲρ
1355 2711 1536 2763 πᾶσαν
1568 2711 1752 2779 φύσιν.

463 2801 605 2854 Ἀλλ’
637 2799 793 2864 αὖθις
817 2797 884 2855 αὖ
916 2803 1159 2871 μέτειμι,
1190 2803 1430 2874 κάκείνῳ
1461 2803 1661 2873 γράφω

463 2887 641 2962 Ἐφ’ᾧ
676 2890 994 2964 προσελθεῖν
1021 2893 1199 2945 τοῖσδε
1232 2895 1343 2954 τοῖς
1373 2893 1554 2961 λόγοις
1585 2894 1778 2961 ἔγνων.

451 2985 584 3038 Ἰ“δδ’
610 2982 678 3056 ἦν
708 2987 977 3051 ἀνειπεῖν,
1013 2985 1098 3048 τίς
1132 2985 1229 3055 μὲν
1268 2986 1428 3055 ἡμῶν
1459 2989 1490 3057 ἡ
1531 2986 1714 3057 βάσις,

2061 419 2102 474 Α
2136 418 2418 480 Κινήσεως
2448 421 2556 488 γὰρ
2591 416 2841 486 οὐδαμῶς
2873 414 2988 486 ἔχει
3016 416 3198 482 φύσιν,

2142 507 2229 559 Ἐν
2249 507 2326 577 τῷ
2351 506 2619 560 κινεῖσθαι
2640 506 2912 578 μηδαμῶς
2941 506 3080 575 ὑπὲρ
3111 504 3287 573 φύσιν.

2127 602 2236 652 Καὶ
2261 600 2368 670 γὰρ
2403 601 2578 670 μένων
2614 601 2856 668 πέπηγε,
2899 601 2992 653 καὶ
3017 599 3191 651 πάντα
3220 597 3419 666 φθάνει.

2127 693 2282 745 Κινεῖ
2310 692 2365 744 δὲ
2409 692 2608 758 πάντα,
2647 696 2722 763 μὴ
2747 692 3066 760 κινούμενος
3100 690 3276 760 μόνος.

2128 779 2302 844 ’Ὀλως
2335 783 2464 852 παρ’
2496 783 2647 852 ἡμῖν,
2677 784 2771 835 καὶ
2797 781 2926 854 πάρ’
2956 784 3089 851 ἡμῖν
3123 781 3228 833 οὐδ’
3259 781 3406 842 ὅλως.

2127 875 2236 926 Καὶ
2272 876 2548 944 πανταχοῦ
2588 877 2717 938 πᾶς,
2754 878 2850 928 καὶ
2879 875 2996 928 κατ’
3031 874 3184 926 οὐδὲν
3211 874 3422 942 οὐδέπη.

2125 969 2282 1018 Δοκεῖ
2305 965 2646 1035 κρατεῖσθαι,
2676 968 2767 1020 καὶ
2794 967 3083 1035 κρατεῖται
3121 965 3244 1034 μηδ’
3275 965 3424 1026 ὅλως.

2124 1058 2439 1127 Σύγκρατος
2468 1060 2672 1126 ἁγνοῖς.
2702 1060 2953 1128 κάναφὴς
2979 1059 3162 1118 αὐτοῖς
3190 1057 3367 1109 πάλιν.

2123 1150 2292 1201 Οὐδὲν
2321 1150 2430 1220 γὰρ
2454 1150 2600 1218 αὐτῷ
2627 1149 2735 1203 τῶν
2769 1152 2989 1203 άλωτῶν
3028 1148 3334 1218 συντρέχει.

2124 1241 2248 1293 Οὐδ’
2277 1241 2528 1309 ἐμποδὼν
2554 1243 2602 1294 οἱ
2635 1241 2769 1313 πρὸς
2786 1243 2844 1293 τὸ
2870 1243 3067 1311 χωρεῖν
3089 1239 3341 1304 εἰσάπαξ,

2129 1333 2401 1401 Ἐστηκεν
2417 1332 2570 1386 οὐδὲν
2607 1334 2687 1396 εἰς
2725 1332 2852 1395 ὅλας
2885 1334 3007 1384 ὅλον
3039 1331 3250 1400 φύσεις.

2127 1423 2372 1490 Πέφευγε
2409 1422 2585 1488 ποιὸν,
2621 1419 2969 1492 συμϐεϐηκὸς
2997 1423 3100 1474 οὐκ
3123 1420 3260 1489 ἔχει.

2127 1517 2391 1586 Ἀπειρός
2421 1518 2558 1580 ἐστι,
2599 1518 2708 1569 πᾶν
2749 1515 2891 1584 ὑπὲρ
2937 1515 3140 1585 πλῆθος
3175 1514 3344 1583 μένει.

2125 1607 2227 1657 Ἕν
2261 1607 2409 1657 ἐστιν
2439 1605 2594 1674 ὄμμα
2627 1603 3242 1664 παντεποπτικώτατον,

2132 1701 2230 1754 Ἓν
2257 1700 2392 1768 φῶς,
2417 1699 2474 1752 ἓν
2505 1698 2656 1768 ὕψος,
2698 1697 2755 1750 ἓν
2778 1696 3053 1749 παναίτιον
3093 1694 3302 1756 σθένος.

2125 1793 2425 1863 Μερίζεται
2459 1790 2568 1861 γάρ
2604 1789 2877 1861 οὐδαμῶς,
2909 1787 3048 1858 πλὴν
3075 1786 3151 1850 ὡς
3185 1785 3343 1854 θέμις

2125 1885 2294 1954 Θέμις
2318 1885 2374 1938 δὲ
2409 1882 2640 1953 τριττῶς
2667 1883 2748 1944 είς
2774 1881 2947 1948 ἁγνάς
2998 1877 3348 1940 ὑποστάσεις.

2125 1975 2202 2026 Οὐ
2231 1975 2340 2044 γάρ
2373 1973 2537 2044 μέρος
2568 1972 2834 2039 πέφυκεν,
2865 1970 3024 2040 εἴπερ
3065 1967 3182 2021 οὐδ’
3209 1967 3350 2022 ὅλον.

2129 2063 2290 2117 ’Ὀλου
2317 2064 2376 2117 δὲ
2415 2062 2615 2124 παντός
2641 2059 2878 2114 ἐστικαὶ
2911 2060 3115 2128 μέρους
3147 2057 3282 2111 ἄνω.

2129 2158 2240 2210 Καὶ
2269 2157 2426 2209 τοῦτο
2457 2156 2502 2208 δ’
2533 2149 2599 2209 αὖ
2628 2156 2869 2216 κάκεῖνο,
2901 2152 2996 2204 καὶ
3028 2150 3191 2204 πάνθ’
3230 2148 3304 2211 ὡς
3333 2147 3562 2216 κτίστωρ.

2129 2248 2203 2300 Οὐ
2238 2248 2347 2316 γάρ
2375 2245 2536 2314 φύσει
2577 2244 2880 2314 πρόσεστιν
2917 2241 3068 2310 αὐτῷ
3095 2237 3266 2292 τῶνδέ
3290 2257 3360 2294 τι.

2128 2339 2250 2392 Οὐδ’
2269 2333 2344 2391 ὦν
2373 2337 2534 2406 φύσει
2564 2337 2858 2407 πρόσεστιν
2887 2334 3057 2395 οὐδὲν,
3099 2327 3184 2396 οἷς
3224 2331 3402 2401 φύσις.

2129 2432 2318 2484 Πᾶσαν
2344 2432 2453 2500 γὰρ
2484 2429 2644 2492 αὐτός
2667 2430 2815 2480 ἐστιν
2839 2427 2866 2480 ό
2899 2428 3093 2489 κτίσας
3114 2424 3303 2494 φύσιν.

2130 2525 2192 2578 Ei
2224 2525 2332 2594 γὰρ
2375 2523 2536 2594 φύσις
2569 2523 2782 2590 λέγοιτο
2813 2523 2926 2584 τοῖς
2977 2519 3269 2588 οεηγόροις
3369 2555 3375 2560 -

2129 2618 2242 2686 Οὐχ
2273 2615 2349 2678 ὡς
2388 2615 2551 2685 φύσις
2585 2613 2882 2684 δήπουθεν,
2907 2611 3022 2665 ἀλλ’
3057 2612 3135 2673 ὼς
3170 2609 3421 2679 ἐργάτης,

2141 2707 2230 2772 Ὦς
2267 2709 2426 2776 ἴσμεν
2453 2707 2615 2760 αὐτὸν
2643 2708 2736 2759 καὶ
2761 2705 2833 2758 τὰ
2853 2705 3016 2758 λοιπὰ
3043 2703 3341 2772 χρησίμως

2093 2833 2100 2840 ι
2133 2793 2567 2870 Κατωνομάσθαι
2593 2801 2704 2861 τοῖς
2741 2801 2926 2867 σοφοῖς
2966 2797 3285 2867 θεηγὸροις.

2131 2893 2347 2948 Μᾶλλον
2365 2892 2423 2945 οὲ
2459 2890 2614 2944 πάντ’
2648 2891 2761 2960 ἔχει
2785 2889 2908 2960 μὲν,
2931 2889 3048 2942 ἀλλ’
3077 2890 3377 2959 ἡνωμένως

2136 2985 2362 3038 Πάντων
2391 2999 2451 3035 τε
2488 2983 2838 3036 παντάπασιν
2867 2979 3258 3051 ἐξῃρημένους,

450 3080 552 3142 Τίς
582 3079 679 3149 δ’ὴ
705 3079 942 3148 Παλαμᾶ
967 3077 1060 3131 τοῦ
1102 3077 1267 3145 σοφοῦ
1297 3083 1404 3132 τῶν
1436 3079 1724 3150 δογμάτων

445 3166 631 3220 ,Αὐτοῦ
667 3167 774 3237 πρδ
809 3167 1027 3220 πάντων
1061 3167 1302 3235 τάγαθοῦ
1328 3169 1492 3238 μόνου
1527 3170 1678 3240 πέρι.

444 3260 749 3328 Κινητικὸν
775 3255 926 3324 γοῦν,
961 3257 1020 3311 οὐ
1060 3260 1306 3327 κινητὸν,
1337 3257 1412 3322 ὡς
1448 3259 1626 3326 λόγος.

2055 3082 2102 3135 C
2136 3078 2246 3130 Kal.
2276 3076 2440 3146 μηδὲν
2464 3075 2540 3137 ὡς
2572 3075 2747 3127 ἔνεστι
2777 3075 2889 3136 τοῖς
2918 3072 3295 3140 ὲκτισμένοις.

2133 3170 2316 3228 Μονάς
2339 3167 2394 3219 δέ
2423 3185 2505 3229 τις
2545 3168 2786 3233 πέφυκεν
2819 3166 2876 3219 ὲν
2911 3167 3023 3227 τοῖς
3055 3163 3383 3234 γνωρίμοις,

2137 3260 2240 3311 Ἦν
2273 3259 2370 3329 οὐχ
2402 3257 2781 3328 ὑπερϐέϐηκεν
2814 3257 2888 3321 ὡς
2913 3273 3117 3308 παντου
3135 3258 3357 3325 ργέτης.

449 3457 588 3498 vero
625 3442 790 3497 veluti
846 3442 1065 3511 aliquod
1109 3456 1211 3497 ceu
1268 3440 1636 3508 luciferum,in
1673 3443 1910 3499 tencbris
1943 3460 2034 3499 nc-
2134 3444 2335 3508 scribo,
2375 3442 2440 3496 ad
2482 3456 2719 3511 eumque
2771 3456 2894 3494 cum
2956 3439 3042 3494 bis
3075 3439 3417 3495 sermonibus
3449 3435 3655 3492 accedere

459 3535 701 3590 scientiae
739 3531 1146 3587 ambulantibus
1192 3533 1474 3586 lucescens
1519 3551 1533 3588 :
1582 3531 1846 3603 fulgorem
1883 3550 2032 3602 vero,
2135 3536 2324 3591 statui.
2383 3532 2540 3588 Nunc
2584 3533 2714 3586 mihi
2759 3531 3047 3586 dicendum
3111 3532 3169 3586 in
3227 3543 3455 3601 quonam
3510 3523 3639 3580 funda

447 3625 791 3682 informibus
813 3624 1049 3679 tenebris
1087 3623 1319 3678 similem
1351 3623 1475 3677 dico
1524 3639 1624 3679 ceu
1658 3639 1855 3680 arcana
1886 3634 2037 3682 tcuc-
2137 3637 2319 3682 mento
2375 3639 2558 3681 nostra
2604 3624 2848 3694 quidem,
2887 3624 2942 3678 in
2969 3639 3224 3691 quonam
3271 3637 3397 3678 vero
3435 3615 3654 3688 sapientis

459 3720 684 3774 brorum
716 3732 983 3787 suprema:
1015 3717 1336 3785 maiestatis.
1363 3715 1534 3770 Nemo
1570 3717 1714 3771 enim
1742 3716 1875 3772 vidit
1933 3735 2036 3772 uu-
2137 3720 2370 3776 l’alama
2421 3722 2672 3786 dogmata
2723 3717 2992 3780 nituntur,
3041 3714 3280 3770 Palamte
3325 3731 3428 3784 pra:
3453 3710 3659 3766 omnibus

460 3825 650 3881 quam,
693 3809 908 3863 tametsi
939 3811 1086 3863 clare
1127 3809 1452 3877 perspicere,
1486 3807 1748 3876 videatur,
1771 3809 2034 3879 siquidem
2139 3814 2418 3882 satiusque
2457 3810 2647 3880 optimi
2713 3810 2944 3865 circum.
3006 3807 3210 3863 Mobile
3244 3807 3524 3877 quoddam,
3577 3812 3658 3854 non

463 3897 519 3950 in
554 3897 755 3952 divinis
807 3897 960 3951 nullo
1001 3898 1163 3951 modo
1213 3897 1520 3967 perspicax,
1575 3899 1816 3952 omnium
1874 3899 1997 3954 etial

2141 3915 2346 3960 motu-in
2390 3903 2555 3959 Veluti
2590 3905 2811 3957 verbum
2842 3901 3196 3972 agnos-imus,
3229 3896 3526 3953 mutationis
3545 3891 3657 3945 enim

454 3991 581 4044 visu
613 3987 852 4043 maxime
898 3987 1252 4058 conspicuus,
1299 4003 1426 4042 cum
1471 3987 1579 4058 ipsi
1621 3988 1819 4042 mirum
1852 3991 1917 4045 de
1939 3992 2040 4044 mi-
2141 4005 2390 4053 naturam
2441 3995 2664 4050 minime
2710 3995 2909 4057 induit,
2955 3993 3105 4062 quod
3141 4002 3336 4046 natura
3365 4001 3459 4044 sua
3501 3977 3662 4039 mutari

443 4082 651 4136 -—rand‘is
698 4081 934 4149 desuper
993 4088 1271 4150 appareat,
1307 4080 1520 4135 Claram
1549 4082 1693 4136 enim
1724 4081 2042 4138 manifesta-
2141 4089 2351 4160 nequit.
2373 4088 2574 4142 ‘Fixum
2606 4088 2749 4142 enim
2782 4094 3046 4142 statutum
3078 4095 3165 4139 est
3219 4093 3272 4138 et
3304 4081 3478 4137 omnia
3495 4071 3660 4133 vincit;

449 4178 667 4227 .tiouem
695 4171 870 4227 oculis
888 4171 1148 4226 exhibere
1175 4187 1281 4227 non
1313 4173 1471 4236 valet,
1495 4175 1592 4243 qui
1622 4175 1810 4231 velata:
1833 4185 2040 4232 naturae
2141 4182 2324 4237 omnia
2359 4189 2561 4247 movet,
2598 4179 2719 4249 ipso
2760 4177 2875 4232 solu
2896 4178 3124 4230 immoto
3146 4181 3506 4245 permanente,
3525 4175 3663 4222 ull-IIII

451 4265 690 4320 formam
744 4266 820 4320 ita
868 4267 1231 4327 connectit,ut
1281 4263 1515 4320 formam
1565 4267 1689 4332 hoc,
1739 4267 1884 4322 istud
1912 4285 2038 4324 vero
2143 4276 2286 4345 apud
2323 4290 2443 4340 nos,
2471 4289 2578 4328 non
2611 4254 2820 4328 tantum
2855 4267 2996 4339 apud
3025 4283 3130 4322 nos
3159 4277 3358 4331 totum,
3389 4263 3477 4318 sed
3505 4258 3666 4324 ubique

464 4356 713 4414 naturam
761 4358 972 4423 dicant,
1019 4372 1236 4410 necnon
1274 4355 1660 4412 indivisibilem
1719 4361 2035 4428 essentiam,
2073 4426 2102 4434 _
2141 4377 2343 4432 totum,
2375 4366 2632 4434 nullaque
2693 4378 2761 4417 ex
2809 4371 2962 4432 parte
3015 4361 3259 4416 nullum.
3288 4354 3438 4413 Vinci
3469 4352 3662 4408 videtur,

465 4454 762 4519 divinaque
811 4457 1097 4518 agentem;
1154 4449 1609 4503 inconcussorum
1658 4464 1784 4506 vero
1817 4453 2039 4522 dugma-
2071 4426 2114 4482 θ
2143 4475 2246 4514 nec
2276 4458 2499 4512 omnino
2555 4456 2829 4522 vincitur;
2853 4454 3069 4522 ignaris
3095 4452 3371 4522 pervium,
3404 4447 3664 4507 iterumque

467 4555 580 4596 tum
629 4542 934 4599 initiatores
1002 4540 1229 4611 simplex
1272 4540 1373 4595 sub
1453 4543 1760 4610 composito
1817 4544 2039 4601 minime
2147 4552 2276 4619 ipsis
2309 4548 2664 4618 impervium;
2694 4546 2795 4616 ipsi
2829 4544 3030 4599 etenim
3059 4541 3196 4596 nihil
3223 4535 3496 4595 tractabile

464 4635 842 4702 pronuntiant,
880 4633 1278 4702 sapientissime
1309 4632 1507 4688 etenim
1536 4635 1918 4704 praestantibus
1966 4640 2043 4692 vi—
2138 4655 2252 4699 tur.
2281 4644 2384 4713 Ipsi
2413 4645 2479 4697 ad
2516 4639 2966 4711 progrediendum
2999 4635 3174 4691 semel
3206 4633 3341 4688 nihil
3371 4631 3555 4688 obstat,
3591 4631 3669 4673 nec

467 4743 589 4781 sum
619 4737 704 4782 est
733 4726 875 4795 quod
903 4727 992 4780 Dei
1011 4725 1197 4780 lumen
1228 4727 1590 4796 purissimum
1619 4729 2040 4797 splendesceret.
2143 4753 2237 4806 per
2263 4748 2481 4790 onmem
2512 4744 2758 4786 naturam
2789 4729 2926 4783 nihil
2955 4741 3203 4796 unquam
3237 4722 3448 4778 mtitit.
3475 4717 3668 4777 'l'tztl'lms

466 4820 568 4886 Qui
594 4835 720 4875 vero
747 4834 856 4874 non
891 4818 1114 4874 omnino
1140 4817 1396 4886 formam,
1422 4820 1537 4875 sive
1555 4820 1807 4890 ﬁguram,
1835 4822 1888 4875 in
1919 4839 2046 4879 ora-
2141 4828 2343 4892 evadit,
2382 4823 2622 4880 fortuitis
2667 4822 2890 4876 minime
2936 4819 3218 4889 subiacet;
3271 4823 3466 4869 aeterno
3495 4813 3666 4874 perma-

466 4917 616 4969 tione
668 4929 734 4968 ac
782 4912 876 4968 Dei
925 4911 1384 4981 contemplatione
1442 4914 1638 4981 cernit,
1694 4915 2043 4970 tenebrosum
2147 4931 2305 4977 ncute
2333 4919 2512 4973 omnia
2532 4909 3217 4981 smwlavincitJuesti-psi
3250 4905 3670 4963 oculusunusun-

467 5006 761 5076 fulgorem,
823 5007 936 5058 sire
995 5005 1240 5058 lucentes
1291 5001 1545 5058 tenebras
1604 5005 1772 5072 videt,
1841 5009 2041 5066 nubem
2141 5016 2310 5083 (lique
2346 5013 2709 5082 perlustrans,
2738 5007 2834 5062 lux
2873 5019 2928 5063 et
2957 5003 3227 5060 celsitudo
3261 5014 3382 5062 una,
3413 5008 3510 5049 una
3531 4990 3669 5084 virtus

468 5099 660 5170 primae
705 5097 866 5152 nubis
914 5097 1078 5164 pedes
1131 5096 1565 5151 velantem.Etsi
1593 5097 1735 5153 enim
1766 5097 2045 5153 multories
2145 5080 2390 5163 ο-ηέιιῑυίη
2443 5115 2631 5159 οπερ,
2666 5101 2886 5156 Minime
2940 5108 3121 5153 “iam
3183 5093 3458 5152 εείηάίωτ,
3495 5080 3585 5138 nisi
3623 5080 3666 5170 in

467 5194 641 5248 variis
689 5193 792 5247 sub
845 5191 1036 5244 foratis
1089 5190 1422 5258 apparuerit,
1472 5190 1525 5246 in
1570 5190 1834 5260 symbolis
1881 5193 2044 5246 etiam
2142 5205 2410 5268 quiautum
2465 5196 2609 5260 licet,
2638 5194 2796 5248 licita
2849 5200 2933 5246 est
2978 5189 3123 5245 enim
3189 5186 3483 5254 triplicitas,
3523 5163 3666 5241 quoad
3719 5168 3726 5175 ’

471 5293 710 5355 desuper
761 5302 850 5357 Ῥεῖ
923 5291 1126 5350 οωιυδι
1183 5283 1436 5338 muribus
1494 5285 1547 5336 ίη
1597 5283 1885 5351 ωυίὲωιιθ
1929 5299 2048 5338 Sest:
2148 5267 2361 5346 divinas
2412 5291 2752 5360 bypostases.
2811 5286 3013 5342 Natura
3072 5297 3207 5337 vero
3262 5294 3364 5334 non
3407 5267 3663 5360 dividitur,

469 5380 782 5451 praebuerit,
837 5377 1084 5432 sensibili
1145 5390 1309 5439 vero,
1358 5387 1730 5443 corporeaque
1759 5375 2045 5442 praesentia
2148 5387 2252 5440 οιεί
2297 5352 2576 5456 ριυι-υίίιεε
2626 5383 2789 5447 3,15“,
2837 5381 2936 5434 sed
2987 5387 3160 5432 totum
3201 5367 3516 5428 cacumina
3549 5352 3662 5459 quod

471 5473 631 5528 nobis
680 5471 914 5527 Verbum
963 5480 1288 5524 cunctorum
1346 5467 1656 5521 dominator
1703 5481 1830 5520 vere
1881 5481 2005 5535 app:

2150 5481 2382 5547 desuper
2429 5475 2683 5546 partibus
2735 5481 2972 5527 constat.
3023 5468 3178 5534 Quod
3225 5466 3311 5519 hic
3357 5469 3537 5518 autem,
3587 5457 3662 5500 iste

469 5566 606 5628 ruit,
637 5565 810 5638 divini
845 5563 1060 5633 cpiticis
1098 5563 1199 5616 sub
1243 5560 1446 5630 specie,
1488 5561 1919 5613 contaminatam
1955 5576 2003 5612 ιιι

2152 5573 2348 5625 iterum
2395 5571 2561 5633 valet,
2606 5573 2792 5636 utpote
2841 5563 3082 5619 omnium
3113 5557 3393 5617 Conditor,
3422 5547 3659 5638 Cujusln'

470 5665 651 5708 turam
703 5657 843 5724 apud
877 5670 977 5709 nos
1021 5655 1264 5719 indutus,
1314 5661 1700 5722 praepotentem
1735 5669 1865 5708 vero
1897 5663 2051 5708 natu-
2155 5669 2289 5712 tura:
2349 5658 2481 5711 nihil
2548 5657 2742 5711 borum
2819 5652 3088 5710 convenit.
3153 5649 3355 5713 Quibus
3406 5653 3521 5694 rem
3572 5643 3662 5699 IP=c

473 5756 617 5796 alii.
663 5743 774 5800 Sed
804 5749 1000 5801 iterum
1058 5747 1218 5818 longe
1278 5747 1522 5815 discedo,
1569 5749 1635 5803 ad
1695 5749 1841 5804 hunc
1896 5749 2038 5803 enim
2155 5761 2405 5807 naturam
2466 5749 2699 5816 confert,
2759 5749 2813 5803 bi
2878 5742 3077 5816 aliquid
3131 5742 3198 5798 de
3256 5756 3318 5796 co
3362 5729 3657 5807 participant.
