3956 6194
352 399 468 461 849

362 515 423 566 Ei
449 514 558 583 γὰρ
588 515 759 584 μονὰς
789 516 1056 585 πέφυκεν,
1091 518 1205 573 ἀλλ’
1230 520 1373 591 ὑπὲρ
1402 521 1588 590 φύσιν.

352 607 464 658 Καὶ
498 605 606 675 γὰρ
633 609 792 677 τριὰς
823 610 1090 678 πέφυκεν,
1123 612 1239 665 ἀλλ’
1272 612 1413 683 ὑπὲρ
1439 612 1624 680 φύσιν.

352 698 471 766 Ζωή
510 714 592 763 τε,
614 698 709 751 καὶ
743 699 890 763 νοῦς,
920 704 1018 755 καὶ
1038 703 1349 773 τρισόλϐιον
1383 703 1593 765 σθένος.

352 790 462 843 Καὶ
489 790 693 858 γνῶσις
726 793 886 863 αὑτὴ,
920 796 1015 849 καὶ
1043 799 1327 868 παναλκὴς
1358 797 1507 865 ἀξία.

350 882 493 946 Φῶς,
522 884 743 954 κάλλος,
774 886 907 941 αὐτὸ
941 889 1205 957 τάγαθὸν,
1228 890 1376 957 δόξα,
1409 893 1634 961 κράτος,

351 977 462 1029 Καὶ
496 978 605 1031 πᾶν
638 978 665 1031 ὃ
686 997 739 1032 τι
767 981 1066 1050 φράζουσιν
1085 984 1249 1038 αὐτὸν
1278 987 1327 1038 οἱ
1357 986 1524 1055 λόγοι.

352 1070 500 1141 Πλὴν
538 1072 654 1125 ἀλλ’
684 1074 1105 1144 ἀνεξάλλακτον,
1148 1079 1224 1144 ὡς
1243 1079 1303 1134 ἓν
1330 1084 1425 1134 καὶ
1458 1082 1641 1150 μόνον.

354 1162 726 1233 ῐιαραλλαγῆς
764 1166 873 1237 γὰρ
901 1169 1141 1240 οὐδαμοῦ
1165 1172 1336 1242 δήπου
1359 1175 1525 1237 τόπος

366 1254 454 1307 Ἐν
485 1254 563 1324 τῷ
592 1261 883 1327 τριφεγγεῖ
909 1261 1006 1331 τῆς
1029 1251 1288 1334 ἐναρχιας
1320 1269 1534 1333 κράτει.

352 1345 524 1415 Τριὰς
572 1349 762 1417 μονὰς,
802 1352 976 1407 σῶσόν
1018 1372 1109 1425 με,
1137 1357 1230 1410 σοῦ
1267 1359 1435 1428 μόνης
1465 1361 1678 1431 λάτριν,

353 1434 460 1502 Ἷις
476 1441 647 1495 τᾶλλα
683 1443 861 1498 πάντα
889 1448 1228 1519 δημιουργία
1261 1452 1452 1523 μόνης.

354 1534 465 1587 Καὶ
494 1536 706 1604 κτίσμα
736 1539 846 1592 πᾶν
879 1539 939 1593 ὃν
967 1541 1067 1610 τῆς
1096 1543 1397 1615 ὑφειμένης
1428 1545 1612 1616 ἕδρας.

354 1626 469 1697 Οὐχ
498 1628 723 1698 ἥττονος
753 1630 861 1701 γὰρ
885 1632 1201 1698 δυσσεϐείας
1227 1635 1345 1690 ἐστι
1377 1654 1481 1690 που

352 1719 462 1772 Τοῦ
486 1721 691 1789 κτίσμα
725 1723 958 1793 φάσκειν
983 1727 1083 1793 τὴν
1115 1728 1379 1784 ἀνωτάτω
1410 1731 1597 1801 φύσιν,

353 1813 430 1865 Τό
458 1830 511 1866 τι
547 1817 762 1882 φρονεῖν
785 1817 1043 1871 άκτιστον
1085 1820 1490 1893 ἠλαττωμένον,

353 1905 424 1959 Ἥ
457 1907 509 1958 τὶ
539 1910 756 1977 φρονεῖν
782 1909 1003 1962 ἔλαττον
1033 1913 1134 1966 οὐκ
1164 1915 1508 1985 ἐκτισμένον.

351 1996 510 2067 Αὕτη
544 2001 644 2068 μὲν
672 2000 765 2054 οὖν
794 2002 1076 2073 ἄρρηκτος
1108 2006 1141 2075 ἡ
1172 2008 1395 2062 πάντων
1428 2008 1586 2079 βάσις

353 2093 496 2146 Καθ’
525 2093 593 2164 ἢν
626 2093 687 2147 τὸ
712 2094 866 2151 Θεῖον
896 2098 1236 2170 εὐσεὸοὖμεν
1260 2102 1577 2172 ἐμφρόνως,

355 2187 498 2248 Τοὺς
531 2190 836 2259 πατρικοὺς
872 2191 1158 2256 στέγοντες
1200 2196 1513 2264 εὐπήκτους
1545 2198 1728 2267 ὅρους.

359 2278 550 2346 Ἔχεις
573 2278 632 2330 τὸ
649 2281 829 2334 κοινὸν
856 2281 916 2346 ἐξ
953 2283 1265 2338 Ἀκινδύνου
1296 2286 1475 2357 δόγμα

356 2367 471 2419 Καὶ
497 2368 683 2422 καινὸν
712 2370 886 2437 οὐδὲν,
920 2372 1031 2425 οὐδ’
1065 2375 1206 2445 ὑπὲρ
1232 2377 1302 2430 τὰ
1330 2379 1677 2449 ἐσκαμμένα.

359 2457 507 2525 Ὅρα
535 2459 597 2512 τὺ
613 2463 800 2515 καινὸν
827 2462 921 2516 τοῦ
948 2465 1301 2537 Παλαμνσίου
1341 2469 1539 2539 βόθρου

357 2552 471 2603 Καὶ
502 2553 680 2607 κοινὸν
710 2555 882 2621 οὐδὲν,
914 2558 1035 2612 οὐδὲ
1066 2560 1173 2614 τῶν
1202 2564 1561 2632 ὲσκαμμένων

372 2642 557 2714 Ἀπλῷ
582 2645 682 2712 μὲν
710 2649 905 2714 εἰπεῖν,
943 2652 1039 2703 καὶ
1070 2656 1402 2726 συνημμένῳ
1428 2657 1593 2728 λόγῳ,

357 2737 698 2791 Ἰὀύναντίον
745 2743 852 2793 πᾶν
888 2745 999 2803 τοῖς
1036 2743 1383 2813 λελεγμένοις
1409 2748 1579 2817 λέγει,

370 2830 840 2900 ’Λντιστρατεύων
870 2834 945 2905 τῷ
974 2834 1279 2891 καθεστῶτι
1319 2841 1536 2908 κράτει,

356 2919 545 2973 Κινῶν
569 2939 625 2975 τε
650 2923 847 2991 πάντα,
882 2926 978 2979 καὶ
1012 2929 1217 2997 κυκῶν,
1249 2933 1298 2984 κ’
1325 2933 1714 3005 ἀναστρέφων,

371 3011 613 3080 Ἀφῆκεν
640 3014 793 3069 οὐδὲν
824 3016 1087 3082 εὐσταθὲς
1109 3021 1219 3074 τῶν
1244 3021 1560 3095 δογμάτων.

360 3102 441 3154 'l'o
469 3102 523 3156 δὲ
544 3105 803 3176 φρόνημα
829 3108 927 3163 τοῦ
956 3111 1334 3183 πολυστρόφου
1362 3118 1568 3172 πλάνου

376 3192 688 3263 Ἑλληνικὸν
725 3199 985 3269 μάλιστα,
1020 3205 1114 3258 καὶ
1134 3206 1327 3261 τούτου
1355 3209 1521 3281 πέρα.

361 3286 665 3356 Μερῐζεται
698 3291 807 3363 γὰρ
829 3294 862 3365 ή
888 3296 1059 3364 μονάς
1090 3302 1463 3373 μετρουμένη,

361 3380 502 3455 Οὐχὶ
540 3386 856 3457 προσώποις
878 3391 1015 3448 ἀλλὰ
1042 3393 1271 3466 βαθμοῖς
1294 3401 1659 3470 πραγμάτων.

362 3568 480 3639 ipse
509 3573 655 3627 enim
684 3590 902 3631 omnem
934 3586 1187 3640 naturam
1227 3584 1494 3640 condidit.
1528 3587 1683 3653 Quod
1718 3590 1761 3645 si
1792 3607 1821 3645 a
1859 3591 1950 3648 Dei

361 3664 634 3719 ministris
686 3677 883 3723 natura
941 3670 1061 3739 ejus
1117 3675 1462 3743 praedicetur,
1511 3681 1738 3736 minime
1768 3692 1825 3737 ut
1858 3701 1954 3740 na-

362 3763 515 3821 tura,
546 3757 641 3811 sed
673 3760 833 3814 veluti
867 3771 1075 3816 natura:
1120 3764 1405 3832 Conditor,
1442 3771 1660 3839 qualem
1697 3789 1822 3827 eum
1856 3791 1953 3829 no-

364 3848 548 3902 vimus
581 3859 635 3903 et
684 3852 907 3909 aliunde
969 3855 1169 3910 merito
1210 3872 1239 3909 a
1285 3860 1631 3928 sapientibus
1663 3863 1757 3919 Dei
1790 3866 1955 3920 mini-

366 3940 499 3995 Sitis
522 3953 891 4013 nuncupatur.
940 3945 1110 4017 Magis
1134 3957 1317 4003 autem
1339 3952 1653 4007 continetin
1687 3970 1746 4010 sc
1771 3957 1952 4013 omnia

364 4031 731 4101 coniunctim,
766 4046 963 4092 cuncta
1012 4039 1215 4093 etenim
1270 4041 1512 4112 undique
1558 4046 1674 4113 ipse
1720 4047 1951 4119 colligit,

364 4124 502 4177 nihil
556 4140 684 4180 vero
715 4127 769 4180 in
807 4138 1072 4197 quantum
1101 4134 1370 4189 creaturis
1420 4138 1700 4199 convenit.
1761 4138 1956 4198 Unitas

363 4218 618 4287 quaedam
659 4230 818 4275 notas
850 4222 992 4278 inter
1030 4240 1290 4294 personas
1314 4228 1554 4294 exsistit,
1575 4246 1741 4300 quam
1774 4210 1956 4290 nullus

366 4313 651 4382 superavit
706 4328 969 4383 unquam,
1016 4327 1207 4386 utpote
1245 4320 1489 4376 omnium
1530 4321 1798 4379 Conditor
1847 4344 1861 4380 :
1910 4329 1954 4382 si

365 4405 510 4459 enim
536 4404 720 4462 unitas
741 4407 976 4475 exsistit,
1002 4426 1169 4480 supra
1190 4423 1438 4468 naturam
1456 4415 1689 4472 exsistit.
1718 4417 1957 4475 Trinitas

366 4497 590 4569 insuper
628 4499 746 4568 ipsa
805 4515 967 4571 supra
990 4511 1241 4558 naturam
1275 4506 1486 4561 exsistit
1516 4509 1665 4566 :vita
1713 4510 1955 4580 quidem,
1989 4540 2036 4600 ο

364 4602 419 4645 et
444 4591 751 4649 intellectus
776 4602 834 4648 et
882 4604 964 4649 ter
991 4594 1139 4650 felix:
1167 4596 1367 4662 virtus,
1424 4599 1623 4662 quibus
1653 4602 1795 4657 idem
1843 4603 1947 4657 ho-

368 4700 467 4739 nor
532 4702 598 4742 ae
659 4689 1006 4758 praestantior
1074 4688 1336 4760 dignitas,
1405 4692 1681 4762 Splendor,
1755 4696 1949 4761 decus,

367 4795 526 4835 omne
547 4782 774 4848 bonum,
789 4781 979 4852 gloria,
999 4790 1258 4851 potestas,
1287 4797 1391 4836 uno
1405 4784 1592 4850 verbo,
1610 4801 1950 4859 quaecunque

368 4871 499 4940 ipsis
545 4873 725 4942 lingua
779 4873 1042 4929 concinit.
1121 4874 1355 4929 Aliunde
1401 4891 1553 4937 vero,
1607 4879 1769 4933 veluti
1817 4883 1945 4950 quid

369 4979 535 5019 unum
556 4975 611 5021 et
633 4967 837 5033 solum,
874 4967 1216 5021 immutabile
1240 4978 1540 5036 permanet.
1572 4969 1763 5027 Nullus
1796 4974 1939 5027 enim

368 5069 498 5111 sane
528 5057 848 5113 mutationis
879 5058 1033 5112 locus
1073 5059 1125 5111 in
1165 5059 1265 5113 hac
1295 5068 1378 5113 ter
1410 5061 1713 5130 splendenti
1744 5066 1942 5133 majes-

370 5153 496 5206 tatis
524 5153 746 5219 virtute,
767 5152 948 5212 datur.
976 5152 1239 5218 Trinitas,
1283 5170 1405 5223 quae
1444 5171 1501 5210 es
1541 5157 1700 5211 etiam
1739 5160 1942 5225 unitas,

369 5244 517 5298 salva
547 5260 654 5311 me,
696 5244 773 5299 tui
808 5245 979 5299 solius
1030 5246 1394 5311 adoratorem,
1424 5262 1451 5301 a
1478 5257 1527 5302 te
1550 5249 1662 5302 sola
1688 5250 1945 5305 universa

370 5335 511 5389 facta
540 5346 693 5401 sunt,
725 5344 780 5390 et
828 5337 1011 5391 omnis
1058 5345 1310 5391 creatura
1338 5352 1449 5406 prae
1481 5347 1531 5393 te
1556 5338 1780 5394 humilis
1805 5343 1952 5397 sedis

369 5428 562 5483 instar.
599 5427 716 5483 Non
746 5440 927 5483 autem
980 5429 1167 5482 minus
1196 5428 1420 5496 impium
1465 5432 1649 5500 aliquo
1684 5432 1846 5485 modo
1872 5433 1954 5487 vi-

370 5498 590 5574 deretur
633 5535 902 5590 supremae
952 5521 1181 5575 Deitatis
1230 5531 1483 5574 naturam
1516 5533 1752 5577 creatam
1787 5538 1950 5593 repn-

371 5611 493 5676 tari,
528 5613 644 5667 sive
678 5620 1017 5667 attenuatum
1046 5612 1315 5682 quoddam
1379 5612 1680 5667 iucreatum
1743 5616 1951 5681 haberi,

367 5703 913 5759 sivcimbeeilliorem
959 5705 1195 5773 aliquam
1248 5714 1628 5761 creaturarum
1664 5706 1952 5760 inﬁrmita-

371 5805 477 5849 tem
511 5797 618 5866 ipsi
664 5796 849 5850 tribui.
884 5795 1003 5865 ipsa
1029 5799 1172 5851 enim
1208 5797 1425 5851 ﬁrmum
1456 5799 1699 5852 omnium
1749 5800 1950 5868 princi-

374 5888 523 5956 pium
560 5897 762 5957 manet,
801 5904 911 5960 quo
941 5888 1116 5960 salvo,
1150 5889 1215 5945 de
1239 5888 1440 5944 divinis
1475 5899 1621 5946 recte
1658 5892 1952 5961 sapientes,

1524 406 1969 469 GRZECORUM
2010 406 2480 473 SENTENTIAE.

3517 407 3635 470 850·

1972 522 2018 579 A
2051 526 2159 577 Καὶ
2187 526 2447 594 τέμνεται
2469 523 2533 593 δὴ
2551 523 2790 594 τάμερὲς
2827 520 3189 590 πολυτρόπως

2043 618 2157 668 Οὐκ
2184 618 2261 678 εις
2295 618 2434 687 μέρη
2467 616 2627 685 μόνον
2673 614 2752 679 δὲ,
2780 613 2919 667 ἀλλὰ
2949 612 3043 667 καὶ
3072 611 3237 681 μέρη,

2054 707 2141 769 Ὠς
2163 707 2222 772 ἐξ
2259 708 2507 777 ἀπείρων
2540 706 2971 776 συντεθειμένων
3014 704 3207 768 ξένων.

2043 802 2386 870 Δημοκρίτου
2413 801 2472 854 τὸ
2498 800 2703 871 πλῆθος
2732 798 2965 865 ἐνταῦθα
2996 797 3200 867 βλέπω,

2046 896 2153 948 Καὶ
2186 896 2363 958 νεῖκος
2386 894 2670 963 ἐξάγιστον
2713 892 3166 963 Ἐμπεδοκλέους,

2046 989 2331 1051 Πλάτωνος
2363 989 2503 1058 εἴδη,
2542 987 2639 1042 καὶ
2679 987 2836 1050 θεοὺς
2879 987 2981 1055 τῆς
3022 984 3295 1045 Ἑλλάδος.

2047 1082 2269 1150 Ἀρειον
2293 1079 2485 1150 ἀΰρὸν,
2510 1081 2608 1149 τὴν
2638 1078 2929 1133 Σαϐελλίου
2962 1078 3192 1146 πλάνην.

2049 1175 2253 1241 Ἀμφω
2306 1173 2574 1242 Παλαμᾶν
2607 1172 2666 1224 έν
2690 1189 2742 1224 τι
2778 1170 3036 1224 σύνθετον
3068 1170 3235 1238 τέρας

2059 1266 2149 1332 Ἐξ
2181 1268 2501 1337 ἀντιφώνων
2530 1266 2623 1321 καὶ
2648 1265 2925 1320 κακίστων
2959 1263 3266 1333 δογμάτων,

2046 1366 2131 1434 Ili}
2167 1365 2268 1434 μὲν
2298 1364 2433 1417 Θεοῦ
2468 1363 2738 1431 τέμνοντα
2772 1362 2872 1432 τὴν
2907 1363 3171 1429 ἀπειρίαν

2047 1459 2139 1520 Εἰς
2162 1456 2262 1510 οὐκ
2307 1457 2425 1519 ἴσας
2451 1454 2910 1522 πλάστιγγας,εξς
2944 1451 3119 1521 ἄκραν
3148 1451 3331 1521 μάχην
3366 1466 3378 1480 ·

2046 1549 2132 1615 Πῆ
2170 1546 2312 1609 δἐἰς
2345 1544 2686 1607 ἀνουσιωσιν,
2714 1542 2823 1597 οὐδ’
2857 1540 3188 1603 ὑποστάσεις
3238 1614 3242 1620 ι

2050 1640 2311 1705 Ἀγοντα,
2337 1638 2429 1691 καὶ
2469 1637 2704 1708 φέροντα
2739 1635 2838 1698 τάς
2879 1634 3233 1697 ὑποστάσεις,

2048 1725 2144 1790 Ai;
2174 1732 2285 1784 πᾶν
2316 1729 2525 1798 ὑπέστη
2549 1727 2914 1800 δημιουργίας
2948 1728 3127 1794 γένος.

1979 1856 2019 1914 Β
2053 1824 2288 1876 Ἔπειτα
2302 1822 2399 1891 τὴν
2434 1822 2673 1892 ἄναρχον
2702 1821 2916 1914 ἡγεῖται
2952 1819 3135 1914 χάριν,

2053 1915 2155 1966 Ἦν
2176 1908 2317 1965 εἶδεν
2346 1911 2546 1977 οὐδεὶς,
2577 1911 2686 1965 οὐδ’
2715 1911 2843 1965 ἰδεῖν
2872 1908 2985 1977 ἔχει
3019 1909 3206 1978 φύσιν,

2047 2005 2167 2059 Κᾶν
2193 2005 2429 2073 ἀγγέλου
2466 2005 2715 2077 χάρισμα
2745 2003 3030 2076 προσλάϐῃ
3058 2001 3242 2070 φύσιν,

2058 2100 2223 2168 Ὀρᾷν
2250 2098 2468 2169 ἀληθῶς
2495 2100 2787 2171 σαρκικαῖς
2821 2098 3014 2165 ἁγναῖς
3044 2096 3239 2165 κόραις

2050 2191 2452 2254 Μασσαλιανοῖς
2486 2190 2750 2261 έμμανῶς
2780 2185 2847 2243 αὖ
2891 2187 3227 2258 συντρέχων.

2050 2285 2111 2336 ΕΞ
2140 2284 2185 2336 δ’
2212 2283 2460 2351 ἀγγέλων
2501 2282 2782 2351 πέφευγεν
2819 2279 3103 2351 αἰσθήσεις
3145 2278 3329 2347 φύσις,

2049 2378 2176 2440 Πῶς
2205 2377 2266 2428 οὐ
2293 2376 2505 2447 πλάνης
2533 2375 2806 2440 δείκνυσιν
2828 2374 3065 2443 ἐσχάτης
3087 2372 3299 2439 γέμων,

2056 2472 2348 2523 Ἀκτιστον
2374 2468 2433 2530 ὃς
2464 2466 2603 2537 φῶς,
2631 2466 2820 2537 φησὶν,
2855 2465 3112 2534 αἰσθήσει
3150 2461 3395 2533 βλέπειν,

2052 2562 2124 2613 Τὸ
2153 2560 2509 2631 δημιουργὸν,
2543 2560 2643 2622 τὰς
2676 2558 3003 2628 ἀσωμάτους
3040 2556 3253 2626 φύσεις,

2059 2656 2125 2706 Ὃ
2166 2654 2241 2723 μὴ
2266 2652 2484 2723 βλέπειν
2506 2653 2749 2719 πέφυκεν
2790 2649 3095 2718 ἀνθρώπων
3125 2645 3307 2717 φύσις,

2056 2748 2116 2800 Ei
2155 2744 2230 2817 μὴ
2262 2744 2429 2814 θεατῇ
2454 2745 2521 2814 τῇ
2554 2740 2762 2813 βροτῶν
2793 2740 2950 2803 αὖθις
2983 2740 3142 2808 φύσει
3174 2756 3189 2805 ;

2054 2842 2167 2893 Καὶ
2193 2835 2512 2907 δογματίζει
2546 2837 2661 2895 τοῖς
2692 2831 3041 2902 πολυστὶχοις
3072 2832 3251 2898 λόγοις

2056 2930 2164 2985 Καὶ
2202 2928 2486 2982 δυσσεϐεῖν
2521 2927 2765 2997 κέκραγε
2798 2926 2924 2988 τοὺς
2962 2924 3276 2993 σεδασμίως

2068 3025 2156 3085 Ὠς
2188 3021 2388 3093 εὐσεϐῆ
2425 3018 2580 3074 ταῦτ’
2614 3020 2765 3072 ἐστὶν
2797 3019 2857 3072 οὐ
2885 3019 3253 3090 κεκραγότας.

2060 3118 2183 3181 Πῶς
2221 3111 2377 3179 οὗτος
2407 3111 2570 3179 εἶδεν,
2603 3115 2663 3166 οὐ
2686 3114 2821 3168 Θεοῦ
2868 3114 3029 3180 δόξαν
3060 3113 3229 3182 λέγω,

1977 3198 2021 3255 C
2067 3211 2208 3266 Ἀλλ’
2236 3212 2395 3274 αὐτὸς
2418 3207 2582 3263 αὐτοῦ
2608 3207 2705 3277 τὴν
2736 3206 3029 3278 ἀσώματον
3060 3206 3261 3277 φύσιν;

2054 3304 2240 3365 Οὐδεὶς
2274 3304 2403 3371 γὰρ,
2433 3300 2610 3362 οὐδεὶς
2637 3294 2778 3352 οἶδεν
2810 3299 3042 3367 ἀγγέλου
3072 3301 3263 3368 φύσιν,

2054 3397 2126 3450 Οὐ
2167 3396 2407 3466 ψυχικὴν
2432 3392 2628 3464 ἔϐρεψε
2663 3393 2880 3465 γυμνὴν
2913 3392 3130 3456 οὐσίαν,

2053 3587 2277 3642 Patrum
2308 3582 2522 3651 regulas
2576 3579 2932 3633 inconcussas
2962 3586 3199 3633 tuemur.
3231 3578 3306 3632 Eu
3340 3593 3634 3635 commune

2055 3677 2302 3749 Gregorii
2368 3672 2635 3743 Aciudyni
2706 3670 2947 3740 dogma,
3027 3670 3165 3725 nihil
3231 3671 3332 3739 ipsi
3390 3687 3639 3737 novum,

2056 3785 2157 3826 nec
2189 3770 2326 3823 lines
2358 3764 2593 3821 excedit.
2628 3762 2794 3817 Juxta
2827 3778 2980 3827 vero,
3020 3776 3218 3816 novum
3270 3761 3452 3832 aSpiee
3479 3762 3637 3817 Pala-

2057 3878 2161 3917 mae
2216 3859 2473 3930 abyssum
2526 3874 2539 3911 :
2604 3854 2744 3910 nihil
2806 3855 2908 3923 ipsi
2975 3868 3289 3919 commune,
3350 3870 3448 3907 nec
3500 3854 3645 3910 intra

2058 3952 2197 4007 ﬁnes
2251 3947 2549 4008 clauditur.
2618 3944 2715 4000 sed
2760 3953 2821 3998 ut
2870 3943 3020 3997 clara
3052 3954 3313 3998 accurate
3344 3943 3547 4009 dicam,
3576 3961 3643 3999 ex

2057 4045 2218 4099 dictis
2268 4039 2603 4097 contrarium
2654 4036 2878 4091 omnino
2906 4035 3096 4101 docet;
3136 4044 3354 4091 statutae
3386 4037 3639 4105 potestati

2057 4138 2236 4208 palam
2264 4150 2331 4188 ex
2362 4134 2595 4187 adverso
2635 4138 2764 4193 stat,
2787 4136 2984 4183 cuneta
3020 4136 3264 4190 mutans,
3292 4138 3489 4183 cuncta
3518 4142 3638 4181 mo-

2059 4234 2424 4292 vens,cuncta
2457 4223 2807 4293 perturbans,
2829 4221 3033 4274 nullum
3072 4222 3291 4276 demum
3322 4222 3641 4292 dogmatum

2060 4322 2384 4379 inviolatum
2435 4316 2679 4386 reliquit.
2735 4313 2950 4368 Etenim
3023 4313 3140 4367 sive
3189 4312 3411 4368 mobilis
3463 4313 3643 4368 Protei

2062 4414 2285 4477 formas,
2318 4410 2433 4466 sive
2464 4421 2803 4478 paganorum
2837 4404 3019 4474 potius
3071 4418 3253 4460 mores
3298 4404 3416 4475 ipse
3443 4404 3642 4470 induit,

2068 4504 2320 4578 personis
2358 4501 2575 4573 quidem
2612 4498 3038 4554 mcusurandam
3070 4497 3352 4562 unitatem,
3388 4513 3495 4552 non
3524 4515 3648 4569 pcr-

2063 4601 2240 4663 sonis,
2288 4597 2384 4653 sed
2440 4608 2622 4650 rerum
2657 4590 2940 4662 gradibus,
2993 4600 3255 4647 metatur.
3308 4590 3647 4648 lndivisibile

2063 4696 2228 4751 etiam
2274 4690 2462 4746 multis
2506 4703 2574 4743 ex
2634 4685 2882 4754 partibus
2918 4683 3137 4751 dividit,
3170 4699 3277 4739 non
3308 4693 3517 4738 tantum
3554 4701 3648 4755 per

2067 4802 2273 4860 partes,
2326 4784 2420 4839 sed
2479 4783 2643 4836 etiam
2697 4789 2879 4850 partes
2927 4778 3140 4843 dividit,
3184 4780 3346 4833 veluti
3385 4788 3645 4834 extranea

2067 4878 2320 4950 quaedam
2376 4874 2592 4928 inﬁnita
2656 4874 2801 4926 inter
2866 4885 2925 4925 se
2984 4870 3298 4934 eommisra,
3356 4870 3647 4926 [)emocriti

2068 4986 2325 5027 nutmrros
2350 4970 2437 5024 hic
2469 4966 2694 5036 aspicio,
2743 4963 3135 5033 infandamque
3160 4963 3508 5033 Empedoclis
3543 4981 3647 5034 pu-

2068 5079 2250 5135 gnam,
2305 5060 2546 5116 Platonis
2610 5058 2785 5122 ideas,
2852 5070 3061 5110 necnon
3111 5054 3427 5112 Grzecorum
3491 5059 3645 5119 deos.

2069 5156 2289 5211 mollem
2344 5154 2558 5217 Arium,
2612 5150 2945 5219 Sabelliique
3008 5164 3224 5205 errores
3283 5170 3294 5204 :
3350 5159 3649 5217 utrumque

2069 5249 2318 5304 Palamas
2352 5248 2403 5301 in
2434 5252 2742 5300 monstrum
2780 5236 3001 5310 aliquod
3048 5257 3409 5312 componens,
3452 5256 3516 5293 ex
3560 5256 3646 5293 re-

2068 5342 2436 5413 pugnantibus
2500 5335 2883 5407 perversisque
2922 5336 3292 5405 dogmatibus,
3341 5334 3498 5385 modo
3557 5332 3647 5384 Dei

2022 5469 2030 5478 ι
2070 5431 2516 5494 immensitatem,
2574 5428 2985 5495 pcrimnquales
3035 5427 3240 5488 lances,
3292 5439 3411 5477 sese
3434 5423 3648 5477 fortiter

2072 5530 2481 5598 impugnautes,
2517 5522 2784 5588 partitur;
2840 5520 3004 5573 modo
3090 5522 3142 5572 in
3222 5516 3647 5571 insubstantiale

2070 5618 2310 5684 aliquod,
2360 5630 2467 5669 non
2522 5628 2786 5684 personas
2841 5627 3133 5681 generatis,
3196 5610 3288 5663 sed
3382 5624 3648 5678 personas

2074 5712 2274 5774 ferens,
2310 5707 2510 5777 quibus
2552 5715 2725 5759 totum
2755 5703 3058 5757 ercationis
3088 5718 3259 5771 genus
3293 5703 3640 5769 producitur.

2073 5803 2355 5857 .‘Eteruam
2403 5796 2599 5853 deinde
2643 5796 2873 5849 τιιδῑὶιιιίιι
2920 5798 3188 5866 gratiam,
3257 5811 3419 5866 quant
3493 5812 3650 5848 utrum

2072 5896 2227 5957 \idit,
2260 5906 2360 5948 nec
2390 5888 2572 5946 videre
2608 5886 2929 5944 naturaliter
2959 5898 3158 5957 potest,
3185 5888 3285 5943 etsi
3318 5885 3491 5958 angeli
3554 5900 3651 5939 na-
