3956 6194
453 377 553 442 831

449 499 638 570 Σαφῶς
667 497 933 569 δεδορκὼς
961 497 1084 560 ταῖς
1119 495 1302 566 βολαῖς
1345 496 1454 549 τῶν
1485 495 1773 566 ὀμμάτων,

449 593 567 645 Κᾶν
590 592 671 654 είς
704 591 766 644 τὸ
789 589 973 658 μεῖζον
1002 588 1034 659 ἤ
1061 589 1182 640 κατ’
1221 587 1509 659 ἄνθρωπον
1540 589 1743 660 φθάσῃ.

449 688 556 740 Kal
585 686 695 756 γὰρ
723 684 984 738 τυποῦται
1015 687 1419 756 σχηματισμοῖς
1460 684 1556 738 καὶ
1586 685 1736 748 τάδε,

451 776 557 828 Καὶ
587 775 872 844 συμϐόλων
909 775 1068 828 εἴωθε
1103 775 1404 846 λαμϐάνειν
1433 777 1686 838 πλάσεις.

448 868 617 920 Ὀταν
641 868 750 938 γὰρ
780 869 911 938 ἡμῖν
939 867 1197 935 ἐμφανῶς
1235 861 1414 936 ὦφθαι
1441 867 1556 942 δέῃ,
1633 917 1636 920 .

457 957 715 1028 Ἐπείπερ
756 958 911 1027 ἔσχεν
934 958 1053 1010 οὐδὲ
1082 959 1253 1013 ταῦτα
1276 961 1572 1030 σχημάτων

445 1050 582 1101 Κατ’
615 1049 804 1102 οὐσίαν
837 1050 1092 1122 ὓπαρξιν,
1121 1051 1181 1104 οὺ
1215 1052 1323 1124 γὰρ
1350 1053 1623 1120 σωμάτων

453 1139 544 1203 Ὠς
566 1140 626 1193 οὗ
654 1158 716 1208 γε
745 1143 902 1212 σῶμα
930 1142 1052 1210 τῇδε
1075 1144 1167 1195 καὶ
1199 1143 1383 1212 σχῆμα
1411 1143 1630 1212 πρέπει.

456 1231 594 1283 Ἀλλ’
625 1227 801 1296 οὗτος,
833 1232 905 1296 ῶς
936 1233 1133 1298 ἔοικεν,
1153 1235 1316 1303 ἄλλην
1342 1235 1439 1288 οὐκ
1469 1235 1633 1303 ἔγνω,

444 1323 592 1394 Πλὴν
630 1325 696 1396 ἣν
721 1324 939 1394 βλέπειν
968 1326 1183 1380 δύναιτο
1213 1328 1478 1397 σωμάτων
1507 1327 1692 1396 φύσινι

453 1418 765 1488 ’Λσώματον
791 1419 897 1488 γὰρ
923 1419 1169 1489 οὐδαμῶς
1209 1420 1322 1473 ἔστι
1351 1420 1594 1489 βλέπειν,

438 1509 652 1577 Γυμνδν
675 1510 800 1562 καθ’
837 1511 966 1563 αὐτὸ
999 1515 1230 1581 σαρκικῇ
1258 1513 1477 1583 θεωρίᾳ,

441 1599 554 1652 Οὐκ
591 1599 798 1670 ᾔσθετ’,
831 1602 929 1654 οὐκ
952 1603 1152 1671 ἢκουσε
1174 1606 1285 1658 τῶν
1312 1604 1628 1675 θεοφρόνων

453 1691 688 1763 Ἀνδρῶν
706 1693 922 1764 θεωρῶν
950 1696 1206 1751 ἀπλανῶν
1236 1698 1546 1768 θεαμάτων,

451 1783 758 1854 Ἐρωτικῶν
787 1785 883 1853 μὲν
913 1790 1013 1858 τῆς
1039 1788 1361 1859 ἀμορφώτου
1394 1791 1541 1857 θέας,

441 1877 847 1947 Προτρεπτικόν
882 1897 939 1932 τε
974 1882 1106 1950 πρὸς
1128 1882 1187 1935 τὸ
1221 1883 1293 1952 μὴ
1317 1885 1717 1954 κεχρωσμένοι).

437 1969 754 2022 Τοὺναντίον
776 1969 831 2022 δὲ
864 1969 962 2041 τῆς
991 1971 1201 2034 τούτοις
1250 1973 1495 2038 ἐναντίας

398 2104 408 2118 ,
449 2059 888 2128 ’Λποτρεπόντων
909 2061 1174 2131 ἑκφινοῦς
1209 2063 1463 2135 Θεωρίας,

435 2149 558 2202 Κᾶν
597 2148 808 2214 Παῦλος
834 2153 956 2222 ήδη,
995 2155 1100 2206 κᾶν
1153 2157 1404 2228 Ἰωάννης
1437 2158 1617 2230 χάρις,

436 2238 555 2291 Κᾶν
578 2241 816 2311 Μωῦσῆς
852 2242 1058 2297 ἄνωθεν
1085 2245 1505 2317 ἐκκεκραγότες,

429 2332 506 2384 Ἣ
548 2333 746 2403 μᾶλλον
769 2335 900 2388 αὐτὸ
931 2337 1038 2390 κᾶν
1059 2337 1119 2390 τὸ
1139 2340 1247 2392 τῶν
1281 2341 1417 2398 ὅλων
1446 2345 1646 2413 κράτος

435 2423 544 2494 Boi
569 2425 699 2495 παρ’
732 2426 937 2493 αὐτοῖς,
971 2428 1047 2492 ὡς
1087 2431 1235 2485 Ἰδεῖν
1259 2435 1434 2498 οὐδεὶς
1473 2437 1587 2506 ἔχει

435 2518 547 2571 Οὐκ
571 2513 730 2585 εἶδος,
761 2521 822 2574 οὐ
845 2522 1244 2590 πρόσωπονίού
1270 2527 1543 2598 μόρφωμά
1579 2549 1683 2595 μου

435 2613 509 2665 Οὐ
549 2612 774 2680 ζήσεται
815 2613 944 2681 γὰρ,
974 2616 1030 2677 ὃς
1066 2633 1132 2683 με
1156 2618 1410 2689 τολμήσει
1437 2621 1687 2689 βλέπειν,

444 2703 785 2774 Ἐπηρμένος
815 2705 1008 2775 πένητι
1047 2709 1196 2776 νῷτε
1222 2710 1314 2762 xal
1336 2713 1548 2780 τρόπῳ.

445 2792 584 2844 Ἀλλ’
610 2794 674 2846 οὐ
705 2793 834 2863 πρὸς
859 2797 1005 2865 ἡμᾶς
1029 2797 1198 2852 ταῦτα
1218 2802 1349 2870 φησὶ
1377 2803 1504 2867 τοὺς
1527 2805 1690 2867 πάνυ,

429 2883 568 2947 Τοὺς
596 2885 842 2953 ἀγγέλων
868 2887 1101 2958 ὕπερθεν
1125 2890 1514 2962 ἐξῃρημένους,

429 2975 569 3038 Τοὺς
600 2977 714 3045 φῶς
743 2979 1064 3048 ἀκραιφνὲς,
1096 2983 1188 3036 καὶ
1215 2983 1368 3048 θεοὺς
1391 2987 1488 3040 οὑκ
1516 2989 1846 3060 ἡργμένους,

432 3068 572 3131 Τοὺς
604 3067 841 3138 πνεῦμα,
885 3071 1013 3136 τοὺς
1049 3073 1179 3144 πῦρ,
1212 3078 1339 3140 τοὺς
1378 3079 1516 3149 ὑπὲρ
1552 3083 1732 3135 πᾶσαν
1784 3085 1984 3153 κτίσιν,

429 3159 567 3223 Τοὺς
597 3159 1041 3229 ἀμφιγράπτους,
1066 3165 1300 3235 οὐδαμοῦ
1330 3168 1455 3232 τοὺς
1486 3169 1760 3239 άκλίτους,

437 3249 528 3312 Ὧς
557 3249 792 3314 άκλίτως
819 3253 1061 3322 ἔχοντας,
1094 3255 1228 3308 ἀλλὰ
1252 3257 1352 3327 τῆς
1379 3257 1609 3329 πλάνης.

440 3337 600 3392 Ἀλλά
631 3340 762 3412 πρὸς
786 3343 932 3414 ἡμᾶς
961 3345 1088 3410 τοὺς
1123 3351 1424 3418 χαμερπεῖς
1455 3349 1528 3412 ὡς
1555 3353 1751 3418 κτίσιν,

427 3533 602 3580 turam
629 3525 857 3583 sortitus
891 3527 983 3584 sit.
1014 3528 1139 3584 Eam
1171 3548 1301 3588 vero
1345 3537 1561 3593 mundis
1593 3541 1774 3594 carnis
1803 3541 1976 3596 oculis

425 3630 650 3672 cernere
669 3617 822 3684 dicit,
848 3620 938 3689 qui
965 3619 1302 3677 Massztlian‘is
1334 3625 1515 3682 furore
1541 3631 1738 3686 ardens
1771 3633 1984 3686 obviam

423 3710 614 3764 currit.
666 3707 780 3778 Sin,l
808 3719 989 3766 autem
1029 3715 1340 3783 angelorum
1398 3729 1643 3776 naturam
1706 3728 1985 3795 perceptio

423 3799 580 3870 fugit,
613 3816 847 3870 quonam
896 3804 1056 3858 modo
1085 3807 1238 3861 multi
1286 3811 1493 3865 erroris
1524 3827 1730 3868 vacuus
1760 3814 1984 3869 habebi—

1639 385 1734 446 DE
1769 382 2170 444 GREGORIO
2203 384 2507 447 PALAMA

3549 372 3554 380 ’
3569 404 3660 470 sse

2051 499 2091 553 Λ
2123 490 2259 562 Τοὺς
2281 499 2534 569 ἀγγέλων
2571 499 2831 570 μένοντας
2861 500 3126 566 ὑστάτους
3161 519 3323 568 κάτω,

2117 591 2257 655 Τοὺς
2296 591 2550 662 λαμπρὸν
2578 591 2728 646 οὐδὲν
2748 593 2810 646 ἐκ
2831 592 2967 646 Θεοῦ
2991 594 3363 667 δεδεγμένους,

2116 682 2252 744 Τοὺς
2271 684 2382 746 τοῖς
2405 682 2676 754 πατρῴοις
2705 685 3190 756 ὲμπεριγράπτους
3212 691 3371 762 ὅροις.

2113 775 2176 826 El
2204 775 2250 828 δ’
2269 775 2328 827 οὐ
2363 771 2671 847 προχωρεῖν
2707 777 2880 832 ταῦτα
2908 779 3206 848 κομπάζων
3222 783 3350 854 ἔχει,

2113 868 2297 940 Χωρεῖ
2321 869 2453 937 πρὸς
2477 868 2673 932 ἄλλους
2695 871 3156 939 δυσσεϐεστέρους
3185 875 3369 944 λόγους

2115 957 2224 1008 Kal
2256 959 2433 1010 πάντα
2458 959 2652 1028 χωρῶν
2687 959 2824 1030 πλὴν
2843 960 3060 1032 ἀληθῶν
3089 964 3374 1034 δογμάτων·

2111 1050 2311 1119 Τέμνει
2356 1050 2417 1103 τὸ
2441 1049 2584 1104 θετον
2607 1052 2887 1106 είδοποιῶν
2915 1053 3188 1119 ἐκτόπως,

2111 1140 2221 1209 Τὴν
2243 1141 2532 1204 είδοποιὸν,
2559 1142 2676 1196 ἀλλ’
2702 1145 3026 1215 ἀμόρφωτον
3059 1147 3240 1215 φύσιν.

2111 1234 2272 1287 Τουτὶ
2308 1234 2407 1304 μὲν
2438 1230 2598 1303 εἶδος,
2624 1237 2784 1291 τοῦτο
2812 1239 2857 1291 δ’
2885 1241 3074 1294 οὐσίαν
3094 1242 3289 1308 λέγων,

2111 1320 2263 1392 Ζωὴν
2294 1323 2348 1376 δὲ
2374 1322 2553 1388 τοῦτο,
2584 1325 2743 1379 τοῦτο
2767 1327 2812 1380 δ’
2842 1329 2996 1400 ίσχὺν
3023 1331 3228 1395 οὐσίας,

2107 1413 2221 1466 Kal
2249 1415 2449 1482 γνῶσιν
2474 1416 2621 1481 ἄλλο,
2665 1420 2759 1473 καὶ
2785 1421 2945 1490 σοφὸν
2973 1422 3108 1476 Θεοῦ
3149 1425 3370 1494 κράτος,

2109 1507 2218 1560 Kal
2250 1509 2432 1563 πᾶσαν
2461 1510 2628 1580 ἄλλην
2662 1512 2756 1566 τοῦ
2787 1512 2928 1566 Θεοῦ
2969 1516 3165 1584 κλῆσιν
3189 1518 3390 1590 φέρων,

2107 1600 2303 1670 Τίθησι
2341 1601 2627 1673 θειότητας
2655 1604 2755 1658 οὐκ
2781 1603 2910 1660 ἴσων
2943 1607 3181 1677 βάθρων,

2107 1692 2258 1746 Θεῶν
2277 1694 2515 1764 ἀτεχνῶς
2545 1695 2724 1765 όχλον,
2752 1697 2828 1762 ὡς
2861 1698 2997 1768 ἔφην
3027 1701 3163 1765 ἄνω,

2107 1783 2402 1850 Μεθεκτὸν,
2436 1785 2496 1838 οὺ
2529 1787 2813 1855 μεθεκτὸν,
2842 1789 3022 1860 ἔργον,
3052 1791 3311 1864 ἐργάτην,

2109 1875 2332 1937 Θεατδν,
2373 1879 2434 1929 οὐ
2469 1876 2680 1940 θεατὸν,
2713 1879 2833 1934 εἶτα
2867 1884 3221 1952 συνδρόμους,

2109 1970 2219 2022 Kal
2253 1968 2643 2039 δημιουργοὺς,
2681 1971 2791 2024 τῶν
2826 1973 2924 2043 μὲν
2950 1975 3356 2046 ἠλαττωμένων

2106 2060 2239 2113 θεοῦ
2273 2062 2535 2129 μεγίστου
2548 2064 2647 2132 τὴν
2677 2064 2989 2135 ὑπερτάτην
3021 2069 3188 2134 φύσιν
3215 2083 3231 2101 ’

2106 2151 2339 2216 Τούτους
2366 2153 2423 2206 δὲ
2454 2153 2547 2206 τοῦ
2581 2153 2894 2224 σύμπαντος
2925 2159 2982 2210 ὲν
3014 2159 3172 2228 μέρει
3195 2159 3402 2228 κόσμου-

2109 2245 2326 2312 Ἔργων
2358 2243 2432 2296 ἐτ’
2458 2245 2595 2313 ἔργα
2633 2245 2727 2298 τοῦ
2765 2247 2923 2313 Θεοῦ,
2956 2249 3056 2318 φεῦ
3083 2251 3181 2318 τῆς
3207 2251 3407 2318 πλάνης

2105 2335 2198 2398 Εἰς
2225 2334 2431 2407 οὕσπερ
2460 2337 2712 2402 ἐξώκειλε
2747 2342 3048 2411 κρημνοὺς,
3070 2345 3168 2396 καὶ
3200 2342 3422 2411 βόθρους

2119 2427 2278 2498 Ἀνὴρ
2304 2429 2476 2483 δοκῶν
2501 2425 2641 2484 εἷναί
2674 2448 2759 2494 τις
2780 2433 2840 2483 οὺ
2872 2433 3048 2503 φαύλη
3078 2435 3246 2502 φύσις
3422 2416 3428 2422 ’

2114 2519 2374 2591 Ἐπείτιερ
2399 2519 2690 2592 ἐξήνεγκεν
2724 2524 2884 2577 αὑτὸν
2905 2525 2998 2578 τοῦ
3023 2528 3248 2596 μέτρου,

2103 2611 2291 2674 Msij
2319 2614 2618 2684 φρονήσας,
2648 2615 2681 2686 ἢ
2716 2615 2838 2671 καθ’
2871 2616 3034 2670 αὑτὸν
3060 2617 3289 2681 εἰδέναι,

2101 2704 2212 2756 Kal
2238 2703 2314 2772 μὴ
2340 2703 2516 2772 μένων
2549 2705 2804 2775 εῧρριζον
2830 2707 2980 2768 me;
3001 2709 3106 2761 τῶν
3128 2711 3293 2779 ὅρων,

2102 2791 2196 2849 Οἷς
2226 2797 2434 2858 πάντας
2468 2796 2806 2864 ὲγκλείουσιν
2841 2799 2896 2850 ai
2921 2799 3060 2852 θεῖαι
3086 2803 3313 2868 φρένες.

2101 2882 2256 2934 Οῦτω
2286 2882 2460 2950 φθορὰ
2493 2883 2584 2936 νοῦ
2616 2884 2678 2936 τὺ
2711 2889 2930 2954 φρονεῖν
2963 2887 3102 2958 ὑπὲρ
3139 2891 3374 2960 μέτρον,

2099 2972 2208 3024 Kal
2249 2972 2422 3025 Γνῶθι
2461 2976 2658 3027 σαυτὸν
2687 2976 2751 3028 οὺ
2774 2975 2958 3030 λαλεῖν
2981 2981 3313 3049 ὲγκαρδὲως,

2098 3063 2260 3116 Ὅθεν
2282 3064 2590 3134 προϐαίνων
2621 3068 2700 3130 είς
2719 3069 2906 3122 κακῶν
2936 3071 3223 3140 ἀπειρίαν,
3272 3141 3276 3147 ι

2018 3163 2061 3222 c
2101 3159 2390 3220 Ἀκτιστος
2417 3153 2580 3224 εἶναι,
2611 3161 2796 3230 φησὶν,
2829 3161 3003 3232 ἀρχὴν
3025 3163 3127 3216 οὐκ
3150 3165 3315 3234 ἔχων,

2096 3249 2162 3298 Ὅ
2189 3249 2286 3316 τῆς
2314 3248 2454 3318 ὑπὲρ
2471 3249 2597 3301 νοῦν
2639 3249 2798 3318 ἴσμεν
2821 3251 2980 3315 ἀξίας
3010 3253 3210 3323 μόνης.

2091 3339 2261 3404 Αὐτὸς
2287 3341 2552 3410 Παλαμᾶς
2579 3344 2606 3394 ό
2638 3342 2829 3412 βροτὸς
2861 3342 2962 3396 κᾶν
2982 3345 3058 3415 μὴ
3083 3345 3241 3419 θέλῃ,

2089 3524 2411 3596 ονοιίοεεσυε
2459 3527 2934 3597 contemplationis
2997 3531 3405 3595 studiosorum;
3460 3529 3637 3584 adhor-

2089 3618 2318 3674 tationes
2345 3634 2548 3689 easque
2580 3619 2802 3675 minime
2831 3620 3062 3684 fucatas,
3115 3638 3217 3678 nec
3277 3623 3510 3693 percipit.
3548 3632 3635 3673 nec

2088 3709 2257 3764 audit.
2329 3709 2492 3766 Sede
2546 3720 2732 3767 contra
2783 3712 2837 3767 in
2896 3713 3192 3770 adversum
3245 3730 3489 3784 surgens.
3543 3710 3634 3767 etsi

2087 3805 2290 3858 claram
2360 3802 2624 3858 visionem
2692 3804 2741 3858 ei
2807 3805 3189 3872 dissuadeant,
3278 3807 3381 3862 etsi
3443 3803 3632 3856 Paulus

424 3901 514 3948 tur
543 3895 633 3962 qui
677 3895 973 3948 ine-reatum
1011 3897 1190 3951 lumen
1239 3903 1582 3972 perceptione
1632 3905 1800 3960 videri
1829 3907 1980 3972 dicit;

2082 3891 2193 3960 iam
2225 3895 2374 3957 olim,
2404 3895 2502 3949 etsi
2537 3893 2762 3949 Joannis
2798 3897 2992 3963 gratia,
3021 3897 3121 3950 etsi
3155 3897 3390 3968 Moyses,
3422 3896 3633 3960 desuper

422 3990 478 4034 et
507 3991 797 4045 creaturas,
855 3995 907 4037 ct
956 3984 1310 4054 incorporeas
1340 3999 1585 4056 naturas,
1629 4008 1854 4064 qtta'que
1886 3996 1986 4050 lto-

426 4072 630 4127 minttm
685 4085 878 4130 natura
909 4077 1092 4131 videre
1123 4079 1330 4148 nequit,
1355 4083 1399 4136 si
1425 4083 1641 4151 quidem
1671 4087 1982 4142 mortalium

425 4165 600 4220 oculis
621 4165 842 4222 minimc
871 4171 1315 4238 conspiciuntur?
1370 4173 1635 4229 Praeterea
1693 4177 1980 4247 multiplici

425 4257 838 4312 ratiocinatione
872 4259 1221 4326 degmatizat,
1257 4271 1309 4314 et
1331 4261 1623 4330 impietatis
1650 4278 1984 4327 accusateos

422 4349 514 4420 qui
581 4365 684 4402 non
750 4349 935 4402 eadem
998 4349 1433 4406 iucriminantur.
1500 4356 1781 4422 Quomodo
1855 4376 1984 4418 vero

424 4442 560 4509 ipse,
593 4455 698 4493 non
730 4437 822 4492 Dei
850 4439 1076 4506 gloriam
1097 4441 1242 4504 dico,
1280 4445 1372 4497 sed
1395 4443 1696 4515 ipseipsius
1734 4449 1986 4522 incorpo-

425 4544 572 4585 ream
595 4541 838 4584 naturam
859 4531 1050 4584 viderit
1070 4531 1092 4584 ?
1110 4531 1298 4587 Nullus
1315 4535 1460 4588 enim
1495 4543 1730 4607 unqbam
1765 4544 1984 4613 angelo-

372 4646 377 4650 -
426 4637 545 4676 rum
573 4629 820 4675 naturam
839 4622 993 4686 vidit,
1022 4638 1122 4678 nec
1151 4625 1455 4695 spiritalem
1473 4631 1764 4687 essentiam
1785 4635 1982 4690 nudam

421 4714 722 4782 conspexit,
769 4713 1049 4770 oculorum
1120 4725 1289 4772 tractu
1344 4728 1527 4788 aperte
1591 4724 1751 4776 etiam
1804 4727 1982 4794 perlu-

423 4804 665 4870 strando,
721 4807 934 4862 tametsi
968 4809 1087 4877 plus
1120 4823 1282 4878 quam
1333 4811 1595 4867 humanas
1636 4829 1722 4867 res
1761 4816 1980 4884 lustret;

424 4895 513 4950 illa
579 4897 777 4950 etenim
846 4898 1000 4954 nobis
1057 4912 1163 4954 non
1233 4901 1335 4954 nisi
1376 4901 1560 4972 ﬁguris
1613 4902 1979 4972 innotescunt,

425 4989 906 5060 symbolorumque
938 4990 1200 5061 imagines
1248 4993 1504 5056 adhibere
1547 5004 1974 5061 consueverunt,

417 5097 542 5136 cum
597 5081 710 5136 haec
771 5083 1009 5151 apertius
1073 5083 1238 5137 videri
1298 5099 1434 5152 Opus
1484 5095 1598 5144 est,
1631 5087 1894 5155 siquidem
1929 5096 1983 5141 et

421 5175 598 5241 quoad
629 5174 943 5239 essentiam,
978 5184 1032 5228 et
1058 5175 1235 5243 quoad
1271 5191 1519 5243 corpora,
1560 5179 1746 5232 formae
1783 5179 1981 5235 talibus

422 5267 636 5330 desunt,
685 5280 918 5334 namque
966 5265 1056 5318 illa
1105 5280 1201 5319 nec
1232 5281 1453 5334 corpus,
1475 5283 1573 5320 nec
1606 5267 1776 5322 forma
1799 5269 1975 5325 decet.

423 5358 486 5410 At
524 5357 650 5418 hic,
713 5357 766 5410 ni
796 5355 970 5419 fallor,
1025 5354 1226 5409 nullam
1263 5355 1421 5416 aliam
1473 5357 1647 5420 novit,
1707 5359 1978 5426 corporali

419 5459 615 5501 natura
659 5456 904 5514 excepta,
961 5460 1080 5513 quae
1127 5445 1373 5514 conspici
1404 5445 1598 5512 possit.
1639 5445 1980 5516 Incorporale

419 5538 620 5591 etenim
661 5538 809 5591 nullo
869 5538 1029 5590 modo
1083 5535 1325 5603 conspici
1387 5535 1548 5600 valet,
1599 5551 1721 5590 cum
1780 5537 1975 5592 visibili

418 5640 581 5680 carne
629 5628 850 5680 omnino
899 5633 1114 5689 careat;
1148 5625 1254 5687 ille,
1305 5624 1548 5694 inquam,
1591 5624 1975 5692 inspiratorum

422 5717 723 5782 hominum,
781 5719 1211 5787 spectaculorum
1267 5717 1520 5787 deinceps
1586 5716 1978 5782 infallibi'ium,

2088 3983 2416 4047 exclamant,
2436 3984 2564 4052 quin
2592 3985 2719 4044 imo,
2740 3983 2838 4037 etsi
2863 3992 3185 4037 cunctorum
3219 3994 3394 4039 coetus
3416 3982 3630 4034 clamet:

2097 4094 2115 4125 ι
2169 4074 2338 4128 Nemo
2388 4074 2520 4129 vidit
2549 4076 2807 4143 speciem,
2840 4085 2958 4129 'aut
3015 4089 3312 4144 personam
3360 4081 3449 4126 aut
3486 4070 3634 4124 simu-

2085 4167 2292 4222 lacrum
2367 4182 2569 4221 meum.
2633 4166 2749 4221 Non
2811 4167 2954 4220 vivet
3030 4168 3269 4236 amplius
3357 4165 3495 4220 enim
3551 4158 3632 4228 qui

2089 4273 2173 4312 mc
2231 4257 2543 4326 conspicere
2593 4272 2762 4314 ausus
2813 4257 2998 4324 fuerit,
3048 4277 3066 4310 ι
3128 4257 3428 4315 miserabili
3487 4251 3632 4309 intel—

2088 4346 2229 4401 lectu
2295 4361 2360 4400 ac
2414 4357 2673 4415 conceptu
2727 4348 3014 4416 superbus.
3080 4348 3309 4403 Minime
3340 4361 3469 4402 vero
3506 4341 3634 4410 apud

2088 4455 2209 4505 nos,
2249 4456 2353 4493 non
2395 4440 2535 4510 apud
2591 4440 2782 4496 doctos
2814 4441 2938 4494 talia
2997 4442 3279 4510 praedicat.
3343 4455 3450 4495 non
3501 4432 3636 4505 apud

2012 4501 2191 4586 1)ιιοε
2253 4544 2418 4600 supra
2483 4530 2798 4600 angelorum
2860 4540 3108 4584 naturam
3169 4533 3420 4586 sublatos
3451 4570 3466 4595 ,
3539 4527 3637 4580 mm

2085 4622 2225 4694 apud
2260 4637 2380 4687 nos,
2433 4637 2532 4676 nec
2561 4636 2755 4691 purum
2779 4622 2985 4688 lumen,
3033 4637 3136 4676 nec
3165 4622 3428 4677 Deitatem
3468 4631 3638 4683 asper-

2085 4723 2297 4779 nantes,
2331 4729 2435 4768 non
2465 4713 2602 4784 apud
2631 4729 2751 4780 nos,
2780 4715 3028 4784 spiritum
3049 4722 3102 4769 et
3118 4715 3302 4786 ignem
3337 4726 3497 4782 supra
3528 4722 3635 4762 om-

2085 4821 2203 4860 nem
2234 4817 2535 4862 cteaturam
2571 4806 2912 4868 extollentes,
2949 4821 3054 4860 non
3077 4807 3222 4876 apud
3262 4807 3448 4860 firmos
3471 4799 3636 4856 homi-

2085 4913 2201 4960 nes,
2232 4912 2461 4965 quorum
2493 4897 2818 4950 inconcussa
2849 4895 3001 4962 ﬁdes,
3033 4898 3173 4966 apud
3206 4897 3414 4950 erroris
3446 4891 3636 4952 socios,

2085 4989 2241 5043 nobis
2260 4988 2432 5043 etiam
2461 4989 2832 5052 cernentibus,
2858 4989 2997 5057 apud
3032 4987 3285 5042 infandos
3313 4987 3477 5049 viros,
3505 4981 3633 5050 apud

2083 5093 2436 5147 quoscunque
2461 5079 2770 5148 angelorum
2796 5080 2986 5134 ultimo
3002 5081 3192 5133 ordine
3209 5080 3486 5139 sedentes,
3506 5070 3632 5142 apud

2083 5169 2250 5231 viros,
2284 5167 2417 5221 nihil
2466 5168 2532 5221 de
2564 5169 2670 5222 Deo
2721 5178 2865 5222 recte
2915 5169 3235 5232 sentientes,
3263 5169 3357 5237 qui
3394 5175 3632 5236 paternas

2076 5259 2281 5329 jamdiu
2321 5259 2532 5329 regulas
2562 5259 2774 5328 longius
2797 5261 3129 5329 abiecerunt.
3167 5261 3223 5315 Si
3256 5275 3408 5322 vero,
3444 5255 3632 5311 talibus

2077 5351 2318 5421 iactatis.
2353 5352 2485 5404 ﬁnes
2514 5351 2730 5417 assequi
2777 5351 2986 5419 nequit,
3011 5350 3464 5406 exsecrabilinres
3509 5345 3634 5398 alios

2081 5441 2615 5505 sermonesinclwat,
2639 5442 2955 5508 eunetisque
2977 5441 3262 5510 diligenter
3281 5433 3634 5508 perlustratis.

2084 5541 2277 5600 prteter
2315 5546 2438 5585 vera
2463 5532 2735 5601 dogmata,
2794 5531 3132 5585 Divinitatcm
3167 5546 3266 5599 per
3304 5531 3499 5598 ﬁguras
3526 5525 3632 5577 sin-

2082 5621 2339 5690 gulariter
2359 5621 2658 5689 partiendo,
2682 5623 2962 5688 ﬁguratam
2982 5622 3222 5691 quidem,
3248 5617 3634 5674 sediniormcm

2084 5725 2332 5770 naturam
2371 5713 2469 5782 ipsi
2499 5709 2810 5767 tribuit.llic
2839 5713 3052 5782 quidem
3087 5713 3347 5784 speciem,
3389 5708 3494 5760 illic
3517 5718 3639 5757 vero
