3884 6204
235 370 338 434 853

247 478 437 547 ’Δδρᾶς
469 473 757 547 μετασχὼν
795 474 891 544 τῆς
923 474 1176 528 ἀνουσίου
1204 473 1434 542 πλάνης,

238 570 344 622 Καὶ
379 569 478 637 τῆς
501 566 769 634 ταπεινῆς
799 564 1058 629 ἐσπακὼς
1090 566 1231 633 ἄγαν
1279 565 1454 629 Ῥέας,

235 658 338 711 Καὶ
367 657 474 726 γάρ
504 656 802 727 καταρρεῖν
834 658 933 720 τάς
963 656 1264 725 ὑφειμένας
1289 656 1438 722 λέγει

245 750 338 802 Ἐκ
369 749 471 818 τῆς
505 748 736 820 ῥεούσης
760 747 1011 819 οὐδαμῶς
1040 748 1316 815 ἐξουσίας,

239 843 341 904 Ἀς
384 839 652 911 οὐσιώδης
688 843 781 894 τοῦ
821 841 956 894 Θεοῦ
993 841 1191 912 μοίρας
1213 842 1388 914 λέγει,

244 930 505 1001 Ἐπείπερ
538 931 638 984 οὐκ
671 930 864 984 ἄποιον
895 931 1080 985 οὐσίαν
1104 933 1253 1002 ἄγει,

231 1022 354 1076 Ηύδ’
379 1021 500 1076 αὖτ’
526 1023 724 1094 ὲνεργῆ
756 1023 856 1093 τὴν
879 1023 1196 1096 ὑπερτάτην
1230 1024 1415 1093 φύσιν.

238 1114 300 1167 '0
327 1114 372 1168 δ’
400 1114 563 1178 αὐτὸς
579 1116 742 1169 αὐτὸν
769 1117 1018 1185 ἐκφανῶς
1039 1116 1180 1171 οὕτω
1206 1120 1458 1188 γράφων,

238 1207 530 1260 Ἀκτιστον
557 1207 633 1270 ὡς
659 1207 705 1261 δ’
727 1208 964 1279 ἄναρχον
986 1208 1275 1278 ἀνθρώπου
1306 1210 1528 1278 σπόρον,

233 1296 338 1348 Καῖ
363 1296 586 1365 σπέρμα
621 1298 833 1361 νυκτὶς,
870 1299 962 1352 καὶ
997 1300 1206 1370 φθορᾶς
1237 1299 1396 1369 ἔργον
1426 1299 1608 1368 φύσει,

237 1388 346 1439 Καὶ
381 1387 587 1457 βρῶσιν
626 1391 854 1461 οἰκτρὰν
883 1390 993 1445 τῶν
1030 1392 1262 1446 ὀδόντων
1292 1390 1388 1444 τοῦ
1416 1392 1612 1463 χρόνου

236 1481 296 1532 El
328 1481 439 1532 κάκ
470 1479 673 1550 μέρους
707 1481 910 1552 ἔσχηκε
942 1481 1016 1554 μὴ
1045 1482 1388 1553 τεθνηκέναι,

236 1571 352 1624 Κᾶν
388 1570 657 1644 ἐξαναστῇ
695 1574 789 1626 καὶ
815 1573 873 1626 τὸ
904 1573 1000 1628 νῦν
1034 1575 1314 1648 διαρρέον,

231 1663 344 1730 Τῆς
373 1662 607 1732 ἐσχάτης
637 1663 936 1733 σάλπιγγος
962 1667 1375 1738 ἐκκαλουμένης

229 1751 434 1805 Τοῦτον
467 1752 551 1815 τίς
595 1751 767 1806 εἰπὼν
797 1755 996 1824 εὐσεϐῆ
1029 1758 1234 1826 φρένας
1274 1761 1463 1831 φέρει;

229 1842 350 1895 Οὐκ
382 1842 500 1895 ἐστι
537 1843 716 1908 τοῦτο,
749 1845 865 1909 πῶς
896 1849 1006 1918 γὰρ
1036 1851 1133 1902 οὐκ
1166 1850 1282 1904 ἔστι
1315 1871 1328 1918 ;
1366 1855 1566 1922 πόθεν;

230 1932 390 1985 Οὕτω
420 1933 690 2002 κατῆλθεν
724 1936 806 1998 είς
834 1937 893 1988 τὸ
937 1939 1050 1992 πᾶν
1080 1941 1254 1994 κακοῦ
1289 1941 1472 2011 βάθος.

233 2019 353 2074 Εἶθ’
380 2022 408 2072 δ
445 2024 718 2094 φρονήσας
762 2025 860 2096 οὐχ
889 2027 1181 2098 ἁμαρτεῖν,
1212 2032 1307 2084 καὶ
1337 2033 1576 2104 φράσας,

233 2114 372 2168 Θεὸν
401 2115 531 2185 παρ’
566 2117 714 2187 αὐτῷ
742 2120 1119 2192 προσκυνητδν
1147 2123 1246 2176 οὐκ
1275 2123 1412 2194 ἔχει,

245 2207 337 2268 Ὠς
374 2209 442 2261 ἂν
470 2207 530 2261 τὸ
557 2209 786 2280 βροντῆς
810 2211 1045 2282 ἐκραγὲν
1078 2214 1228 2284 ῥῆμα
1256 2218 1484 2285 φράσαι,

233 2300 430 2352 Καίτοι
461 2303 755 2373 καταρρεῖν
784 2321 918 2375 φησι
954 2306 1054 2368 τὰς
1093 2306 1396 2378 ὑφειμέναις

247 2387 486 2459 Ἀνδρῶν
513 2390 765 2462 θεαυγῶν
799 2395 848 2447 οἱ
885 2395 1144 2466 θεηγόροι
1182 2399 1354 2468 λόγοι,

243 2478 335 2543 Ὠς
373 2484 469 2533 καὶ
502 2482 771 2551 μεθεκτὰς
799 2486 860 2540 οὐ
885 2488 976 2540 τὸν
1007 2490 1172 2544 αὐτόν
1201 2508 1263 2559 γε
1292 2493 1513 2562 τρόπον,

235 2572 446 2641 Ὀνπερ
470 2575 740 2645 μεθεκτήν
766 2595 899 2646 φασι
929 2578 1028 2650 τὴν
1064 2581 1289 2651 πρώτην
1322 2583 1508 2651 φύσιν,

234 2655 436 2734 Τὴνόὐ
481 2666 774 2739 μεθεκτὴν,
805 2671 936 2735 τοὺς
960 2671 1289 2743 ὐφειμένους
1323 2675 1582 2746 τρόπους.

247 2755 387 2807 Ἀλλ’
409 2755 502 2809 οὖν
531 2759 763 2829 γενητάς
791 2779 922 2831 φασι
949 2765 1056 2818 τῶν
1087 2765 1276 2837 δώρων
1307 2767 1502 2832 δόσεις.

249 2846 390 2898 Ἀλλ’
427 2849 549 2919 οὐχὶ
575 2849 858 2920 θειότητας
891 2858 1208 2921 ἀκτίστους.
1233 2861 1400 2913 Πόθεν
1425 2878 1439 2927 ;

237 2939 316 3000 ρύ
343 2939 453 3010 γάρ
482 2943 698 3013 κινητὸν
734 2946 809 3017 μὴ
849 2949 1050 3018 γενητὴ
1089 2949 1323 3020 θειότης.

238 3031 347 3085 Ποῦ
371 3032 481 3104 γὰρ
513 3037 708 3108 κινηθῇ
740 3053 755 3103 ;
791 3039 893 3093 ποῦ
924 3041 1037 3112 γὰρ
1072 3043 1308 3097 οὐκέστι
1347 3063 1359 3108 ;
1410 3047 1650 3117 Φράσον.

237 3121 365 3175 Οὐδ’
392 3124 474 3188 είς
509 3125 629 3195 ἷσην
656 3128 944 3199 ἄνθρωπος
976 3131 1134 3197 ἀξίαν
1168 3134 1364 3202 φθάνει

239 3214 330 3285 Τῷ
358 3215 704 3291 δημιουργῷ,
747 3223 844 3275 καὶ
871 3225 1144 3297 παναιτίῳ
1174 3227 1386 3297 κράτει,

237 3406 534 3459 essentiam
567 3407 715 3470 dicit,
750 3409 878 3462 illud
907 3411 1125 3480 quidem
1152 3413 1338 3480 vitam,
1371 3416 1520 3475 istud
1561 3435 1692 3476 vero
1737 3435 1821 3476 es-

239 3497 434 3551 sentia:
462 3499 737 3565 virtutem,
761 3509 814 3554 et
847 3503 1065 3558 aliunde
1095 3505 1382 3564 scientiam
1410 3512 1821 3584 sapientemque

239 3588 333 3644 Dei
382 3591 702 3659 potentiam,
728 3593 842 3650 sive
868 3595 972 3650 alia
998 3612 1228 3669 quaeque
1262 3599 1353 3656 Dei
1385 3604 1649 3660 attributa
1681 3620 1813 3676 pro-

241 3678 448 3746 ferens,
485 3695 581 3750 per
619 3681 912 3752 inmquales
937 3687 1139 3755 gradus
1167 3688 1515 3747 Divinitatem
1544 3704 1818 3760 recenset,

239 3775 619 3840 promiscuum
669 3776 895 3831 deorum
945 3794 1142 3848 genus,
1180 3791 1237 3835 ut
1269 3798 1436 3854 supra
1473 3785 1608 3852 dixi,
1644 3787 1816 3856 parti-

245 3873 387 3932 tum,
417 3881 525 3921 non
559 3869 836 3936 partitum,
861 3886 1024 3940 Opus,
1050 3875 1385 3942 operarium,
1415 3877 1650 3944 visibile,
1680 3878 1823 3933 invi-

249 3954 424 4019 sibile,
464 3971 529 4011 ac
555 3957 752 4012 deinde
788 3973 1179 4020 concurrentes
1248 3965 1411 4020 etiam
1482 3967 1819 4034 fundatores,

255 4055 652 4102 attenuatorum
716 4065 941 4120 quoque
1001 4069 1230 4111 numero
1286 4058 1468 4126 magni
1532 4057 1623 4114 Dei
1686 4076 1822 4130 prae-

257 4137 565 4191 stantiorem
631 4147 880 4194 naturam
932 4143 1156 4210 prabet,
1221 4154 1276 4199 et
1335 4145 1450 4202 haec
1517 4149 1819 4219 orbemque

263 4233 420 4278 totum
448 4229 664 4295 partim,
692 4231 1071 4298 praestantiora
1110 4234 1334 4305 insuper
1359 4237 1454 4291 Dei
1485 4253 1645 4306 opera
1674 4239 1823 4310 (heu,

260 4312 614 4371 lzttncmtbilis
653 4316 865 4387 error!)
908 4318 960 4372 in
1001 4327 1080 4374 tot
1109 4329 1162 4374 et
1194 4331 1371 4378 tantos
1417 4323 1643 4395 abyssos
1695 4343 1818 4395 gur-

260 4404 493 4472 gitesque
541 4405 833 4464 demersit!
883 4409 1059 4465 virum
1111 4425 1170 4466 se
1219 4410 1409 4468 natura
1468 4415 1612 4470 haud
1648 4416 1824 4470 imbe-

1393 363 1439 421 G
1454 363 1718 424 ΠΕΟοΗ
1733 363 1842 422 UM
1881 361 2356 422 SENTENTL‘E.

1835 486 1879 533 Α
1915 469 2032 523 Κᾶν
2060 472 2090 536 ὴ
2115 470 2350 538 Παλαμᾶ
2378 470 2787 541 δυσσεόεστάτη
2821 469 2995 539 πλάνη

1912 562 2162 615 Μανείσα
2195 561 2383 625 δεινῶς
2408 562 2529 616 οὐδὲ
2558 562 2704 615 τοῦθ’
2737 563 3036 631 ὑπεστάλη.

1916 655 2208 709 ’Λκτιστον
2243 654 2276 725 ἢ
2319 653 2434 723 φῶς
2469 671 2634 724 φησιν
2666 653 2727 706 οὐ
2753 653 2973 724 βλέπειν
3008 655 3202 725 μόνον,

1925 745 2064 798 Ἀλλ’
2094 745 2259 798 αὐτὸν
2291 741 2431 798 εἶναι
2464 746 2558 798 καὶ
2596 745 2728 799 Θεδν
2759 747 2913 814 παρὰ
2936 746 3136 802 κτίσιν.

1914 838 1976 889 Εἰ
1998 837 2042 889 δ’
2065 834 2132 890 αὖ
2164 839 2462 908 καταρρεῖν
2492 840 2646 906 φασὶ,
2670 838 2764 890 καὶ
2803 839 3017 908 χεῖσθαι
3041 839 3204 891 κάτω.

1913 927 2046 980 Θεοῦ
2079 927 2233 996 λόγον
2259 929 2592 998 πάνταρχον,
2618 929 2653 998 ἢ
2683 929 2900 1000 πνεῦμα
2933 930 3194 1000 κράτους,

1914 1021 1987 1073 Οὐ
2021 1020 2316 1090 προσφυῶς
2352 1021 2623 1088 λέγουσιν,
2648 1019 2768 1074 οὐδὲ
2804 1021 3034 1090 κυρίως.

1926 1114 2065 1166 Ἀλλ’
2086 1115 2162 1178 ὡς
2199 1115 2320 1179 ἔθος
2349 1115 2563 1186 ﬁxo-Juv
2604 1117 2735 1186 ἡμῖν
2763 1116 3060 1184 πανσόφως

1928 1210 2022 1263 Ἐκ
2077 1213 2187 1264 τῶν
2215 1211 2346 1282 παρ’
2373 1213 2506 1282 ἡμῖν
2537 1213 2630 1264 καὶ
2663 1210 2914 1281 γενητῶν
2954 1210 3305 1280 πραγμάτων

1915 1305 2036 1357 Τῶν
2071 1305 2132 1357 οὐ
2163 1305 2404 1376 γενητῶν
2430 1304 2741 1374 ἐξομιλοῦσι
2783 1306 2933 1377 πέρι.

1927 1393 2188 1462 Ἐπείπερ
2208 1393 2306 1446 οὐκ
2338 1389 2406 1463 ἦν
2439 1395 2692 1463 οὐδαμῶς
2715 1395 2890 1457 ἄλλως
2921 1397 3102 1465 λέγειν

1914 1483 2092 1553 Αὐτῆς
2122 1484 2340 1555 ἐκείνης
2364 1485 2460 1556 τῆς
2496 1484 2764 1556 θεαρχίας-
2783 1487 2939 1557 πέρι.

1917 1574 2094 1638 Ὀλως
2125 1576 2232 1645 γάρ
2260 1594 2426 1644 φασιν
2465 1577 2637 1646 αὐτὴν
2666 1577 3012 1650 ὲξῃρημένην

1917 1662 2122 1726 Εἰδους,
2157 1665 2326 1733 ἁφῆς,
2353 1666 2470 1729 νοῦ,
2508 1669 2996 1737 μυσταγωγοῦντος
3030 1669 3213 1735 λόγου,

1917 1753 1989 1806 Τὸ
2017 1753 2146 1822 γοῦν
2175 1756 2298 1808 καθ’
2327 1758 2496 1826 αὐτὴν
2517 1759 2566 1811 oi
2592 1760 2747 1828 σοφοὶ
2783 1761 3138 1829 μυστοπόλοι,

1844 1812 1886 1868 Β
1917 1844 2109 1898 Καίτοι
2138 1849 2392 1916 παρεῖναι
2419 1850 2696 1919 πανταχοῦ
2725 1851 2931 1921 ταύτην
2964 1853 3120 1920 λόγος

1915 1937 2030 1988 Οὐκ
2062 1938 2125 1989 ἐκ
2162 1938 2362 2009 μέρους
2387 1940 2678 2010 δήπουθεν,
2719 1943 2986 2013 ἀλλ’ὂλην
3025 1946 3190 2011 ὅλοις.

1821 2055 1824 2057 λ
1919 2027 2107 2092 Οὕτως
2134 2029 2598 2102 ὐπερθαόμαστον
2632 2035 2664 2103 ὴ
2700 2034 2821 2088 θεία
2848 2037 3035 2106 φύσις,

1917 2121 2028 2173 Καὶ
2058 2120 2218 2174 πάνθ’
2261 2121 2402 2194 ὑπὲρ
2436 2123 2584 2188 νοῦν,
2622 2127 2718 2180 καὶ
2748 2129 3035 2195 λογισμὸν,
3074 2129 3168 2184 καὶ
3197 2129 3378 2198 λόγον,

1917 2212 2136 2266 Μᾶλλον
2171 2218 2348 2287 σιωπῇ
2374 2215 2469 2279 τοῦ
2504 2217 2664 2285 λόγου
2695 2221 3007 2291 τιμωμένη,

1919 2304 1980 2357 Εἰ
2007 2307 2051 2358 δ’
2082 2305 2150 2360 αὖ
2172 2307 2324 2360 δοκεῖ
2353 2311 2497 2362 νοεῖν
2522 2327 2627 2374 τις,
2657 2312 2718 2365 οὐ
2747 2316 3038 2384 νοουμένη.

1919 2397 2124 2462 Γνῶσις
2151 2399 2259 2471 γὰρ
2293 2401 2463 2472 αὐτῆς
2509 2404 2660 2458 ἐστιν
2690 2405 2914 2471 ἀγνοίας
2941 2407 3122 2476 βάθος,

1926 2490 2027 2542 Ἢν
2059 2491 2320 2562 ἀκριϐοῦν
2359 2510 2444 2555 τις
2473 2493 2573 2564 τὴν
2603 2494 2861 2550 θεοπτίαν
2911 2496 3062 2568 θέλῃ.

1921 2579 1998 2633 Οὐ
2019 2579 2128 2650 γὰρ
2157 2581 2369 2635 δίδωσιν
2399 2582 2654 2652 οὐδαμῶς
2683 2584 2856 2649 οὕτως
2891 2585 3038 2656 ἴχνος

1934 2670 2022 2724 Ἐν
2041 2671 2118 2741 τῷ
2147 2673 2490 2745 νοεῖσθαιπῷ
2518 2677 2660 2729 νοεῖν
2693 2679 3039 2749 πειρωμένῳ.

1931 2761 1992 2814 '0
2024 2761 2117 2816 νῦν
2163 2761 2219 2815 δὲ
2245 2764 2454 2830 καινὸς,
2484 2767 2578 2819 καὶ
2613 2766 2769 2829 κενὸς
2806 2767 3070 2838 θεηγόρος

1934 2855 2028 2906 Ἐκ
2059 2855 2168 2908 τῶν
2204 2856 2323 2909 κατ’
2351 2857 2522 2928 αὐτὴν
2560 2859 2725 2929 φησὶν
2753 2861 2926 2931 αὐτὴν
2957 2862 3156 2916 εἰδέναι

1923 2945 2044 2998 Τῶν
2072 2946 2371 3012 οὐσιωδῶν,
2397 2949 2471 3013 ὡς
2498 2951 2871 3022 ὑπερκόμπως
2899 2953 3073 3022 λέγει,

1921 3037 2003 3091 Τὰ
2027 3038 2137 3108 γάρ
2169 3040 2290 3093 κατ’
2317 3041 2512 3110 αὐτὴν,
2543 3043 2659 3111 εἴγε
2684 3045 2844 3098 ταυτί
2869 3064 2960 3115 μοι
2992 3047 3179 3119 λέγῃς,

1848 3162 1892 3222 C
1924 3130 1991 3182 Τί
2017 3130 2169 3184 ταῦτ’
2200 3133 2344 3200 ἐρεῖς
2369 3150 2451 3197 τε,
2489 3136 2586 3188 καὶ
2620 3138 3255 3207 προσείποιςγ-γεννάδα,

1924 3221 2140 3287 Ταύτας
2161 3223 2207 3277 δ’
2245 3223 2524 3294 ὑφεῖσθαι,
2553 3227 2646 3280 καὶ
2671 3230 2971 3300 καταρρεῖν
3002 3232 3230 3302 κυρίως,

1920 3414 2028 3461 tem
2066 3405 2292 3461 minime
2323 3407 2546 3464 tribuat.
2581 3409 2682 3465 Hic
2715 3425 2866 3475 vero,
2900 3411 3016 3479 ipse
3049 3411 3286 3483 seipsum
3313 3425 3500 3484 aperte

1921 3499 2080 3553 talem
2111 3499 2440 3567 praedicans,
2473 3499 2774 3556 increatum
2815 3502 3038 3572 quidem
3079 3518 3144 3559 ac
3175 3505 3342 3560 veluti
3375 3507 3494 3574 pri-

1921 3605 2066 3644 mam
2103 3589 2342 3646 hominis
2372 3599 2668 3645 scmentem
2694 3608 2709 3658 ;
2741 3599 2796 3647 et
2819 3592 2995 3648 noctis
3025 3592 3173 3658 fons,
3225 3602 3280 3648 et
3308 3595 3497 3649 mortis

1923 3693 2059 3750 opus
2109 3690 2335 3748 naturae,
2380 3690 2434 3736 et
2459 3681 2614 3736 triste
2663 3682 2920 3751 pabulum
2994 3684 3253 3752 temporis
3310 3684 3498 3740 edacis

1922 3772 2177 3827 dentibus
2208 3771 2441 3836 videtur,
2491 3772 2589 3826 etsi
2633 3771 3066 3828 immortalitatis
3101 3775 3304 3829 donum
3339 3776 3500 3829 sorti-
3541 3821 3556 3831 κ

1926 3871 2010 3916 tus
2048 3863 2142 3928 sit,
2190 3863 2293 3918 etsi
2341 3861 2625 3930 superbire
2672 3863 2868 3918 audeat
2921 3879 3047 3918 mox
3093 3864 3501 3928 dissolvendus,

1926 3951 2114 4006 ultima
2143 3961 2368 4007 vocante
2396 3953 2548 4007 tuba.
2585 3952 2717 4019 Quis
2749 3954 2876 4007 talia
2910 3954 3098 4009 dicens
3126 3964 3275 4010 recte
3301 3969 3500 4024 sapere

1922 4043 2207 4098 videatur?
2256 4041 2447 4098 Nonne
2507 4044 2579 4098 ita
2611 4044 2726 4099 haec
2755 4043 2778 4097 ?
2812 4044 2992 4112 Quare
3041 4061 3148 4099 non
3197 4045 3308 4100 ita?
3351 4045 3502 4112 Quo-

1925 4135 2128 4190 modo?
2157 4135 2228 4190 Ita
2257 4144 2577 4190 cunctorum
2607 4135 2872 4190 malorum
2902 4137 2954 4190 in
2984 4137 3315 4206 profundum
3341 4139 3528 4206 deret.

1925 4229 2039 4294 nit;
2074 4228 2204 4294 imo,
2231 4242 2289 4282 se
2319 4245 2426 4284 non
2463 4244 2689 4297 peccare
2721 4239 2925 4298 putans
2955 4245 3020 4284 ac
3064 4230 3272 4294 dicens,
3328 4231 3504 4284 Deum.

1925 4332 1955 4373 a
1989 4333 2048 4374 se
2080 4319 2299 4373 adorari
2348 4319 2575 4375 minime
2621 4318 2887 4389 indigere,
2939 4320 3178 4375 tonitrua
3210 4335 3343 4376 voce
3389 4325 3502 4376 cla-

1927 4409 2122 4465 mitare
2171 4425 2340 4468 ausus
2383 4421 2487 4466 est.
2533 4410 2788 4467 Attamen
2851 4411 3054 4468 divinis
3106 4412 3507 4482 inspiratorurn.

260 4495 425 4551 cillcm
471 4510 691 4568 putans,
727 4515 896 4570 seque
920 4501 1033 4572 jam
1073 4518 1237 4572 supra
1273 4505 1496 4560 modum
1524 4507 1818 4574 extollens,
1848 4495 1900 4557 D
1927 4503 2208 4558 hominum
2233 4503 2577 4559 sermonibus
2596 4503 2828 4558 humiles
2852 4504 3045 4573 spiritu
3080 4504 3328 4559 madidos
3346 4506 3510 4568 dicit,

261 4590 457 4657 majora
521 4591 589 4646 de
619 4607 677 4647 se
727 4593 990 4657 sentiens,
1042 4608 1166 4664 quae
1211 4609 1278 4649 ex
1328 4594 1444 4666 ipso
1473 4607 1682 4666 patent,
1727 4615 1825 4654 nec

259 4679 392 4736 intra
424 4684 636 4754 regulas
668 4685 910 4740 inclusus
936 4700 1185 4752 manens,
1218 4687 1440 4757 quibus,
1489 4689 1582 4744 Dei
1612 4691 1827 4761 placitis

258 4791 443 4829 omnes
493 4776 823 4847 diriguntur.
858 4775 950 4832 Sic
994 4779 1193 4832 mentis
1241 4794 1394 4834 error
1441 4789 1600 4836 extra
1635 4783 1826 4837 modos

258 4869 514 4936 rogitare,
581 4883 644 4922 ac
703 4867 876 4923 Nosce
931 4871 1162 4940 teipsum
1211 4886 1316 4925 non
1377 4873 1613 4942 amplius
1664 4876 1828 4929 corde

258 4961 582 5028 n-cogitare,
631 4961 797 5024 unde,
848 4977 944 5030 per
987 4961 1254 5015 infinitam
1315 4963 1582 5016 malorum
1625 4965 1824 5019 seriem

254 5051 528 5121 dclzpslls,
575 5066 634 5106 se
665 5067 764 5106 nec
799 5062 1067 5116 creatum,
1118 5069 1218 5109 nec
1266 5054 1484 5109 initium
1534 5056 1826 5112 habentem

249 5144 423 5206 dicit,
473 5143 616 5211 quod
665 5159 796 5198 sane
852 5145 949 5198 soli
1001 5146 1482 5215 superspiritualcs
1538 5149 1822 5204 auderent.

248 5234 372 5304 Ipse
412 5250 542 5287 vero
564 5235 786 5289 Palama
817 5236 898 5288 vir
927 5238 1175 5291 mortalis
1207 5239 1452 5308 quidem,
1483 5241 1696 5295 tametsi
1729 5257 1827 5294 no-

248 5329 333 5394 lit,
397 5327 548 5396 iznpii
623 5327 828 5382 erroris
879 5329 1150 5398 particeps
1220 5329 1464 5396 eﬂectus,
1507 5346 1615 5401 quo
1666 5333 1829 5388 mise-

246 5419 479 5471 randam
525 5418 665 5471 hanc
705 5428 906 5471 terram
949 5417 1058 5472 late
1098 5418 1320 5487 premit,
1363 5418 1408 5472 si
1471 5419 1688 5488 quidem
1743 5419 1828 5473 in-

247 5513 480 5565 ft'ritlt'eb
515 5525 773 5580 personas
802 5527 867 5564 ex
898 5511 1262 5572 emanatione,
1323 5511 1545 5566 minime
1587 5527 1717 5566 vero
1762 5528 1828 5567 ex

247 5605 578 5668 Substantia,
613 5605 902 5672 procedere
925 5603 1078 5668 dicit,
1113 5618 1252 5671 quas
1302 5611 1480 5656 tamen
1509 5604 1828 5658 essentiales

252 5695 343 5750 Dei
402 5703 582 5763 partes
621 5695 929 5760 comitetur,
976 5695 1187 5748 tametsi
1224 5694 1419 5747 harum
1466 5695 1825 5748 substantiam

255 5787 572 5842 scnsibilcm
615 5787 798 5844 ducat.
830 5787 1068 5848 ipsisque
1099 5801 1366 5852 supretna.‘
1402 5795 1606 5840 natura:
1657 5789 1826 5842 virtu-

1927 4605 1980 4649 et
2012 4595 2203 4650 horum
2235 4597 2396 4650 etiam
2425 4596 2717 4665 participes
2749 4595 2884 4658 ﬁeri,
2910 4596 3134 4651 minime
3155 4613 3282 4651 vero
3311 4599 3512 4652 eodem

1929 4686 2089 4740 modo
2121 4670 2231 4754 quo
2265 4686 2497 4754 primam
2531 4695 2786 4740 naturam
2818 4685 3138 4754 participem
3170 4685 3395 4752 dicunt;
3439 4701 3508 4740 ea

1928 4776 2073 4832 enim
2109 4776 2332 4830 minime
2359 4776 2632 4845 particeps
2662 4777 2842 4846 quoad
2891 4776 3126 4830 humiles
3162 4787 3372 4846 partes.
3399 4778 3496 4831 Sin

1929 4877 2109 4921 autem
2165 4866 2462 4936 gratiarum
2526 4866 2667 4919 dona
2710 4877 2964 4934 generata
3023 4867 3226 4931 dicunt,
3281 4867 3506 4920 minime

1930 4973 2054 5011 vero
2085 4957 2380 5011 increatam
2415 4958 2698 5012 Deitatem.
2744 4958 2961 5023 Quare?
2999 4958 3226 5013 lmmota
3266 4975 3513 5028 namque

1929 5062 2202 5122 permanet
2234 5068 2340 5106 non
2377 5065 2636 5123 generata
2675 5051 2875 5107 Deitas.
2923 5051 3042 5119 Quo
3075 5054 3220 5108 enim
3256 5068 3501 5108 movere-

1932 5145 2059 5199 tur?
2093 5144 2322 5200 Ubinam
2357 5145 2534 5198 absit?
2561 5145 2822 5215 Loquere.
2857 5144 2975 5199 Non
3009 5145 3198 5200 eadem
3232 5160 3366 5199 sane
3411 5144 3498 5196 di-

1930 5234 2136 5304 gnitate
2185 5242 2406 5303 prmstat
2459 5231 2644 5296 homo,
2714 5248 2822 5301 qua
2875 5243 3090 5287 creator
3153 5248 3215 5286 ac
3255 5230 3512 5284 omnium
3591 5302 3603 5310 ἒ

1931 5324 2212 5380 fundatrix
2247 5325 2512 5394 potentia,
2564 5323 2666 5378 etsi
2695 5321 2926 5378 Palamte
2953 5321 3372 5378 scelestissimus
3399 5334 3490 5373 er-

1933 5433 2042 5480 ror,
2094 5417 2263 5471 rabici
2314 5416 2490 5485 impar
2546 5414 2672 5468 illud
2735 5429 2983 5470 asserere
3036 5429 3142 5467 non
3201 5410 3513 5464 erubuerit..

1931 5509 2232 5564 lucrcatum
2257 5507 2401 5560 enim
2428 5507 2604 5559 lumen
2638 5521 2744 5559 non
2774 5514 2982 5558 tantum
3009 5518 3066 5558 se
3089 5517 3310 5556 cernere
3344 5503 3508 5568 dicit,

1933 5601 2027 5657 sed
2079 5600 2240 5655 etiam
2296 5599 2469 5670 ipsum
2501 5611 2619 5652 esse
2661 5607 2713 5651 et
2768 5597 2931 5650 Deum
2963 5597 3115 5664 juxta
3159 5603 3457 5647 creaturam
3485 5611 3516 5659 ;_

1934 5693 1976 5747 si
2015 5691 2231 5744 aliunde
2287 5689 2602 5757 procedere,
2633 5686 2887 5755 infraque
2911 5684 3148 5737 deﬂuere
3193 5683 3378 5738 dicunt
3410 5684 3502 5737 Dei

1936 5784 2179 5852 verbum,
2218 5795 2533 5852 supremum
2570 5778 2880 5845 Dominum,
2919 5779 3032 5834 sive
3080 5777 3302 5832 virtutis
3334 5777 3497 5846 spiri-
