3956 6194
465 367 574 430 855

469 480 578 532 Καὶ
604 478 764 532 πάντ’
803 480 1068 549 ἐνεργεῖν,
1107 481 1183 540 ὡς
1218 480 1490 548 μεθεκτάς
1523 483 1635 546 τοῖς
1675 483 1828 536 κάτω

469 570 674 639 Ἔθηκε
703 571 984 640 θειότητας
1013 574 1072 624 εν
1105 561 1298 642 πλῆθει
1337 571 1533 642 λέγων,

469 660 622 724 Ἴσας
648 663 768 716 κατ’
784 663 938 716 οὐδὲν
963 653 1026 735 τῇ
1051 659 1320 736 παναιτίῳ
1350 668 1535 735 φύσει,

478 749 793 821 Ἀπειράκις
822 750 868 804 δ’
900 751 1130 824 ἄπειρον
1165 746 1576 824 ἠλαττωμένας,

464 841 592 904 Τοῖς
618 843 879 912 κτίσμασι
917 838 974 898 δέ
1005 848 1441 918 συντεταγμένας
1467 850 1639 904 κάτω.

466 933 644 1012 (Οὕτω
668 935 777 1004 γάρ
815 934 907 989 οῦν
932 934 1156 991 ὕπεστιν
1179 937 1338 1010 ἔργρν
1367 941 1600 1012 ἐργάτῃ,

463 1011 574 1076 Καὶ
600 1025 686 1093 ρεῖ
709 1025 844 1096 παρ’
873 1027 1021 1097 ἡμᾶς
1041 1023 1104 1081 ού
1135 1029 1302 1097 ρυτῆς
1336 1011 1605 1094 ἐξουσίας.

464 1114 540 1168 υύ
571 1115 684 1186 γάρ
715 1121 972 1188 παρεῖναι
1000 1120 1275 1191 πανταχοῦ
1295 1121 1384 1174 τὸν
1414 1123 1673 1192 ἠρμένον,

469 1207 567 1268 Ὃς
587 1208 766 1262 πάντα
793 1210 1038 1280 πληροῦν
1076 1215 1350 1284 μαρτυρεῖ
1379 1215 1500 1268 κατ’
1523 1211 1732 1269 οὐσίαν.

462 1297 586 1351 Οὐδ’
609 1301 953 1367 ἐγκατοικεῖν
989 1303 1103 1369 τοῖς
1138 1305 1450 1377 θεουμένοις
1481 1309 1624 1373 ὅλον,

461 1387 594 1442 Θεὸν
620 1389 763 1454 θεοῖς
790 1394 1069 1462 ἄκτιστον,
1086 1397 1204 1451 ἀλλ’
1227 1398 1591 1468 ὲκτισμένοις.

473 1479 616 1532 Ἀλλ’
660 1481 777 1536 ἀντ’
794 1485 1002 1540 ἐκείνου
1033 1489 1156 1552 τοὺς
1188 1489 1514 1560 ὖφειμένους
1554 1493 1748 1564 ὄχλους

459 1569 615 1632 Θεοῖς
651 1573 905 1644 ἁνάρχοις
931 1575 1066 1648 ἔργα
1087 1577 1180 1632 τοῦ
1203 1583 1643 1653 πρωτεργάτου.)

461 1658 618 1714 Οῦτω
635 1662 690 1715 δέ
717 1667 976 1738 παμπόνη
987 1669 1076 1738 ρόν
1103 1671 1254 1725 ἐστιν
1279 1674 1310 1742 ἡ
1342 1675 1544 1744 πλάνη,

476 1753 566 1816 Ὠς
595 1754 768 1808 ταῦτα
801 1759 1151 1828 κηρύττουσα
1177 1763 1448 1834 λαμπρῶς
1478 1769 1535 1821 ἐν
1557 1768 1763 1837 λόγοις,

459 1842 571 1897 Καὶ
613 1848 782 1900 πᾶσιν
810 1849 1095 1918 ἐξάγιστος
1128 1855 1542 1928 ἐκφωνουμένη,

459 1936 628 1998 Δίκας
660 1953 718 1988 τε
752 1937 815 2006 δὴ
837 1939 1033 1994 τίσασα
1067 1942 1351 2015 λαμπράς,
1376 1941 1459 2011 οἷς
1493 1949 1625 2014 ἔδει,

459 2024 646 2094 Τομὴν
675 2027 769 2080 ἀπ’
808 2030 983 2102 αὐτῆς
1007 2033 1103 2103 τῆς
1127 2035 1296 2106 ἁγνῆς
1319 2037 1672 2111 Ἐκκλησίας,

457 2115 554 2178 Εἰς
577 2117 752 2190 ἥνπερ
780 2122 1014 2194 ἠσέϐησε
1031 2125 1316 2197 δογμάτων
1351 2129 1529 2202 ὕϐρει,

458 2207 876 2278 Σπουδαστικῶς
914 2216 1115 2288 ἔσχηκε
1147 2219 1241 2274 τοῦ
1270 2225 1578 2296 λεληθέναι,

460 2296 734 2358 ’Υπουλον
759 2301 834 2366 ὡς
864 2305 1098 2376 νόσημα,
1128 2311 1224 2363 καλ⁷
1252 2305 1588 2384 χαμαιλέων.

459 2388 670 2480 ρύκοῦν
696 2393 825 2448 ὅταν
853 2397 953 2467 μὲν
983 2401 1084 2465 τὰς
1113 2403 1427 2473 ἁλωσίμους
1461 2409 1570 2480 ἴδῃ,

457 2472 662 2535 Ἷιττον
690 2485 953 2542 καλύπτει
985 2492 1082 2564 τὴν
1123 2472 1460 2554 πολύπλοκον
1485 2472 1697 2574 πλάνην

459 2573 630 2630 Ὅταν
656 2578 712 2631 δέ
743 2581 868 2645 τοὺς
895 2585 1104 2653 εἴδησιν
1130 2589 1566 2660 ἠκριϐωμένους.

459 2664 590 2720 Οὐδ’
604 2671 909 2738 εὐαλώτους
937 2679 1049 2741 τοῖς
1086 2685 1472 2752 προκειμένοις
1512 2686 1752 2759 βρόχοις,

457 2758 712 2816 Μάλιστα
737 2766 1002 2836 κρύπτειν
1044 2769 1356 2842 μηχανᾶται
1381 2777 1479 2848 τὴν
1526 2758 1762 2848 πλάνην,

471 2850 832 2940 ζΔρνούμενος
855 2858 958 2926 μὲν
988 2860 1090 2924 τὰς
1111 2859 1415 2934 προδήλους
1442 2867 1713 2940 αἷρέσεις.

460 2934 560 2996 Ὧν
582 2941 632 2995 θ’
664 2948 712 2999 ol
733 2947 880 3016 λόγοι
911 2950 1171 3020 γέμουσιν
1195 2955 1377 3009 αὐτῶν
1409 2934 1692 3028 ῥημάτων,

460 3034 712 3101 Κύκλους
732 3039 788 3092 δέ
817 3041 1044 3109 πάντας,
1069 3043 1162 3099 καὶ
1185 3049 1553 3122 περιδρόμους
1579 3053 1735 3120 ὅλους

462 3125 746 3198 Στρέφων,
775 3131 1014 3189 ἐλαύνων
1039 3135 1175 3206 πρὸς
1205 3139 1295 3192 τὸν
1325 3142 1487 3195 αὐτόν
1511 3153 1575 3214 γε
1606 3146 1820 3219 βρόχον.

461 3322 603 3377 tum,
627 3329 728 3370 nec
765 3317 992 3373 omnino
1045 3329 1194 3376 recte
1238 3338 1338 3379 nee
1366 3306 1551 3383 stricte
1577 3326 1900 3398 loquuntur,
1935 3334 2030 3388 sed
2063 3341 2080 3350 ‘

461 3413 529 3455 ex
559 3402 794 3471 quadam
828 3407 970 3476 apud
1007 3423 1110 3464 nos
1137 3415 1552 3480 consuetudine,
1592 3431 1698 3486 qua
1735 3415 2032 3489 sapientis-

462 3491 625 3558 sime,
662 3497 874 3553 cunctis
921 3499 1125 3556 nostris
1145 3509 1202 3558 et
1223 3504 1441 3560 aliunde
1474 3508 1673 3566 creatis
1709 3513 1892 3576 rebus,
1924 3528 2028 3567 non

462 3591 645 3640 creata
697 3588 864 3644 etiam
904 3603 1155 3648 sermone
1185 3606 1511 3664 componere
1560 3595 1757 3656 solent.
1801 3601 1857 3657 Si
1912 3603 2032 3674 qui-

461 3680 609 3745 dem,
630 3681 696 3735 de
717 3681 820 3740 hac
843 3693 1099 3755 suprema
1121 3690 1404 3760 majestate
1435 3693 1584 3748 nullo
1607 3695 1716 3749 alio
1741 3695 1903 3752 modo
1930 3698 2032 3755 rite

461 3771 644 3829 dicere
665 3773 944 3833 Valeamns
973 3793 986 3833 :
1007 3778 1100 3844 ita,
1121 3782 1345 3836 ‘omnino
1369 3785 1571 3854 specie,
1599 3789 1763 3852 tactu,
1783 3799 2030 3858 aspectu,

349 3908 351 3910 .
462 3865 837 3937 sennonlsque
864 3869 1135 3935 doctrina,
1165 3879 1286 3928 eam
1340 3881 1525 3931 carere
1568 3865 1757 3932 dicunt
1816 3881 2032 3950 sapien-

465 3959 566 4022 tes,
598 3961 856 4028 mysteria
898 3959 966 4015 de
998 3973 1060 4016 ea
1093 3959 1426 4032 tractantes;
1474 3969 1538 4020 ac
1572 3973 1749 4021 tamen
1782 3981 1898 4022 eam
1934 3986 2033 4024 un-

461 4045 627 4117 dique
655 4049 1003 4108 sermonibus
1022 4063 1133 4108 non
1165 4063 1231 4109 ex
1259 4061 1415 4126 parte
1447 4057 1678 4125 tantum,
1712 4060 1804 4116 sed
1840 4069 2029 4127 totam,

462 4137 666 4208 ubique
717 4153 947 4210 praeesse
986 4142 1246 4200 fatentur.
1279 4145 1433 4200 Adeo
1471 4147 1628 4202 nobis
1655 4147 1902 4203 miranda
1937 4149 2029 4207 Dei

461 4237 658 4284 natura
709 4245 877 4302 supra
910 4244 1170 4300 mentem,
1231 4245 1286 4290 et
1319 4238 1698 4306 cogitationes,
1736 4243 1789 4294 et
1818 4255 2032 4296 sermo-

463 4336 586 4377 nem
616 4323 780 4390 elata,
814 4326 986 4394 magis
1012 4327 1230 4382 silentio
1259 4339 1423 4398 quam
1461 4345 1595 4386 voce
1617 4333 1838 4388 col-itur.
1871 4327 2030 4401 Quod

461 4414 506 4468 si
525 4429 644 4470 eam
663 4416 785 4485 quis
815 4416 1045 4472 scrutari
1071 4418 1339 4487 videatur,
1369 4420 1593 4491 intelligi
1627 4423 1832 4493 nequit,
1867 4423 2031 4499 bujus

1640 373 1739 431 DE
1778 374 2177 436 GREGORIO
2226 376 2527 436 PALAMA

2057 496 2100 549 Α
2134 488 2240 540 Καὶ
2267 485 2374 556 γὰρ
2410 485 2640 557 τελευτᾷ
2661 485 2799 556 πρὸς
2821 481 2958 539 θεῶν
2977 482 3146 553 δῆμον
3171 482 3349 546 πάλιν,

3529 319 3536 326 ι
3563 372 3656 436 856

2136 581 2244 633 Καὶ
2277 580 2455 634 πάντα
2487 578 2556 632 τὰ
2583 579 2736 651 πρὶν,
2759 579 2834 641 ὡς
2865 569 3022 648 έφην,
3056 577 3319 647 εἰρημένα
3343 591 3358 607 ο

2133 670 2352 726 Μᾶλλον
2380 670 2437 724 δὲ
2467 670 2546 739 τῷ
2575 673 2706 742 πρὶν
2742 670 2998 724 δυσσεϐεῖ
3019 669 3128 722 τῶν
3165 669 3440 737 δογμάτων

2135 763 2248 816 Ἀεὶ
2278 761 2436 833 κακῷ
2466 762 2673 832 πέφηνε
2709 763 2891 832 χεῖρον
2928 759 3275 831 συμπλέκων.

2137 854 2320 920 ’Λπαξ
2349 854 2459 926 γὰρ
2480 853 2535 908 εἰ
2561 871 2645 918 τις
2670 846 2989 924 ἐμπεσεῖται
3013 871 3115 908 που
3147 844 3373 924 πλάνης,

2134 946 2244 1018 οὓς
2270 945 2472 1016 φαῦλος
2495 946 2620 1011 νοῦς
2639 947 2838 1016 ἔφυσεν
2871 946 2930 1011 ἐξ
2953 945 3283 1015 οἰδημάτων,

2135 1041 2348 1112 Ὥσπερ
2377 1041 2675 1113 βαράθροις
2705 1043 2804 1094 οὐκ
2830 1039 3344 1108 ἐπισκοπουμένοις,

2132 1131 2224 1199 Τῷ
2245 1132 2353 1185 τῶν
2378 1131 2634 1187 ἁπάντων
2664 1120 2907 1201 ἀκριϐῶς
2943 1127 3255 1196 ἐπισκόπῳ,

2134 1223 2248 1276 Οὐκ
2275 1222 2423 1276 ἐστιν
2459 1221 2610 1294 αὐτῷ
2644 1219 2955 1295 τάσφαλοῦς
2988 1213 3162 1290 ἧφθαι
3196 1217 3379 1271 πάλιν.

2134 1315 2248 1370 Οὐκ
2275 1317 2464 1381 οὐσίας
2494 1315 2623 1387 γὰρ,
2657 1314 2772 1368 ἀλλ’
2816 1303 3099 1382 ἐνεργείας
3135 1308 3331 1378 λέγων,

2133 1409 2208 1462 Τὸ
2235 1409 2438 1479 πλῆθος
2459 1407 2625 1462 αὐτοῦ
2649 1399 2759 1459 τῶν
2788 1405 3098 1475 ύφειμένων
3129 1403 3289 1468 θεῶν,

2135 1501 2205 1552 Ἢ
2239 1498 2554 1569 θειοτήτωνο
2577 1497 2638 1550 οὐ
2663 1498 2772 1568 γὰρ
2809 1487 2972 1567 ἦττον
3005 1496 3039 1565 ἡ
3069 1494 3268 1565 πλάνη,

2134 1589 2308 1658 Χάριν
2345 1605 2428 1652 τε,
2453 1587 2548 1640 καὶ
2576 1579 2710 1658 φῶς.
2762 1585 2858 1640 καὶ
2886 1584 3245 1655 χαρισμάτων
3274 1581 3426 1652 γένη,

2135 1679 2342 1732 Γνῶσιν
2365 1678 2523 1745 Θεοῦ,
2555 1678 2856 1748 μόρφωσιν,
2889 1675 3066 1745 ἰσχὺν,
3095 1672 3172 1735 ὡς
3193 1671 3350 1743 ἔφην,

2143 1763 2344 1824 Ἦττον
2375 1769 2586 1838 νομίζει
2625 1769 2907 1821 δυσσεϐεῖν
2944 1769 2970 1820 ὁ
3002 1765 3286 1835 γεννάδας,

2062 1855 2103 1908 Β
2133 1863 2298 1917 Πάλιν
2326 1860 2578 1924 συνιστὰς
2607 1859 2833 1930 πλῆθος,
2852 1859 2928 1923 ὡς
2958 1851 3216 1928 προῦφην
3241 1855 3372 1920 ἄνω,

2141 1952 2469 2021 Ἑλληνικῶν
2498 1969 2577 2006 τοι
2599 1950 3190 2022 δεισιδαιμονημάτων.

2129 2044 2257 2096 Δέον
2287 2043 2395 2113 γὰρ
2417 2043 2496 2106 εἰς
2531 2038 2588 2096 ἓν
2622 2039 2862 2110 τάγαθὸν
2894 2042 3055 2111 μόνον
3079 2040 3323 2111 βλέπειν,

2129 2134 2472 2204 Τριλαμπές,
2500 2132 2727 2198 ἁπλοῦν,
2759 2135 2821 2188 οὐ
2852 2133 3136 2203 μεριστὸν,
3165 2133 3226 2186 οὐ
3262 2131 3458 2202 μίγμα,

2129 2227 2264 2282 υύδέ
2297 2225 2630 2297 σταθμητδν,
2661 2225 2722 2278 οὗ
2763 2221 3029 2295 μετρητὸν
3065 2222 3350 2293 βαθμίσιν,

2130 2320 2256 2373 Οὖτ⁹
2286 2319 2452 2384 ἔνδον,
2477 2317 2590 2372 οὔτ’
2622 2313 2822 2383 ἐξωθεν
2853 2316 3258 2388 ἐξηρτημένον,

2142 2409 2466 2480 Ἀνωμάλων
2496 2409 2775 2479 άθροισμα
2803 2408 3108 2478 τμημάτων
3148 2405 3335 2477 πέριξ,

2131 2503 2205 2556 Οὐ
2244 2502 2557 2572 θειοτήτων,
2589 2502 2651 2554 οὐ
2691 2499 2848 2565 θεῶν,
2875 2503 2933 2552 ού
2967 2499 3303 2570 συνδρόμων.

2131 2597 2245 2650 Οὐκ
2275 2593 2570 2660 ούσιωδῶν,
2595 2594 2695 2647 οὐκ
2728 2591 2997 2648 ἀνουσίων
3031 2591 3216 2661 ὄχλον,

2132 2685 2254 2739 Οὐδ’
2283 2685 2556 2748 ὡντινοῦν,
2589 2685 2665 2747 ὡς
2683 2685 2828 2740 ἅπαν
2859 2685 3037 2738 εἰπεῖν
3060 2684 3216 2748 ἔπος,

2133 2777 2344 2847 Ὥσπερ
2366 2775 2794 2830 πεπαιδεύκασιν
2832 2775 2981 2847 ἡμᾶς
3002 2765 3053 2828 οἰ
3089 2775 3262 2830 πάλαι

2133 2869 2360 2940 ’Ἄνδρες
2394 2868 2594 2939 θεωροὶ
2616 2869 2723 2923 τῶν
2758 2868 2974 2938 ἀληθῶν
2997 2868 3328 2938 δογμάτων·

2142 2961 2202 3016 '0
2241 2961 2287 3015 δ’
2319 2962 2402 3025 εἰς
2430 2961 2750 3016 ἐναντίωσιν
2780 2953 3146 3032 ἐξηνεγμένος

2131 3052 2350 3106 Τούτων
2372 3053 2588 3122 ὁρᾶται,
2611 3052 2705 3106 καὶ
2732 3053 3080 3122 σαφεστάτην
3111 3053 3318 3124 μάχην,

2054 3178 2098 3236 C
2127 3143 2412 3215 Μερισμδν
2438 3146 2517 3207 εἰς
2550 3143 2793 3216 ἄτμητον
2823 3145 3058 3214 εἰσάγων
3083 3145 3273 3213 φύσιν,

2137 3293 2261 3388 esse
2293 3341 2560 3396 creatum,
2591 3328 2743 3399 quod
2766 3338 2963 3384 cuncta
2995 3327 3299 3398 adimplere
3351 3336 3559 3383 testatur
3584 3339 3658 3380 se-

2132 3421 2373 3477 cundum
2404 3421 2785 3486 substantiam,
2819 3435 2918 3475 nec
2950 3420 3271 3476 cohabitare
3292 3435 3412 3476 cum
3443 3429 3656 3474 contem-

2130 3512 2406 3582 plantibus
2434 3511 2636 3570 omnia,
2668 3511 2833 3566 Deum
2867 3526 2975 3565 non
3008 3525 3036 3564 a
3069 3508 3200 3566 Deis
3218 3517 3484 3592 creatum,
3514 3502 3595 3560 sed
3634 3518 3658 3557 ι

2132 3603 2420 3670 creaturis,
2452 3599 2547 3658 ‘sed
2581 3591 2700 3673 eius
2731 3601 2850 3656 loco
2875 3601 3386 3658 submissasturbas
3414 3599 3509 3652 diis
3527 3603 3660 3650 teter-

2132 3698 2218 3751 nis
2245 3709 2405 3766 opera
2436 3693 2594 3767 primi
2634 3689 2931 3766 operantis.
2958 3694 3107 3750 Adeo
3141 3704 3270 3750 vero
3292 3692 3534 3749 infandus
3561 3689 3663 3757 ejus

2132 3795 2220 3842 est
2254 3793 2430 3855 error,
2471 3797 2532 3843 ut
2561 3789 2677 3843 haec
2711 3788 2857 3844 clare
2889 3790 2940 3842 in
2972 3789 3322 3843 sermonibus
3348 3797 3598 3856 spargere,
3623 3787 3668 3832 et

2132 3876 2362 3933 scelesta
2383 3893 2612 3949 quaeque
2635 3878 2808 3948 palam
2827 3873 3062 3948 profiteri
3108 3893 3223 3933 non
3273 3874 3535 3932 erubuerit
3556 3889 3569 3927 :
3590 3871 3666 3940 ja-

2131 3975 2245 4024 stas
2276 3979 2480 4034 autem,
2519 3971 2838 4036 utdecebat,
2871 3970 3092 4026 sceleris
3125 3985 3318 4039 ρωπος
3347 3969 3502 4034 dedit,
3537 3976 3668 4033 sepa-

2130 4060 2396 4114 rationem
2453 4059 2574 4114 dico
2603 4059 2817 4130 abipsa
2871 4060 3156 4130 impolluta
3224 4059 3478 4120 Ecclesia,
3524 4065 3676 4125 quam-

2133 4147 2315 4218 impiis
2345 4149 2693 4219 dogmatibus
2711 4156 2818 4204 tam
2844 4141 3067 4221 indigne
3095 4147 3381 4205 laceravit.
3411 4145 3556 4202 Omni
3581 4153 3671 4209 ope

2134 4248 2314 4293 tamen
2347 4255 2562 4295 errores
2593 4240 2768 4296 celare
2792 4239 3037 4305 studens,
3071 4238 3241 4296 fallax
3263 4239 3423 4296 veluti
3464 4232 3671 4308 species.

2132 4327 2248 4385 sive
2315 4329 2647 4386 eameleonis
2678 4340 2815 4395 arte,
2851 4333 2896 4388 si
2935 4333 3084 4387 viros
3121 4332 3349 4402 decepto
3383 4327 3554 4383 faciles
3579 4321 3671 4392 ipsi

2133 4422 2349 4477 obviam
2370 4432 2686 4488 occurrunt,
2714 4418 2971 4478 callidum
2997 4438 3244 4478 errorem
3263 4423 3437 4476 minus
3461 4418 3670 4472 velatum

460 4505 604 4559 enim
651 4506 878 4562 scientia
929 4505 1246 4578 ignorantiae
1289 4514 1562 4579 cumulus,
1614 4516 1661 4571 si
1711 4515 2021 4574 intuitivam
2059 4522 2100 4578 D
2131 4513 2355 4584 llr-Rhet,
2411 4528 2571 4570 secus
2629 4529 2778 4578 vero,
2823 4514 2866 4567 si
2905 4501 3458 4584 scientiae'peritiores
3494 4506 3671 4566 adsint.

464 4594 558 4648 Dei
585 4595 854 4651 visionem
908 4597 1112 4668 aliquis
1155 4603 1388 4656 scrutari
1442 4615 1768 4672 conaretur;
1819 4609 2024 4665 nullum

461 4686 606 4740 enim
625 4686 852 4744 omnino
879 4691 1162 4760 vestigium
1191 4695 1414 4762 praebet,
1448 4711 1556 4766 quo
1579 4712 1698 4752 eam
1731 4710 2026 4768 scrutetur,

460 4777 553 4845 qui
575 4779 1072 4850 scrutarigvoluerlt.
1099 4782 1188 4837 ille
1216 4799 1340 4839 vero
1357 4801 1499 4842 nunc
1523 4804 1697 4846 novus
1719 4791 2027 4862 imperitus,

461 4882 569 4938 que
594 4869 900 4928 divinorum
938 4875 1227 4945 interpres,
1281 4895 1346 4934 ex
1397 4879 1514 4949 ipsa
1570 4881 1741 4951 ipsam
1773 4883 2031 4953 cognosci

460 4960 618 5031 dicit,
651 4964 903 5022 videlicet
936 4983 1002 5023 ex
1047 4968 1165 5038 ejus
1218 4970 1692 5041 substantialibus,
1733 4975 1876 5043 quod
1939 4989 2032 5029 su-

458 5056 627 5123 perbe
670 5057 1036 5123 vociferatur;
1095 5072 1216 5131 qua:
1265 5075 1397 5117 vero
1427 5064 1493 5118 ad
1549 5065 1720 5133 ipsam
1760 5074 2027 5135 spectant,

459 5163 586 5203 cum
633 5150 769 5204 mihi
829 5151 950 5206 talia
984 5151 1157 5219 dicas,
1193 5153 1287 5209 illa
1313 5155 1516 5209 nobilia
1549 5156 1710 5220 dicis,
1781 5169 2030 5227 voceque

461 5240 761 5306 confiteris,
799 5242 906 5298 iSta
935 5233 1066 5298 vero
1122 5243 1357 5300 defluere
1395 5245 1605 5316 riteque
1639 5247 1949 5316 procedere,
1980 5257 2034 5303 et

459 5341 656 5388 cuncta
684 5343 874 5403 agere,
905 5335 1065 5390 veluti
1092 5335 1401 5390 mortalium
1429 5338 1746 5408 participem
1773 5337 2031 5392 deitatem

461 5427 727 5491 statuisti,
749 5427 804 5481 in
837 5427 1057 5498 Vulgum
1089 5443 1349 5501 spargens
1381 5445 1498 5484 eam
1529 5439 1734 5500 naturae
1757 5429 2033 5501 primariae

464 5517 693 5574 minime
719 5518 1013 5588 aqualem,
1047 5520 1233 5575 multis
1257 5521 1417 5575 etiam
1450 5521 1622 5576 modis
1654 5523 1826 5578 errori
1858 5523 2032 5577 obno-

459 5607 633 5676 xiam,
689 5611 957 5665 creaturis
1002 5622 1130 5667 vero
1203 5611 1341 5692 infra
1383 5613 1744 5668 commislam.
1790 5613 1864 5668 lta
1905 5629 2032 5683 ergo

462 5712 601 5766 Opus
654 5704 899 5762 operanti
935 5705 1200 5774 δυίἀςιοοι,
1254 5717 1417 5778 atque
1482 5708 1623 5777 apud
1653 5723 1751 5762 nos
1787 5724 1850 5763 ex
1884 5718 2032 5776 pote-

469 5797 611 5846 state
643 5807 750 5848 non
781 5795 1021 5866 subjecta
1053 5799 1313 5868 procedit.
1336 5798 1454 5858 Non
1491 5801 1631 5858 enim
1667 5801 1863 5869 ubique
1896 5815 2031 5867 prae-

2137 4604 2228 4675 qui
2252 4603 2458 4674 paratis
2483 4603 2700 4660 insidiis
2733 4597 2876 4658 haud
2908 4599 3067 4659 facile
3096 4604 3407 4674 capiuntur,
3445 4607 3664 4655 errorem

2135 4705 2264 4752 tunc
2292 4695 2517 4752 omnino
2537 4695 2719 4751 Velare
2763 4703 3010 4750 conatur.
3065 4695 3317 4763 Apertam
3348 4705 3474 4748 sane
3520 4693 3675 4742 barre-

2135 4790 2235 4844 sim
2262 4787 2440 4858 palam
2467 4803 2574 4844 non
2607 4781 2923 4854 confitetur,
2958 4787 3062 4842 etsi
3096 4786 3324 4857 singulae
3361 4784 3468 4838 fere
3487 4793 3673 4835 sermo-

2136 4883 2219 4936 nis
2244 4895 2404 4937 voces
2431 4897 2547 4936 eam
2581 4880 2874 4946 redoleant,
2926 4889 2981 4934 at
3037 4879 3257 4934 nonnisi
3325 4873 3527 4932 cunctis
3557 4867 3671 4924 sini—

2135 4973 2257 5036 bus,
2297 4971 2618 5042 cunctisque
2682 4970 2990 5026 recessibus
3038 4968 3404 5039 perlustratis,
3440 4965 3669 5054 deceplos
3721 5035 3734 5054 ι

2135 5065 2188 5118 in
2221 5061 2607 5131 ipsasinsidias
2630 5062 2916 5131 demergit.
2947 5055 3028 5115 Ad
3067 5060 3300 5115 deorum
3329 5053 3667 5146 pluralitatetn

2136 5156 2298 5225 igitur
2327 5153 2624 5217 cencludit,
2677 5161 2732 5207 et
2761 5154 2825 5207 ad
2850 5161 3045 5208 cuncta
3099 5151 3256 5222 prius
3305 5149 3486 5208 relata,
3525 5139 3668 5242 velt!“

2136 5241 2267 5310 dixi,
2317 5245 2430 5299 imo
2458 5255 2606 5308 vero,
2641 5243 2825 5321 impiis
2869 5241 3219 5314 dogmatibus
3264 5252 3423 5312 supra
3455 5241 3665 5290 emissis.

2137 5337 2351 5391 tametsi
2391 5333 2650 5400 infandis,
2680 5331 2866 5407 peiora
2890 5327 3074 5390 adhuc
3117 5332 3410 5389 admiscere
3458 5323 3664 5377 videtur.

2133 5419 2268 5482 Cum
2313 5425 2512 5496 aliquis
2569 5426 2712 5480 enim
2733 5439 2973 5480 errorem
3041 5423 3211 5480 semel
3262 5419 3532 5489 amplexus
3573 5415 3664 5506 esi:

2136 5534 2244 5590 quo
2293 5519 2535 5574 scelestae
2586 5517 2782 5572 mentis
2808 5526 2889 5572 est
2908 5515 3168 5587 superbia
3211 5512 3479 5580 delapsus,
3518 5500 3663 5555 veluti

2135 5625 2232 5679 per
2266 5608 2636 5677 inexploratos
2694 5609 2944 5678 abyssos,
2984 5607 3226 5661 omnium
3258 5601 3417 5656 etiam
3443 5591 3664 5661 explora-

2137 5711 2316 5755 torum
2348 5701 2678 5769 peritissimo
2703 5700 2980 5768 abrcptus,
3017 5698 3131 5766 ipse
3169 5709 3224 5751 se
3257 5687 3475 5746 vinculis
3495 5689 3664 5769 eruere

2138 5809 2245 5850 non
2271 5765 2504 5864 amplius
2529 5793 2669 5848 valet
2694 5809 2709 5860 ;
2735 5765 2934 5848 etenim
2965 5765 3070 5846 non
3089 5790 3196 5859 jam
3220 5777 3549 5843 substantias,
3580 5765 3667 5824 sed
