3956 6194
327 375 432 441 851

336 493 447 548 Kal
473 492 749 556 συντιθεὶς
774 492 1016 564 πρόδηλα
1041 494 1140 565 τὴν
1175 496 1557 571 ἁπλουστάτην

332 585 404 635 Ἦ
431 584 746 653 κτισμάτων
771 585 970 652 ἔξωθεν
1015 587 1438 659 ἀνειλημμένος,

333 673 405 725 Ἢ
437 674 637 743 μᾶλλον
664 675 831 744 ἄμφω
856 677 1195 748 ρᾳδιουργῶν
1223 681 1479 748 εἰσάπαξ,

327 763 402 814 Τὸ
427 762 635 831 πλῆθος
664 764 955 833 εἰσήνεγκε
983 768 1093 821 τῶν
1126 760 1512 840 σεϐασμάτων,

340 852 673 918 ’Υψιστικῶς
705 855 974 926 Ἕλληνας
1008 858 1247 929 ἐξαίρων
1272 862 1457 928 πάλιν,

330 947 480 999 Ἀνω
507 947 575 999 τὰ
596 949 741 1015 τῇδε,
767 949 862 1002 καὶ
890 948 952 1001 τὸ
974 952 1085 1003 πᾶν
1110 950 1243 1021 ὕψος
1266 954 1443 1017 κάτω,

330 1036 598 1090 Ἀκτιστα
615 1037 808 1101 ταῦτα,
844 1041 938 1093 καὶ
964 1039 1023 1093 τὸ
1052 1041 1130 1112 μὴ
1160 1043 1364 1111 κτίσμα
1395 1046 1625 1115 κτίσμα,

327 1128 439 1181 Καὶ
485 1128 738 1183 δυσσεϐεῖ
769 1132 901 1197 πᾶς,
938 1134 1127 1203 φησὶν,
1162 1135 1221 1197 ὃς
1253 1135 1409 1190 ταῦτ’
1440 1137 1502 1191 οὐ
1535 1137 1706 1191 σέϐει.

328 1224 405 1275 Οὐ
432 1221 714 1276 δυσσεϐεἰν
753 1225 900 1296 μόνῳ
928 1226 984 1279 δὲ
1007 1226 1084 1296 τῷ
1106 1226 1251 1299 λόγῳ
1280 1230 1476 1299 λέγων,

342 1319 560 1389 ’Δρκεῖν
593 1318 804 1387 νομίζει
830 1321 968 1392 πρδς
988 1324 1050 1375 τὸ
1074 1322 1176 1391 τῆς
1221 1324 1404 1393 μάχης
1426 1324 1627 1394 κράτος
1650 1340 1665 1355 ⁸

342 1410 483 1464 Ἀλλ’
511 1411 698 1482 ὥσπερ
726 1413 912 1477 ὅπλοις
949 1416 1045 1468 καὶ
1070 1413 1241 1484 ξιφῶν
1270 1416 1477 1487 ἀκμαῖς
1501 1416 1652 1478 ὅλαις

331 1502 461 1555 Δέον
484 1501 754 1557 τελεῖσθαι
784 1505 886 1567 τὰς
918 1505 1059 1573 ὑπὲρ
1084 1506 1291 1560 τούτων
1317 1508 1551 1576 κρίσεις.

342 1594 517 1647 Ὀκνῶ
534 1593 579 1647 δ’
610 1594 863 1665 ἀριθμεῖν
892 1597 990 1660 τὰς
1011 1599 1325 1669 ἀμυθήτους
1365 1598 1575 1669 ὕϐρεις.

328 1686 488 1741 Οὕτω
516 1690 877 1759 συνεκρότησε
905 1690 1099 1755 δεινῶς
1131 1692 1229 1762 τὴν
1260 1692 1442 1763 μάχην

328 1780 475 1845 Πρὸς
502 1781 628 1842 τοὺς
659 1780 901 1844 ἀπειθεῖς
923 1783 1037 1849 τοῖς
1071 1781 1210 1844 θεοῖς
1233 1785 1332 1853 τῆς
1376 1780 1629 1844 Ἑλλάδος

329 1870 517 1935 Οὕτως
549 1873 782 1943 ἄναρχος
810 1876 929 1927 ἐστι
959 1880 1053 1928 καὶ
1086 1875 1305 1930 πάντων
1334 1876 1467 1942 ἄνω,
1493 1886 1503 1940 ε

331 1966 445 2017 Καὶ
470 1964 568 2035 τὴν
596 1966 967 2019 ἀνεικόνιστον
1002 1966 1160 2031 ἀξίαν
1184 1968 1371 2038 βλέπει

330 2054 535 2117 Alani;
560 2054 774 2124 ἀληθῶς
806 2058 926 2119 ταῖς
948 2056 1114 2125 ἁφαῖς
1147 2058 1267 2111 τῶν-
1304 2057 1590 2128 ὀμμάτων.

332 2146 503 2201 Ὅθεν
535 2147 626 2201 τὸν
654 2147 812 2217 ϐχλον
842 2144 951 2202 εἶδε
970 2150 1076 2203 τῶν
1108 2152 1475 2222 σεϐασμάτων

345 2241 437 2294 Ἐν
470 2243 532 2311 τῇ
576 2243 809 2312 ταπεινῇ
837 2241 945 2294 τῶν
981 2242 1296 2313 ὑφειμένων
1334 2245 1515 2314 βάσει.

336 2324 441 2386 Ὧν
460 2332 539 2396 εἰς
562 2332 625 2385 τὸ
656 2332 884 2403 πλῆθος,
914 2333 991 2396 ὡς
1015 2332 1187 2399 δοκεῖ,
1225 2336 1427 2406 βλέψας
1448 2339 1559 2402 ὅδε,

347 2425 501 2489 Ἑνδς
535 2425 914 2497 κατεφρόνησε
944 2426 1038 2481 τοῦ
1081 2428 1300 2483 πάντων
1333 2430 1595 2500 κράτους.

345 2514 494 2569 Ἀλλ’
528 2515 590 2569 οὐ
617 2516 727 2587 γὰρ
752 2517 915 2570 αὐτὸν
941 2516 1217 2587 ὠφελήσει
1240 2518 1300 2572 τὸ
1327 2518 1546 2589 στέφος.

337 2606 618 2676 Ὅτανπερ
640 2606 873 2679 οἰκτρῶς
898 2608 964 2662 ἐκ
992 2609 1124 2678 μιᾶς
1149 2609 1416 2679 θεαρχίας
1619 2617 1626 2623 ”

335 2696 499 2767 Τρισὶ
529 2699 818 2767 μοναπλῶς
849 2699 1290 2768 συγκαταθλᾶται
1322 2702 1515 2767 λίθοις,

338 2792 485 2861 Πρὸς
512 2791 713 2860 κέντρα
740 2791 796 2845 δὲ
827 2793 941 2863 γνῷ
971 2796 1403 2867 τραυματουργὰ
1425 2798 1708 2862 λακτίσας.

340 2882 453 2937 Καὶ
492 2882 710 2936 κτιστὸν
739 2883 841 2937 οὐκ
865 2885 1125 2940 ἄκτιστον
1157 2888 1320 2942 αὐτὸν
1354 2889 1627 2961 μανθάνῃ,

343 3071 574 3126 virtutes
624 3085 878 3126 sermone
921 3070 1138 3130 dicens.
1230 3080 1638 3127 attenuatorum
1689 3072 1915 3127 deorum

1480 387 1927 455 GRECORUM

2036 396 2423 462 lNTENTIzﬁ.
2948 452 2957 465 ,
3477 406 3584 468 858

1936 514 1982 573 Α
2011 511 2288 584 Λαμπρὰν
2316 512 2441 568 καθ’
2471 512 2636 570 αὑτοῦ
2661 515 2843 587 ψῆφον
2870 517 3032 579 αὐτὸς
3051 517 3322 589 ἐκφέρων,

2016 604 2105 667 Εἰς
2136 604 2235 671 τὴν
2262 605 2518 659 ἁπάντων
2550 607 2926 680 ὲξηρνημένην
2957 608 3142 679 φύσιν,

2013 686 2118 757 Ἧς
2150 696 2328 749 πάντα
2359 696 2543 760 δοῦλα,
2583 699 2675 752 καὶ
2710 700 2779 754 τὰ
2816 701 3050 772 κρείττω
3088 702 3439 778 βλεμμάτων,

2012 783 2122 836 Καὶ
2146 785 2256 838 νοῦ
2278 787 2417 858 πρὸς
2450 788 2735 858 ἀκρίϐειαν
2768 789 3178 861 ἐπτερωμένου,

2025 872 2209 942 Ἀφεὶς
2237 876 2387 930 κάτω
2407 879 2695 933 πέπτωκεν
2725 882 2787 934 ἐκ
2818 884 3228 951 φαντασμάτων
3258 901 3273 950 ;

2017 963 2108 1029 Εἰς
2134 967 2225 1021 νοῦ
2255 970 2628 1041 ματαιότητας
2655 974 2733 1035 εἰς
2766 972 2945 1042 ἔργων
2981 974 3169 1040 σέϐας,

2015 1056 2083 1110 Ἢ
2117 1058 2316 1127 μᾶλλον
2343 1062 2538 1126 εἰπεῖν,
2573 1065 2653 1126 εἰς
2683 1065 2951 1118 ἀνουσίων
2983 1067 3168 1131 σέϐας,

2013 1147 2306 1204 Τουτέστιν
2335 1151 2524 1217 ἁπλῶς
2566 1154 2815 1224 οὐδαμῶς
2839 1157 2975 1210 Θεοῦ
3012 1156 3197 1222 σέϐας.

2014 1240 2180 1293 Οὐδὲν
2208 1242 2341 1312 γὰρ,
2374 1244 2526 1297 οὐδὲν
2552 1247 2662 1299 τῶν
2692 1249 2955 1302 ἀνουσίων
2990 1250 3175 1315 σέϐας,

2018 1333 2303 1406 Ὅπουπερ
2334 1338 2455 1390 οὐδὲ
2490 1339 2597 1393 τῶν
2625 1340 2932 1411 ὗφειμένων
2968 1343 3127 1407 ὅλως,

2015 1426 2126 1495 Τῆς
2146 1429 2529 1498 παντανάσσης
2558 1432 2653 1485 καὶ
2683 1432 2915 1504 τριπλῆς
2945 1435 3201 1506 ἐναρχίας

2015 1517 2184 1571 Τελοῦ
2195 1536 2295 1588 μεν
2321 1520 2475 1574 οὐδὲν
2503 1521 2748 1576 δουλικόν
2764 1538 2871 1576 τινι
2898 1530 3100 1595 τρόπον

2017 1609 2162 1681 Πλήν
2194 1612 2246 1679 γ’
2273 1613 2346 1675 ὡς
2381 1613 2639 1679 ἐλάττους
2659 1616 2757 1679 τὰς
2789 1618 3099 1689 ὑπερτέρας
3131 1621 3347 1689 φύσεις,

2020 1702 2089 1754 Ἦ
2112 1702 2317 1769 τάξεις,
2357 1704 2422 1769 ἃς
2453 1706 2652 1760 ἔδωκεν
2679 1704 2939 1778 ἀνδράσιν
2969 1712 3151 1773 πόνος,

2016 1795 2127 1847 Καὶ
2159 1795 2267 1848 τῶν
2290 1797 2347 1859 ὲς
2376 1799 2523 1866 ἡμᾶς
2554 1798 2826 1852 συστικῶν
2862 1804 3221 1871 συνεργάτας,

1943 1862 1984 1924 Β
2014 1887 2273 1959 Τιμῶμεν
2311 1862 2677 1959 ὡςίένθεσμον
2700 1892 2757 1945 ἐν
2794 1862 3181 1963 συμμετρίαις,

2026 1980 2166 2032 Ἀλλ’
2188 1981 2291 2034 οὐκ
2324 1982 2598 2053 ἀνάρχους
2624 1984 2699 2047 ὡς
2735 1984 2915 2049 θεοὺς,
2948 1987 3045 2039 καὶ
3066 1986 3355 2053 δεσπότας.

2014 2073 2079 2124 Ὢ
2100 2072 2216 2137 πῶς
2246 2073 2514 2145 τοσαύτην
2551 2075 2733 2131 εἰσιὼν
2763 2078 2968 2147 τόλμαν
3002 2077 3185 2145 μόνος,

2015 2165 2257 2220 Ἢκιστα
2282 2168 2405 2221 νοῦν
2432 2168 2655 2239 εἴληφας
2684 2168 2718 2223 ἃ
2750 2171 3012 2239 πράττειν
3037 2170 3211 2236 θέλεις
3234 2173 3247 2224 l

2014 2258 2169 2311 Κατὰ
2198 2258 2389 2328 θρόνου
2428 2260 2490 2313 σὺ
2520 2258 2612 2313 τοῦ
2645 2259 2798 2330 θεοδμ
2812 2260 2940 2331 ήτου
2977 2262 3176 2332 στόμα,

2028 2348 2144 2418 Ἐφ’
2172 2341 2343 2420 οὗπερ
2367 2350 2529 2413 αὐτὸς
2561 2351 2937 2420 ἐγκαθήμενος
2967 2353 3183 2423 θρόνου,

2017 2444 2244 2513 Κρινεῖν
2277 2445 2493 2497 ἀπειλεῖ
2521 2444 2645 2506 τοὺς
2678 2442 3236 2515 βεϐλασφημηκότας,

2017 2534 2212 2588 ιῐασῶν
2242 2535 2489 2588 ἀπαιτῶν
2521 2536 2620 2605 τὴν
2645 2537 2957 2609 ὑπερτάτην
2987 2540 3167 2609 δίκην,

2018 2627 2089 2678 Συ
2128 2627 2254 2690 τοὺς
2292 2627 2472 2695 ὅρους,
2505 2627 2782 2696 ἄνθρωπε,
2824 2631 2950 2692 τοὺς
2977 2632 3251 2697 αἰωνίους,

2019 2718 2204 2772 Κινείν
2243 2720 2516 2789 ἐπήρθης,
2557 2719 2649 2783 οὓς
2681 2720 2813 2785 Θεὸς
2849 2723 3025 2792 πήξας
3053 2723 3204 2792 ἔχεις

2020 2810 2092 2863 Σὺ
2123 2810 2216 2864 τοῦ
2250 2809 2510 2880 θεμέθλου
2536 2809 2633 2881 τὴν
2674 2811 3006 2883 βαθύρῤιζον
3040 2815 3273 2885 πέτραν,

2033 2902 2119 2964 Ὠς
2144 2904 2531 2973 ὲκμοχλεύσων
2571 2908 2851 2974 συγκινεῖς
2884 2907 3097 2969 πάντας
3128 2908 3347 2975 λίθους;

2021 3077 2310 3117 numerare
2336 3065 2630 3118 horresco:
2663 3064 2797 3119 adeo
2834 3065 3052 3121 funeste
3078 3081 3271 3138 pngnze
3299 3071 3588 3140 strepitum

343 3166 461 3217 sive
487 3162 753 3217 deitatum
780 3176 1065 3216 numerum
1092 3161 1146 3214 in
1179 3160 1448 3216 inﬁnitum
1470 3163 1660 3218 statuit
1686 3179 1701 3218 :
1732 3163 1914 3217 minor
1950 3197 1995 3260 ο
2024 3168 2283 3210 resonare
2315 3170 2481 3209 ausus
2515 3167 2598 3211 est
2629 3158 2770 3225 apud
2803 3156 2952 3226 ipsos
2981 3158 3206 3216 Gracia:
3239 3163 3480 3218 numinis
3510 3164 3593 3217 in-

342 3256 490 3310 enim
522 3269 629 3310 non
688 3254 1029 3323 relinquitur
1075 3254 1250 3309 errori
1288 3255 1461 3311 locus.
1493 3254 1559 3309 Et
1585 3257 1838 3326 gratiam,
1869 3265 1924 3311 et

343 3349 628 3415 lumen,-at
679 3344 1036 3400 ebrismatum
1061 3345 1223 3409 dona,
1252 3344 1344 3400 Dei
1369 3347 1678 3411 scientiam,
1698 3347 1920 3413 formas,

344 3441 630 3505 virtutem,
683 3438 849 3493 veluti
882 3437 1019 3502 dixi,
1078 3437 1275 3494 iterum
1332 3440 1480 3493 inter
1513 3455 1570 3494 se
1609 3441 1922 3508 promiscua

341 3534 618 3605 pra-hens,
680 3532 928 3600 inquam,
964 3532 1164 3586 minori
1213 3531 1489 3599 impietate
1526 3548 1630 3600 qua
1660 3532 1926 3603 supersti-

344 3621 475 3677 tiosi
508 3619 702 3682 Gneei,
727 3619 812 3673 vir
852 3619 941 3675 ille
980 3621 1250 3689 ingenuus
1300 3634 1421 3675 sese
1452 3620 1701 3676 laborare
1731 3621 1928 3692 praedi-

347 3720 462 3770 cat.
497 3711 676 3768 Unum
712 3718 896 3766 tamen
926 3718 981 3766 et
1009 3711 1188 3767 solum
1241 3712 1507 3782 optimum
1567 3712 1814 3767 conﬁteri
1834 3727 1929 3767 ne-

343 3818 507 3860 eesse
533 3812 637 3870 est,
661 3803 859 3874 triplici
898 3803 1019 3858 luce
1054 3803 1366 3873 splendens,
1393 3804 1645 3874 simplex.
1677 3805 1929 3859 indivisi-

346 3894 480 3959 bile,
504 3908 608 3948 non
651 3892 896 3959 mistum,
949 3906 1050 3947 nec
1094 3892 1476 3963 ponderatum,
1535 3908 1637 3948 nec
1672 3893 1929 3962 gradibus

349 3992 750 4049 mensuratum,
784 3995 886 4036 nec
920 3981 1086 4048 intra,
1115 3997 1211 4037 nec
1260 3992 1414 4036 extra
1452 3980 1701 4051 partibus
1724 3982 1929 4038 eonﬁa-

349 4085 492 4139 tum,
523 4077 688 4130 veluti
720 4076 968 4145 quaedam
1002 4074 1354 4144 inaequalium
1389 4075 1694 4130 sectionum
1727 4090 1930 4146 coagu-

348 4169 483 4222 latio
512 4168 748 4234 circum,
783 4181 887 4221 nec
925 4166 1207 4231 deitatum,
1238 4181 1338 4221 nec
1366 4166 1613 4230 deorum,
1638 4182 1744 4222 nec
1760 4183 1932 4221 aemu-

347 4261 609 4324 latorum,
655 4272 756 4314 nec
783 4258 1246 4321 substantialium,
1289 4271 1389 4313 nec
1428 4257 1931 4314 insubstantialium

352 4352 592 4415 turbam,
628 4365 732 4405 nec
790 4349 1024 4403 aliorum
1064 4349 1334 4414 omnium,
1391 4357 1448 4405 ut
1485 4362 1682 4405 cuncta
1740 4351 1932 4420 paucis

348 4443 656 4506 absolvam,
696 4441 858 4496 veluti
891 4456 991 4495 nos
1023 4440 1151 4493 olim
1200 4442 1506 4496 docuerunt
1540 4443 1787 4510 inspirati
1832 4446 1934 4498 ho-

2027 3246 2313 3313 credulos;
2350 3247 2484 3301 adeo
2506 3260 2832 3303 cunctorum
2866 3250 3101 3322 desuper
3130 3268 3187 3307 se
3208 3264 3594 3323 praepotentem

2026 3339 2250 3407 praebet,
2321 3340 2750 3412 dignitatemque
2827 3345 3053 3399 omnino
3112 3346 3280 3417 ﬁgura
3334 3349 3594 3404 nudatam

2026 3431 2146 3502 ipso
2171 3432 2459 3488 oculorum
2506 3445 2679 3492 tractu
2710 3452 2835 3491 vere
2888 3440 3245 3508 contemplari
3294 3444 3595 3498 contendit.

2028 3522 2205 3588 Unde,
2228 3525 2487 3580 humilem
2512 3528 2653 3581 inter
2676 3528 2821 3582 hunc
2856 3536 3257 3585 attenuatorum
3284 3549 3599 3599 numerum,

2026 3618 2236 3673 inﬁnita
2272 3620 2704 3674 venerandorum
2743 3619 3087 3677 multitudine
3110 3624 3311 3693 agnita,
3350 3626 3490 3695 ipse,
3538 3637 3600 3683 ut

2029 3711 2163 3766 mihi
2186 3711 2419 3777 videtur,
2458 3715 2670 3766 turbam
2708 3715 3129 3784 contemplatus,
3174 3731 3339 3770 unum
3367 3726 3599 3785 tantum,

2029 3811 2354 3857 ereterorum
2378 3803 2618 3857 omnium
2657 3802 2930 3867 virtutem,
2966 3804 3187 3873 sprevit.
3208 3805 3274 3859 At
3297 3821 3497 3861 corona
3528 3806 3604 3861 illi

2030 3907 2163 3949 sane
2193 3892 2417 3947 minime
2465 3892 2728 3961 proderit,
2805 3909 2931 3947 cum
2979 3893 3350 3950 miserandum
3394 3896 3448 3951 in
3485 3912 3605 3951 mo-

2031 3984 2182 4051 dum,
2221 3998 2329 4039 una
2389 3999 2645 4054 suprema
2694 3994 2954 4052 potestas,
3002 3986 3198 4054 triplici
3229 3988 3409 4057 lapide
3441 3988 3606 4043 mise-

2032 4074 2277 4130 rabiliter
2326 4073 2619 4143 frangitur,
2666 4088 2724 4129 se
2785 4075 3049 4129 adversus
3098 4074 3279 4130 calcar
3321 4075 3606 4131 calcitrare

2032 4177 2250 4234 noscat,
2283 4181 2347 4223 ac
2370 4166 2587 4221 tandem
2619 4181 2678 4222 se
2709 4176 2977 4232 creatum,
3006 4183 3112 4221 non
3142 4183 3275 4222 vero
3298 4168 3604 4223 increatum

2033 4260 2227 4323 discat,
2284 4259 2400 4328 ipse
2453 4258 2661 4313 clarum
2712 4259 2766 4312 in
2831 4273 2890 4312 se
2939 4258 3311 4312 testimonium
3368 4255 3608 4326 praefert,

2036 4366 2162 4421 erga
2184 4350 2690 4419 praestantissimam
2723 4350 2970 4402 omnium
3002 4357 3278 4411 naturam,
3307 4347 3395 4402 cui
3424 4349 3609 4403 omnia

2038 4442 2352 4505 subsunt,et
2374 4440 2651 4494 oculorum
2673 4440 3118 4509 perspicaciorcs.
3138 4447 3191 4491 et
3211 4440 3274 4492 ad
3290 4440 3611 4494 sublimiora

347 4537 550 4602 mines,
587 4548 842 4591 verorum
888 4533 1203 4602 dogmatum
1262 4534 1519 4590 ministri.
1555 4537 1674 4604 Ipse
1724 4551 1848 4588 vero
1882 4536 1933 4588 in
1969 4547 2013 4602 ι)
2043 4539 2225 4585 mente
2256 4532 2427 4599 magis
2475 4531 2626 4595 elati,
2659 4531 2777 4599 ipse
2825 4533 2969 4585 enim
2998 4542 3216 4584 terrena
3258 4545 3521 4598 respuens
3548 4544 3615 4583 ex

346 4629 649 4682 adversum
736 4640 987 4694 surgere,
1047 4624 1622 4693 evidentissimamqne
1697 4640 1988 4694 pugnum.

345 4719 698 4773 committere
732 4716 966 4782 videtur,
1004 4715 1391 4771 indivisibilem
1444 4727 1694 4770 naturam
1745 4715 1937 4785 partiri

348 4826 463 4866 non
487 4812 841 4875 erubescens,
880 4808 1347 4879 simplicissimum
1389 4811 1550 4861 etiam
1583 4809 1687 4862 sub
1713 4823 1937 4877 compo-

344 4904 461 4958 sito
495 4911 679 4973 aperte
706 4902 974 4971 praebens,
995 4902 1075 4956 vel
1109 4899 1239 4954 illud
1275 4909 1429 4953 extra
1459 4907 1742 4954 creaturas
1773 4898 1941 4952 collo-

348 5008 482 5050 care
510 5010 677 5050 ausus
698 5002 803 5057 est,
836 4994 952 5049 sive
1000 4993 1207 5063 potius,
1239 4992 1513 5060 duplicem
1550 4990 1716 5044 semel
1741 4990 1937 5060 nequi-

360 5087 495 5142 tiam
525 5102 719 5157 agens,
774 5087 1215 5142 venerandorum
1262 5097 1545 5137 numerum
1580 5083 1633 5136 in
1664 5083 1937 5136 inﬁnitum

357 5179 533 5244 auxit,
561 5193 626 5233 ac
650 5179 732 5233 sic
757 5178 952 5232 iterum
986 5176 1191 5232 Graecis
1210 5176 1425 5245 longius
1448 5189 1792 5245 progressus,
1817 5190 1939 5242 qua:

354 5267 501 5322 infra
535 5276 665 5323 sunt
725 5268 981 5333 desuper,
1044 5280 1166 5334 qua:
1196 5277 1324 5317 vero
1377 5263 1611 5330 desuper
1663 5258 1827 5325 intra,
1860 5261 1942 5312 in-

362 5368 546 5416 creata
574 5362 712 5425 hac,
743 5376 849 5415 mn
876 5366 1061 5415 creata
1112 5371 1260 5420 vero,
1303 5364 1482 5410 creata
1526 5352 1812 5422 praedicat,
1837 5352 1941 5405 im-

362 5454 564 5525 pieque
593 5470 650 5509 se
677 5468 888 5524 gerere,
925 5452 1084 5517 dicit,
1130 5451 1221 5521 qui
1257 5449 1341 5505 illa
1378 5462 1488 5503 non
1517 5457 1827 5511 veneratur,
1848 5462 1945 5501 nec

360 5546 410 5601 si
439 5544 593 5599 illum
624 5556 757 5599 voce
784 5552 993 5599 tantum
1024 5543 1186 5611 impie
1208 5556 1267 5596 se
1297 5554 1483 5610 gerere
1502 5537 1707 5593 dixeris
1733 5537 1800 5592 ad
1829 5550 1949 5592 cer-

364 5637 595 5693 taminis
619 5636 901 5691 victoriam
927 5635 1059 5690 satis
1099 5648 1219 5689 esse
1255 5633 1484 5703 putabit,
1513 5631 1606 5687 sed
1647 5628 1815 5684 veluti
1855 5643 1945 5682 ar-
1978 5678 1981 5681 .

370 5730 477 5786 mis
508 5730 625 5785 sive
655 5728 804 5782 omni
834 5728 1138 5794 gladiorum
1172 5727 1423 5796 strepitu,
1462 5725 1528 5779 de
1557 5723 1642 5778 his
1675 5722 1823 5776 litem
1852 5720 1946 5775 ab-

368 5824 506 5880 solvi
533 5832 827 5890 oporteret.
860 5821 975 5877 .lam
1004 5836 1134 5877 vero
1169 5820 1403 5874 inﬁnitas
1421 5819 1536 5887 ejus
1561 5815 1819 5873 stultitias
1840 5829 1938 5868 an~

2041 4623 2344 4694 phantasiis
2372 4623 2424 4678 in
2446 4624 2643 4679 mentis
2662 4624 2950 4686 vanitates,
2984 4624 3038 4677 in
3072 4638 3293 4693 Operam
3314 4624 3378 4677 ad
3411 4624 3613 4679 oratio-

2040 4730 2186 4780 nem,
2244 4715 2377 4779 sive,
2411 4723 2470 4769 ut
2503 4715 2814 4770 accuratius
2846 4714 3049 4778 dicam,
3099 4716 3153 4768 in
3219 4715 3617 4771 insuhstantia-

2040 4807 2171 4861 lium
2198 4806 2567 4862 adorationem
2605 4807 2857 4875 delapsus
2887 4814 2990 4869 est,
3027 4807 3171 4876 quod
3206 4821 3337 4861 sane
3372 4824 3613 4876 unquam

2042 4900 2137 4954 Dei
2160 4901 2404 4954 adoratio
2435 4899 2551 4953 fuit.
2585 4897 2731 4954 Nihil
2756 4900 2922 4967 enim,
2944 4900 3077 4953 nihil
3105 4902 3621 4956 insubstantialium

2043 4992 2316 5057 adoratio,
2347 4992 2482 5045 nihil
2518 4991 2745 5059 pariter,
2775 4992 3000 5048 omnino
3042 4993 3177 5047 nihil
3206 5002 3614 5047 attenuatorum

2042 5088 2163 5155 ejus
2206 5086 2422 5152 cultus;
2465 5098 2733 5154 suprema:
2787 5084 2933 5139 enim
2971 5100 3033 5139 ac
3060 5086 3286 5151 triplicis
3317 5085 3623 5154 majestatis

2043 5178 2254 5234 debitos
2308 5178 2563 5243 honores,
2620 5175 2823 5230 nemini
2873 5176 3191 5231 tribuendos
3227 5176 3419 5229 merito
3452 5184 3616 5243 puta-

2047 5286 2188 5334 mus,
2235 5271 2366 5335 nisi,
2413 5270 2578 5324 veluti
2628 5268 2937 5336 inferiores,
2993 5279 3313 5337 przestantes
3369 5275 3617 5326 naturas,

2047 5367 2159 5421 sive
2191 5365 2432 5430 ordines,
2473 5377 2611 5432 quos
2647 5361 2749 5415 viri
2782 5361 2971 5415 labore
2999 5370 3342 5423 meruerunt,
3377 5358 3492 5412 sive
3522 5356 3611 5409 de-

2047 5473 2193 5513 mum
2218 5458 2360 5527 apud
2380 5470 2481 5510 nos
2507 5454 2698 5510 salutis
2730 5457 3029 5525 operarios,
3054 5454 3247 5507 merito
3273 5464 3625 5514 veneremur,

2046 5549 2278 5606 servatis
2313 5556 2487 5602 tamen
2503 5546 2806 5611 servandis,
2832 5560 2926 5600 eos
2945 5546 3089 5600 enim
3115 5550 3475 5613 praepotentes
3502 5542 3620 5597 vel-

2048 5644 2125 5700 uti
2167 5642 2306 5697 Deos
2343 5649 2396 5695 et
2432 5640 2744 5706 Dominos,“
2797 5653 2901 5691 non
2952 5636 3200 5692 colimus.
3246 5633 3385 5690 Cum
3434 5643 3623 5689 autem

2050 5738 2143 5793 tali
2171 5734 2424 5804 superbia
2447 5744 2503 5788 tu
2524 5704 2966 5791 solusa&ensus,
2986 5743 3105 5798 quze
3128 5742 3288 5798 agere
3315 5728 3470 5797 cupis
3501 5737 3619 5781 tam

2052 5838 2272 5900 repente
2304 5827 2579 5887 statueris.
2641 5836 2789 5885 tunc,
2818 5822 2969 5892 juxta
3017 5821 3272 5879 thronum
3333 5822 3441 5878 Deo
3491 5835 3625 5877 ατο-ι
