3884 6204
265 403 367 470 861

264 519 338 571 Σὺ
359 516 410 570 δ’
427 516 614 581 ἐξελοῦ
648 535 714 588 με
749 519 848 590 τῆς
877 519 1237 591 Παλαμναίας
1263 518 1492 593 ὴλάνης,

264 611 533 662 Κάκεῖνον
564 610 731 663 αὐτοῦ
762 612 865 680 τῆς
900 614 1018 680 μεθ’
1048 613 1237 677 αὑτοῦ,
1265 612 1469 685 Χριστέ
1502 632 1627 683 μου,

262 698 439 768 Τριὰς
467 698 634 767 μονὰς
668 701 872 771 πρόσον
902 718 971 771 με
1010 700 1105 755 σοῦ
1137 704 1304 775 μόνης
1333 705 1562 775 λάτρην,

266 885 333 938 de
394 881 633 937 Palamae
687 896 874 936 errore
919 882 1059 937 educ
1131 897 1237 947 me,
1299 883 1575 937 Palamam
1636 883 1839 953 ipsum,

267 974 480 1031 Christe
496 975 592 1040 tui,
611 989 641 1029 a
663 975 903 1045 nequitia
934 989 1085 1031 erue.
1120 975 1356 1030 Trinitas
1379 976 1435 1030 in
1458 973 1664 1030 unitate
1681 976 1827 1032 salva

267 1165 3359 1194 t—'——————-—————————-——-——_—-————-—-——————————_—-

1427 410 1869 472 GRAECORUM
1907 412 2381 475 SENTENTIE.

3411 409 3530 485 869'

1869 534 1922 595 Α
1948 520 2026 597 ’ῌ
2061 527 2211 579 πᾶσα
2244 528 2620 599 προσκύνησις
2648 530 2715 584 ὲκ
2742 527 2962 584 πάντων
2990 532 3126 604 μόνῃ

1948 620 2056 672 Καὶ
2084 617 2230 683 δόξα,
2259 620 2353 673 καὶ
2386 618 2673 690 λάτρευσις
2705 623 2784 685 εἰς
2843 622 2991 678 ᾰπαν
3021 623 3224 693 πρέπει

1947 899 2056 949 me,
2088 884 2167 938 tul
2199 883 2370 941 solius
2393 884 2730 940 adoratorem
2758 902 2773 938 :
2804 893 2856 940 te
2882 885 3052 940 solam
3082 885 3259 941 omnis
3278 884 3527 942 adoratio

1938 974 2112 1041 decet,
2146 985 2197 1031 et
2231 974 2421 1045 gloria,
2446 984 2494 1031 et
2529 975 2778 1031 adoratio
2806 975 2867 1031 in
2894 977 3115 1032 saecula.

1167 1339 1352 1451 EX
1429 1335 1942 1450 LEONIS
2045 1338 2616 1451 ALLATII

1514 1565 2156 1627 DISSERTATIONE
2188 1566 2241 1626 Il

981 1744 1097 1804 DE
1160 1738 1440 1804 LIBRIS
1502 1738 2207 1803 ECCLESIASTICIS
2286 1740 2799 1805 GRECORUM.

330 2061 500 2117 Plura
555 2057 610 2113 in
654 2056 761 2112 hoc
805 2053 1065 2127 synodico
1113 2052 1289 2107 notari
1323 2052 1629 2123 lpoterant.
1695 2053 1830 2120 Quia

1942 2071 2066 2111 nere
2092 2064 2455 2125 compactam,
2492 2054 2675 2124 πηγὴν
2703 2053 2975 2125 βρύουσαν
3002 2053 3267 2125 ζιαμάτων
3300 2058 3520 2127 νάματα

258 2162 453 2208 tamen
487 2148 672 2205 omnia
711 2162 776 2203 eo
806 2144 1126 2216 respiciunt,
1161 2153 1221 2197 ut
1262 2142 1409 2199 illius
1438 2143 1693 2200 Ecclesia:
1723 2144 1841 2199 fau-

260 2256 425 2299 tores
474 2252 663 2296 contra
718 2238 1017 2292 Romanam
1052 2236 1369 2300 Ecclesiam,
1428 2244 1684 2305 tanquam
1738 2236 1840 2291 viri

260 2336 452 2406 probi,
488 2344 542 2388 et
587 2330 871 2386 orthodoxi
923 2311 1176 2384 omnibus
1219 2327 1424 2382 Christi
1468 2328 1735 2390 fidelibus,
1787 2338 1841 2383 et

266 2426 552 2485 laudandi,
589 2432 642 2477 et
673 2420 919 2476 imitandi
949 2428 1346 2488 proponantur,
1384 2433 1489 2473 non
1526 2427 1611 2473 est
1642 2422 1693 2471 in
1733 2418 1841 2475 illis

270 2506 625 2571 recensendis
655 2513 860 2565 diutius
888 2510 1290 2565 immorandum
1324 2526 1337 2561 :
1370 2523 1543 2577 eoque
1569 2510 1840 2578 prazcipue

276 2606 418 2675 quod
465 2607 520 2659 in
552 2605 666 2658 hmc
707 2618 897 2657 novem
928 2603 1103 2671 capita
1144 2601 1328 2656 omnia
1367 2600 1553 2656 referri
1586 2614 1837 2671 possunt.

276 2701 454 2765 Quare
486 2707 681 2752 csetera
710 2710 1125 2765 prosequamur.

353 2791 552 2844 Sextus
584 2789 766 2857 itaque
793 2802 947 2841 error
994 2794 1100 2851 est,
1130 2801 1286 2854 quem
1325 2786 1642 2840 Philotheus
1671 2786 1842 2854 patri-

281 2880 439 2934 archa
470 2877 1131 2945 Constantiimpolitanus,
1158 2886 1217 2929 ut
1245 2875 1500 2930 factionis
1532 2892 1642 2931 sum
1671 2876 1842 2928 homi-

282 2984 399 3024 nem
444 2970 719 3023 laudando
759 2967 1108 3037 opinionibus
1156 2980 1371 3035 quoque
1401 2965 1538 3026 suis,
1581 2981 1643 3018 ac
1676 2966 1843 3019 hatre-

282 3064 427 3117 sibus
449 3063 830 3115 auctoritatem
855 3060 1096 3120 adderet,
1122 3058 1174 3111 in
1200 3056 1499 3112 Ecclesiam
1526 3056 1837 3110 Grmcmum

283 3153 514 3208 intrusit.
548 3152 666 3221 Ipse
706 3151 850 3205 enim
887 3149 1133 3219 exemplo
1165 3163 1304 3201 novo
1350 3148 1624 3202 hominem
1659 3148 1826 3200 haere-

283 3260 407 3299 SEOTI
484 3251 985 3313 propugnatorem,
1060 3248 1453 3309 proptereaque
1526 3248 1837 3292 accusatum

282 3338 439 3391 etiam
494 3345 546 3389 et
592 3334 1010 3389 condemnatum
1055 3346 1081 3384 a
1132 3331 1424 3401 plerisque.
1470 3331 1521 3383 in
1575 3330 1834 3400 Spiritum

1948 2150 2156 2211 πιστοῖς
2199 2147 2404 2203 fontem
2444 2146 2827 2201 scaturientem
2875 2145 3173 2200 sanitatum
3222 2146 3424 2202 fluenta
3466 2150 3521 2201 fi-

1946 2237 2190 2304 delibus,
2253 2236 2579 2306 Ἑκκλησίας
2623 2236 2964 2303 διδάσκαλον,
3016 2237 3270 2293 Ecclesia:
3312 2239 3519 2309 magis-

1944 2336 2112 2395 trum,
2148 2327 2324 2396 φωτὸς
2349 2326 2495 2380 θείου
2527 2327 2765 2396 κήρυκα,
2798 2327 3021 2382 luminis
3051 2328 3221 2381 divini
3255 2328 3518 2383 buccina-

1947 2435 2139 2485 torem,
2175 2420 2587 2491 οὗρανομύστην
2611 2420 2711 2489 τῆς
2742 2419 3001 2490 Τριάδος,
3045 2421 3322 2475 caelestem
3360 2421 3519 2477 Tria-

1944 2514 2029 2568 dis
2057 2520 2308 2583 mystem,
2329 2513 2593 2583 φωστῆρα
2620 2510 2958 2583 ὀρθοδοξίας,
2994 2524 3157 2567 rectae
3184 2512 3305 2567 fidei
3330 2514 3515 2583 splen-

1944 2606 2153 2670 dorem,
2200 2604 2527 2675 Ἐκκλησῐας
2574 2605 2857 2674 στήριγμα
2898 2605 2993 2657 καὶ
3040 2604 3381 2669 διδάσκαλον,
3414 2606 3515 2662 Ec-

1945 2699 2123 2754 clesia:
2152 2697 2382 2752 fulcrum
2415 2704 2468 2751 et
2496 2697 2840 2765 magistrum,
2884 2696 3103 2763 κήρυκα
3138 2696 3236 2765 τῆς
3270 2697 3518 2767 χάριτος,

1943 2804 2248 2861 praeconem
2278 2788 2485 2856 gratiae,
2515 2787 2706 2840 στῦλον
2736 2786 2838 2855 τῆς
2864 2786 3130 2853 πίστεως,
3194 2786 3318 2841 fidei
3366 2788 3517 2842 colu-

1944 2895 2148 2944 mnam,
2188 2879 2446 2948 καύχημα
2492 2879 2585 2933 καὶ
2630 2878 2909 2947 στήριγμα
2948 2878 3202 2945 μέγιστον
3233 2878 3340 2930 τῶν
3363 2879 3522 2947 ὀρθα-

1942 2972 2129 3037 δόξων,
2163 2971 2388 3040 gloriam
2439 2979 2492 3024 et
2527 2969 2824 3023 maximum
2858 2970 3289 3023 orthodoxorum
3328 2968 3515 3022 firma-

1946 3071 2207 3126 mentum,
2230 3060 2490 3128 Θεολόγον
2513 3059 2789 3130 δεύτερον,
2820 3059 3159 3129 'l‘heologum
3187 3059 3516 3119 secundum.

1943 3150 2050 3203 τῶν
2102 3149 2437 3203 διδασκάλων
2494 3149 2789 3220 ἀκρότητα,
2842 3148 3228 3217 Magistrorum
3285 3149 3520 3217 apicem,

1946 3240 2209 3309 θεολόγων
2235 3241 2295 3293 τὸ
2325 3241 2519 3309 στόμα,
2551 3238 2960 3309 Theologorum
2988 3255 3071 3296 os.
3110 3238 3175 3293 Et
3202 3241 3331 3309 quid
3368 3257 3473 3294 non
3494 3239 3521 3294 3

1945 3334 2129 3387 omnia
2172 3332 2500 3387 laudationis
2548 3334 2750 3401 capita,
2784 3347 2907 3401 quae
2938 3332 3063 3387 aliis
3092 3331 3347 3387 Patrihus
3380 3332 3519 3386 divi-

282 3438 549 3485 sanctum.
603 3440 665 3478 ac
721 3422 1020 3478 Ecclesiam
1074 3422 1318 3476 Latinam
1376 3422 1653 3490 injurium,
1714 3408 1835 3477 cum
1869 3415 1912 3474 C
1946 3425 2048 3479 sim
2080 3425 2146 3479 ab
2173 3424 2293 3478 aliis
2323 3424 2659 3488 tribuuntur,
2696 3424 2748 3476 in
2800 3425 2945 3478 hunc
2982 3424 3158 3478 solum
3197 3424 3516 3479 Philotheus

278 3518 495 3587 scriptis
520 3515 680 3569 editis
712 3523 902 3571 contra
932 3514 1228 3569 catholicos
1254 3514 1422 3576 viros,
1450 3513 1595 3566 illius
1633 3527 1697 3566 ex
1734 3512 1836 3566 Pa-

279 3618 358 3663 tre
409 3605 527 3662 solo
584 3607 992 3675 processionem
1043 3603 1362 3667 defenderit,
1413 3614 1472 3657 ut
1501 3618 1563 3657 ex
1600 3604 1719 3672 ejus
1768 3603 1837 3657 ad

277 3698 439 3755 Vecci
466 3698 857 3768 inscriptiones
890 3695 1376 3755 confutationibus,
1401 3695 1600 3763 quibus
1623 3693 1839 3748 abunde

272 3789 537 3846 satisfecit
581 3788 835 3843 Bessario
871 3786 1186 3851 cardinalis,
1213 3795 1268 3840 et
1303 3786 1423 3839 aliis
1466 3785 1675 3839 duabus
1706 3785 1838 3838 Ora-

272 3882 537 3941 tionibus,
589 3894 723 3949 quas
765 3880 879 3947 ipse
922 3878 1359 3938 Ἀποδεικτικοὺς
1406 3876 1589 3940 ὶὸγουε
1645 3885 1836 3928 contra

274 3973 499 4027 Latinos
530 3969 879 4035 nuncupavit,
912 3966 1138 4019 Londini
1164 3965 1347 4020 Graece
1375 3964 1680 4032 puhliratis.
1715 3978 1832 4016 ma-

274 4062 535 4117 nifestum
563 4070 665 4124 est,
696 4061 837 4113 inter
865 4058 1015 4109 divos
1044 4055 1245 4118 retulit,
1276 4064 1329 4108 et
1357 4054 1475 4123 ejus
1507 4053 1827 4107 memoriam

268 4158 448 4209 otlicio
476 4158 540 4208 de
570 4170 710 4206 novo
749 4153 1082 4219 coascripto,
1116 4148 1263 4220 quod
1307 4150 1360 4203 in
1394 4148 1654 4204 Erclesiis
1682 4148 1832 4214 cani,

268 4246 732 4316 quemadmodum
770 4254 822 4296 et
856 4244 907 4295 in
956 4243 1185 4295 aliorum
1220 4251 1529 4295 sanctorum
1582 4239 1836 4293 solemni-

268 4335 475 4387 tatihus
502 4332 694 4394 voluit,
723 4330 1034 4395 celebravit,
1062 4346 1182 4400 pag.
1209 4330 1277 4384 96
1300 4345 1351 4383 a.
1379 4344 1427 4383 c.
1455 4345 1528 4381 tu.
1555 4338 1605 4381 et
1628 4344 1705 4382 ss.
1725 4326 1831 4381 Pa-

267 4428 427 4480 lamae
453 4439 583 4477 vero
638 4423 825 4476 laudes
873 4423 943 4475 ita
982 4435 1299 4491 prosecutus
1342 4428 1448 4481 est.
1483 4428 1541 4473 ut
1582 4420 1692 4488 jam
1725 4418 1834 4473 Na-

266 4519 562 4571 zianzenus
583 4554 598 4577 ,
658 4511 937 4582 Nyssenus
960 4553 975 4577 ,
1046 4511 1274 4565 Basilius
1296 4553 1310 4575 ,
1370 4510 1794 4581 Chrysostomus
1816 4548 1832 4573 ,

268 4606 622 4669 Athanasius,
666 4614 963 4673 cmteraque
1020 4604 1275 4657 Ecclesia:
1322 4602 1521 4657 Grmcze
1568 4603 1829 4667 culmina,

266 4697 471 4765 quibus
513 4712 633 4749 cum
682 4705 891 4750 tantum
940 4695 1115 4749 scelus
1150 4694 1461 4755 committit,
1508 4694 1641 4748 nihil
1695 4695 1826 4756 sint,

269 4788 409 4840 nihil
446 4789 498 4841 in
541 4787 789 4842 Ecclesiae
816 4786 1105 4841 Utilitatem
1134 4786 1365 4855 egerint.
1402 4787 1531 4853 Pag.
1559 4787 1703 4838 enim
1734 4785 1823 4839 96.
1860 4785 1925 4864 ζ(

266 4890 325 4931 et
353 4878 489 4932 infra
518 4889 673 4933 vocat
704 4894 828 4933 eum
859 4877 1297 4946 Οαυματουργδν,
1329 4876 1715 4930 miraculorum
1752 4874 1831 4929 ef-

268 4971 549 5029 fectorem,
597 4969 875 5037 θεολογίας
907 4968 1217 5032 σάλπιγγα.
1264 4965 1570 5034 Theologie
1623 4966 1829 5029 tubam,

269 5060 572 5127 πυρίπνουν
625 5058 797 5125 στόμα
837 5058 935 5124 τῆς
984 5057 1206 5125 χάριτος
1260 5056 1434 5125 ignem
1488 5053 1704 5122 spirans
1770 5068 1831 5107 os

268 5152 479 5219 gratiae.
537 5149 845 5223 πνεύματος
892 5148 1116 5216 δοχεῖον,
1153 5146 1375 5212 spiritus
1402 5145 1833 5213 receptaculum,

270 5238 460 5291 στῦὒον
486 5238 581 5306 τῆς
634 5236 959 5305 Ἐκκλησὶας
1000 5235 1354 5304 ἀχράδαντον,
1383 5233 1693 5285 columnam
1730 5231 1830 5286 Ec-

263 5329 444 5384 clrsize
504 5330 916 5386 inconcussmn,
978 5325 1261 5386 εὐσεϐείας
1320 5323 1668 5391 ὑπέρμαχον,
1736 5326 1830 5375 καὶ

262 5420 517 5481 ἁσεὸεὲας
541 5420 852 5481 ἀντίπαλον,
884 5418 1099 5486 pietatis
1129 5426 1609 5486 propugnatorem,
1638 5414 1833 5484 impie-

264 5511 393 5564 tatis
421 5518 868 5577 oppugnatorem,
908 5508 1141 5570 πίστεως
1190 5506 1524 5575 προστάτην,
1569 5505 1689 5559 fidei
1733 5505 1825 5561 dc-

262 5602 557 5663 t'ensorem,
600 5602 772 5669 μέγαν
818 5600 1170 5670 καθηγεμόνα
1217 5597 1307 5650 καὶ
1341 5597 1681 5663 διδάσκαλον,
1716 5613 1829 5651 ma-

260 5710 433 5765 gnum
490 5694 677 5748 ducem
733 5702 788 5747 et
842 5695 1179 5764 magistrum,
1230 5692 1400 5765 λύραν
1451 5690 1821 5759 παναρμόνιον

265 5785 577 5854 πνεύματος
617 5786 840 5855 spiritus
876 5788 1039 5855 lyram
1091 5783 1237 5837 omni
1293 5784 1701 5839 ltartuoniarum
1734 5800 1827 5853 ge-

1946 3515 2046 3570 iste
2078 3514 2371 3585 congessit.
2399 3515 2463 3568 Et
2498 3530 2566 3568 ne
2614 3515 2890 3570 videretur
2919 3515 3085 3569 etiam
3134 3515 3271 3575 diuze
3307 3517 3520 3586 Virgini

1943 3604 2189 3669 inferior,
2223 3606 2483 3672 hymnum
2521 3604 2597 3657 illi
2645 3620 2898 3669 sacrum,
2944 3615 2997 3659 et
3030 3605 3245 3659 recitari
3293 3606 3516 3660 solitum

1942 3694 1998 3750 in
2041 3694 2216 3749 ofﬁcio
2248 3694 2511 3749 Acatltisti
2564 3695 2643 3748 sic
2673 3686 2834 3760 dicti,
2874 3694 3017 3761 quod
3049 3711 3321 3763 nunquam
3361 3696 3413 3747 in
3449 3710 3517 3750 eo

1941 3785 2213 3850 sedeatur,
2245 3786 2313 3840 ob
2340 3786 2695 3840 reverentiam
2730 3785 2993 3854 Deiparae,
3020 3786 3175 3855 cujus
3200 3786 3388 3840 laudes
3419 3802 3521 3856 pro

1943 3872 2223 3927 beneficiis
2271 3875 2507 3943 acceptis
2549 3877 2872 3937 recitantur,
2914 3891 3037 3944 pag.
3090 3876 3277 3940 1581),
3311 3892 3357 3929 c.
3394 3892 3432 3939 ι,
3472 3877 3512 3931 f.

1942 3963 2067 4017 inde
2098 3963 2365 4027 avulsum,
2406 3974 2459 4018 et
2496 3964 2685 4034 paucis
2718 3966 3043 4027 immutatis,
3075 3980 3171 4034 per
3204 3965 3513 4033 parodiam,

1942 4052 1997 4108 in
2042 4056 2186 4109 hunc
2218 4053 2517 4116 Palamam,
2568 4071 2673 4109 non
2727 4056 2845 4111 sine
2892 4056 3130 4110 maxima
3187 4056 3510 4110 temeritatis

1942 4157 2079 4203 nota
2122 4150 2441 4204 transvexit.
2482 4149 2748 4204 l’rmterea
2790 4152 2843 4204 in
2890 4151 3008 4220 ejus
3036 4149 3357 4221 Synaxario,
3410 4151 3505 4205 ubi

1942 4238 2175 4294 Palamae
2204 4241 2369 4294 vitam
2401 4241 2789 4309 compendiose
2819 4241 3158 4310 exsequitur,
3195 4241 3337 4293 inter
3371 4241 3506 4305 alia,

1942 4331 2071 4384 dum
2115 4332 2231 4400 ejus
2265 4333 2320 4385 in
2368 4332 2669 4388 haeresibus
2710 4334 3109 4403 oppugnandis,
3163 4349 3225 4387 ac
3264 4332 3367 4385 fide
3417 4348 3513 4387 ca-

1938 4422 2141 4475 tholica
2184 4427 2527 4492 propaganda
2579 4425 2819 4479 studium
2868 4432 3091 4491 narrat,
3145 4425 3284 4479 nihil
3332 4426 3508 4489 aliud,

1938 4515 2042 4567 nisi
2101 4515 2244 4568 illius
2284 4518 2336 4568 in
2383 4515 2682 4570 Romanam
2729 4515 3031 4571 Ecclesiam
3092 4517 3403 4583 machinas,
3452 4518 3509 4572 iu

1940 4604 2163 4661 Latinos
2195 4606 2339 4669 odia,
2370 4621 2467 4675 pro
2498 4609 2809 4662 asserendis
2837 4608 3147 4662 Graecorum
3185 4611 3467 4663 errorihus
3493 4649 3510 4675 ,

1937 4711 2001 4750 ac
2033 4696 2140 4753 illis
2173 4696 2583 4757 confirmandis,
2620 4697 2930 4752 evertendis
2962 4697 3283 4751 Latinorum
3312 4700 3515 4751 verita-

1938 4784 2103 4845 tihus,
2138 4794 2192 4836 et
2233 4784 2505 4851 praecipue
2538 4783 2605 4837 de
2654 4785 3003 4852 processione
3045 4785 3280 4853 Spiritus
3334 4786 3511 4840 sancti

1939 4889 2003 4925 ex
2034 4872 2190 4926 Patre
2232 4882 2287 4925 et
2316 4872 2453 4926 Filio
2484 4889 2726 4942 operam,
2774 4877 2877 4930 etsi
2932 4878 3155 4931 subdole
3186 4880 3408 4931 nomina
3458 4887 3513 4931 et

1940 4963 2380 5016 circumstantias
2404 4972 2599 5029 taceat,
2623 4966 2878 5033 proponit
2911 4982 3029 5036 pag.
3061 4966 3162 5031 98,
3196 4983 3289 5036 per
3322 4977 3510 5022 totam.

1940 5053 2170 5108 Palama:
2198 5064 2492 5123 praeterea,
2520 5072 2640 5124 quze
2673 5056 2792 5124 ipse
2822 5056 2877 5109 in
2928 5057 3146 5110 Latinos
3177 5059 3243 5111 de
3275 5058 3512 5125 Spiritus

1943 5146 2114 5199 sancti
2160 5146 2546 5214 processionne
2571 5145 2786 5211 equtiit,
2834 5148 2968 5201 alias
3001 5148 3357 5216 inThcoiogia
3400 5158 3513 5197 tia--

1944 5250 2093 5290 reses
2144 5246 2198 5291 et
2242 5234 2496 5305 ineptias,
2546 5254 2749 5305 easque
2799 5240 3230 5307 quamplurimas
3278 5254 3341 5290 ex
3392 5239 3512 5299 ejus

1942 5326 2161 5392 scriptis
2197 5327 2452 5379 collectas
2482 5327 2588 5380 late
2619 5329 2972 5397 prosequitur
3006 5330 3181 5381 libello
3214 5326 3279 5379 de
3314 5326 3415 5378 hac
3448 5340 3505 5376 re

1940 5421 2083 5473 edito
2111 5420 2413 5473 Demetrius
2444 5419 2735 5489 Cydonius.
2784 5422 2963 5486 Quare
2996 5422 3081 5473 hic
3110 5420 3262 5487 plura
3298 5415 3507 5468 referre

1937 5512 2285 5580 supersedeo.
2322 5512 2570 5566 Andreas
2599 5513 2759 5566 etiam
2805 5511 3145 5565 (Iolossensis
3189 5508 3413 5575 Dialogo
3447 5522 3505 5559 in

1936 5603 2101 5657 Marci
2136 5601 2392 5672 Epltesitti
2424 5603 2732 5672 epistolam,
2776 5612 2967 5655 contra
3004 5601 3138 5653 ritus
3171 5598 3495 5652 Latinorum

1932 5695 2219 5751 nonnullas
2252 5694 2481 5763 hujusce
2509 5695 2739 5749 Palamm
2771 5696 2822 5747 in
2851 5708 3020 5745 unum
3048 5691 3265 5762 collegit
3294 5706 3504 5760 pravas

1940 5796 1991 5841 ct
2018 5802 2045 5840 a
2073 5786 2171 5841 fide
2194 5785 2460 5841 catholica
2483 5786 2683 5840 alienas
2703 5782 3023 5851 sententias,
3050 5798 3187 5853 quas
3213 5782 3301 5839 hic
3333 5790 3509 5837 trans-
