  <div class='ocr_page' id='page_1' title='image "/cluster/home/n/w/nwhite01/storage/ocr_20150623/150/hvd.32044073498826/437.png"; bbox 0 0 3956 6194; ppageno 0'>
   <div class='ocr_carea' id='block_1_1' title="bbox 509 380 618 444">
    <p class='ocr_par' dir='ltr' id='par_1_1' title="bbox 509 380 618 444">
     <span class='ocr_line' id='line_1_1' title="bbox 509 380 618 444; baseline -0.018 -1"><span class='ocrx_word' id='word_1_1' title='bbox 509 380 618 444; x_wconf 83' lang='lat'><strong>863</strong></span> 
     </span>
    </p>
   </div>
   <div class='ocr_carea' id='block_1_2' title="bbox 1686 379 2569 445">
    <p class='ocr_par' dir='ltr' id='par_1_2' title="bbox 1686 379 2569 445">
     <span class='ocr_line' id='line_1_2' title="bbox 1686 379 2569 445; baseline 0 -3"><span class='ocrx_word' id='word_1_2' title='bbox 1686 381 1786 442; x_wconf 86' lang='lat' dir='ltr'><strong>DE</strong></span> <span class='ocrx_word' id='word_1_3' title='bbox 1819 379 2219 443; x_wconf 78' lang='lat' dir='ltr'><strong>GREGORIO</strong></span> <span class='ocrx_word' id='word_1_4' title='bbox 2257 382 2569 445; x_wconf 79' lang='lat' dir='ltr'><strong>PALAMA</strong></span> 
     </span>
    </p>
   </div>
   <div class='ocr_carea' id='block_1_3' title="bbox 3594 375 3710 454">
    <p class='ocr_par' dir='ltr' id='par_1_3' title="bbox 3594 375 3710 454">
     <span class='ocr_line' id='line_1_3' title="bbox 3594 375 3710 454; baseline 0.034 -4"><span class='ocrx_word' id='word_1_5' title='bbox 3594 375 3601 380; x_wconf 84' lang='grc'><em>’</em></span> <span class='ocrx_word' id='word_1_6' title='bbox 3619 391 3710 454; x_wconf 70' lang='lat' dir='ltr'><strong>siit</strong></span> 
     </span>
    </p>
   </div>
   <div class='ocr_carea' id='block_1_4' title="bbox 511 491 2099 567">
    <p class='ocr_par' dir='ltr' id='par_1_4' title="bbox 511 494 2079 566">
     <span class='ocr_line' id='line_1_4' title="bbox 511 494 2079 566; baseline -0.001 -16"><span class='ocrx_word' id='word_1_7' title='bbox 511 494 744 563; x_wconf 86' lang='lat' dir='ltr'><strong>cribam,</strong></span> <span class='ocrx_word' id='word_1_8' title='bbox 774 495 911 566; x_wconf 84' lang='lat' dir='ltr'><strong>quia-</strong></span> <span class='ocrx_word' id='word_1_9' title='bbox 941 495 1078 552; x_wconf 89' lang='lat' dir='ltr'><strong>liber</strong></span> <span class='ocrx_word' id='word_1_10' title='bbox 1108 509 1218 552; x_wconf 80' lang='lat' dir='ltr'><strong>non</strong></span> <span class='ocrx_word' id='word_1_11' title='bbox 1257 495 1515 552; x_wconf 84' lang='lat' dir='ltr'><strong>omnibus</strong></span> <span class='ocrx_word' id='word_1_12' title='bbox 1553 505 1719 566; x_wconf 86' lang='lat' dir='ltr'><strong>patet.</strong></span> <span class='ocrx_word' id='word_1_13' title='bbox 1757 515 1776 548; x_wconf 88' lang='grc' dir='ltr'><strong>ι</strong></span> <span class='ocrx_word' id='word_1_14' title='bbox 1808 495 2079 552; x_wconf 66' lang='lat' dir='ltr'><strong>Prasterea</strong></span> 
     </span>
    </p>
   </div>
   <div class='ocr_carea' id='block_1_5' title="bbox 2202 491 3709 567">
    <p class='ocr_par' dir='ltr' id='par_1_5' title="bbox 2202 494 3709 567">
     <span class='ocr_line' id='line_1_5' title="bbox 2202 494 3709 567; baseline 0.023 -43"><span class='ocrx_word' id='word_1_15' title='bbox 2202 495 2258 563; x_wconf 52' lang='grc' dir='ltr'><strong>μή</strong></span> <span class='ocrx_word' id='word_1_16' title='bbox 2269 494 2548 567; x_wconf 67' lang='grc' dir='ltr'>,Ἰωάννης</span> <span class='ocrx_word' id='word_1_17' title='bbox 2570 495 2709 565; x_wconf 69' lang='grc' dir='ltr'><strong>ἐλέῳ</strong></span> <span class='ocrx_word' id='word_1_18' title='bbox 2725 494 2863 550; x_wconf 81' lang='grc' dir='ltr'>Θεοῦ</span> <span class='ocrx_word' id='word_1_19' title='bbox 2881 495 3307 566; x_wconf 83' lang='grc' dir='ltr'>ἀρχιεπίσκοπος</span> <span class='ocrx_word' id='word_1_20' title='bbox 3320 498 3709 558; x_wconf 75' lang='grc' dir='ltr'>Κωνσταντινου-</span> 
     </span>
    </p>
   </div>
   <div class='ocr_carea' id='block_1_6' title="bbox 515 586 2086 658">
    <p class='ocr_par' dir='ltr' id='par_1_6' title="bbox 515 586 2086 658">
     <span class='ocr_line' id='line_1_6' title="bbox 515 586 2086 658; baseline 0.001 -16"><span class='ocrx_word' id='word_1_21' title='bbox 515 602 640 642; x_wconf 89' lang='lat' dir='ltr'><strong>cum</strong></span> <span class='ocrx_word' id='word_1_22' title='bbox 674 588 864 643; x_wconf 87' lang='lat' dir='ltr'><strong>Patres</strong></span> <span class='ocrx_word' id='word_1_23' title='bbox 898 588 976 643; x_wconf 87' lang='lat' dir='ltr'><strong>tui</strong></span> <span class='ocrx_word' id='word_1_24' title='bbox 1011 596 1062 644; x_wconf 91' lang='lat' dir='ltr'><strong>te</strong></span> <span class='ocrx_word' id='word_1_25' title='bbox 1094 586 1350 658; x_wconf 81' lang='lat' dir='ltr'><strong>Ephesiis</strong></span> <span class='ocrx_word' id='word_1_26' title='bbox 1381 587 1432 643; x_wconf 89' lang='lat' dir='ltr'><strong>in</strong></span> <span class='ocrx_word' id='word_1_27' title='bbox 1467 588 1758 656; x_wconf 65' lang='lat' dir='ltr'><strong>praesulem</strong></span> <span class='ocrx_word' id='word_1_28' title='bbox 1807 588 2086 657; x_wconf 68' lang='lat' dir='ltr'><strong>prteﬁeere</strong></span> 
     </span>
    </p>
   </div>
   <div class='ocr_carea' id='block_1_7' title="bbox 515 680 2084 752">
    <p class='ocr_par' dir='ltr' id='par_1_7' title="bbox 515 680 2084 752">
     <span class='ocr_line' id='line_1_7' title="bbox 515 680 2084 752; baseline 0.001 -19"><span class='ocrx_word' id='word_1_29' title='bbox 515 682 748 745; x_wconf 76' lang='lat' dir='ltr'><strong>vellent,</strong></span> <span class='ocrx_word' id='word_1_30' title='bbox 800 697 908 739; x_wconf 85' lang='lat' dir='ltr'><strong>non</strong></span> <span class='ocrx_word' id='word_1_31' title='bbox 946 681 1098 751; x_wconf 89' lang='lat' dir='ltr'><strong>prius</strong></span> <span class='ocrx_word' id='word_1_32' title='bbox 1122 680 1396 752; x_wconf 87' lang='lat' dir='ltr'><strong>pontiﬁcis</strong></span> <span class='ocrx_word' id='word_1_33' title='bbox 1435 680 1696 751; x_wconf 71' lang='lat' dir='ltr'><strong>dignitate</strong></span> <span class='ocrx_word' id='word_1_34' title='bbox 1733 688 2084 746; x_wconf 86' lang='lat' dir='ltr'><strong>ornaverunt,</strong></span> 
     </span>
    </p>
   </div>
   <div class='ocr_carea' id='block_1_8' title="bbox 516 769 2088 844">
    <p class='ocr_par' dir='ltr' id='par_1_8' title="bbox 516 769 2088 844">
     <span class='ocr_line' id='line_1_8' title="bbox 516 769 2088 844; baseline 0.001 -20"><span class='ocrx_word' id='word_1_35' title='bbox 516 787 680 839; x_wconf 87' lang='lat' dir='ltr'><strong>quam</strong></span> <span class='ocrx_word' id='word_1_36' title='bbox 713 771 1065 841; x_wconf 88' lang='lat' dir='ltr'><strong>jurejurando</strong></span> <span class='ocrx_word' id='word_1_37' title='bbox 1097 773 1375 844; x_wconf 84' lang='lat' dir='ltr'><strong>pollicitus</strong></span> <span class='ocrx_word' id='word_1_38' title='bbox 1403 771 1594 834; x_wconf 88' lang='lat' dir='ltr'><strong>fueris,</strong></span> <span class='ocrx_word' id='word_1_39' title='bbox 1628 783 1687 826; x_wconf 90' lang='lat' dir='ltr'><strong>ut</strong></span> <span class='ocrx_word' id='word_1_40' title='bbox 1719 785 1841 842; x_wconf 80' lang='lat' dir='ltr'><strong>quae</strong></span> <span class='ocrx_word' id='word_1_41' title='bbox 1875 769 2088 840; x_wconf 80' lang='lat' dir='ltr'><strong>Grego-</strong></span> 
     </span>
    </p>
   </div>
   <div class='ocr_carea' id='block_1_9' title="bbox 519 861 2087 934">
    <p class='ocr_par' dir='ltr' id='par_1_9' title="bbox 519 861 2087 934">
     <span class='ocr_line' id='line_1_9' title="bbox 519 861 2087 934; baseline 0.001 -18"><span class='ocrx_word' id='word_1_42' title='bbox 519 864 632 918; x_wconf 85' lang='lat' dir='ltr'><strong>rius</strong></span> <span class='ocrx_word' id='word_1_43' title='bbox 667 861 886 918; x_wconf 83' lang='lat' dir='ltr'><strong>Palama</strong></span> <span class='ocrx_word' id='word_1_44' title='bbox 936 865 992 918; x_wconf 89' lang='lat' dir='ltr'><strong>in</strong></span> <span class='ocrx_word' id='word_1_45' title='bbox 1022 879 1121 919; x_wconf 89' lang='lat' dir='ltr'><strong>sua</strong></span> <span class='ocrx_word' id='word_1_46' title='bbox 1163 865 1404 920; x_wconf 90' lang='lat' dir='ltr'><strong>editione</strong></span> <span class='ocrx_word' id='word_1_47' title='bbox 1447 879 1612 934; x_wconf 90' lang='lat' dir='ltr'><strong>quam</strong></span> <span class='ocrx_word' id='word_1_48' title='bbox 1644 863 1858 918; x_wconf 87' lang='lat' dir='ltr'><strong>Tomon</strong></span> <span class='ocrx_word' id='word_1_49' title='bbox 1905 864 2087 920; x_wconf 80' lang='lat' dir='ltr'><strong>nomi-</strong></span> 
     </span>
    </p>
   </div>
   <div class='ocr_carea' id='block_1_10' title="bbox 514 955 2088 1026">
    <p class='ocr_par' dir='ltr' id='par_1_10' title="bbox 514 955 2088 1026">
     <span class='ocr_line' id='line_1_10' title="bbox 514 955 2088 1026; baseline 0.001 -18"><span class='ocrx_word' id='word_1_50' title='bbox 514 956 686 1018; x_wconf 88' lang='lat' dir='ltr'><strong>navit,</strong></span> <span class='ocrx_word' id='word_1_51' title='bbox 737 955 934 1011; x_wconf 88' lang='lat' dir='ltr'><strong>edocet</strong></span> <span class='ocrx_word' id='word_1_52' title='bbox 967 956 1268 1011; x_wconf 80' lang='lat' dir='ltr'><strong>indubitata</strong></span> <span class='ocrx_word' id='word_1_53' title='bbox 1303 957 1405 1012; x_wconf 87' lang='lat' dir='ltr'><strong>ﬁde</strong></span> <span class='ocrx_word' id='word_1_54' title='bbox 1439 957 1770 1026; x_wconf 86' lang='lat' dir='ltr'><strong>susciperes,</strong></span> <span class='ocrx_word' id='word_1_55' title='bbox 1809 971 1872 1010; x_wconf 86' lang='lat' dir='ltr'><strong>ac</strong></span> <span class='ocrx_word' id='word_1_56' title='bbox 1897 955 2088 1013; x_wconf 68' lang='lat' dir='ltr'><strong>defeno</strong></span> 
     </span>
    </p>
   </div>
   <div class='ocr_carea' id='block_1_11' title="bbox 515 1046 2088 1119">
    <p class='ocr_par' dir='ltr' id='par_1_11' title="bbox 515 1046 2088 1119">
     <span class='ocr_line' id='line_1_11' title="bbox 515 1046 2088 1119; baseline 0.001 -17"><span class='ocrx_word' id='word_1_57' title='bbox 515 1062 690 1102; x_wconf 85' lang='lat' dir='ltr'><strong>sares.</strong></span> <span class='ocrx_word' id='word_1_58' title='bbox 726 1046 821 1102; x_wconf 89' lang='lat' dir='ltr'><strong>Ille</strong></span> <span class='ocrx_word' id='word_1_59' title='bbox 846 1057 1028 1104; x_wconf 91' lang='lat' dir='ltr'><strong>autem</strong></span> <span class='ocrx_word' id='word_1_60' title='bbox 1068 1049 1211 1105; x_wconf 88' lang='lat' dir='ltr'><strong>inter</strong></span> <span class='ocrx_word' id='word_1_61' title='bbox 1255 1059 1482 1104; x_wconf 68' lang='lat' dir='ltr'><strong>caeteras</strong></span> <span class='ocrx_word' id='word_1_62' title='bbox 1529 1049 1874 1119; x_wconf 82' lang='lat' dir='ltr'><strong>blasphemas</strong></span> <span class='ocrx_word' id='word_1_63' title='bbox 1928 1048 2088 1103; x_wconf 82' lang='lat' dir='ltr'><strong>diﬁ‘e-</strong></span> 
     </span>
    </p>
   </div>
   <div class='ocr_carea' id='block_1_12' title="bbox 517 1138 2084 1213">
    <p class='ocr_par' dir='ltr' id='par_1_12' title="bbox 517 1138 2084 1213">
     <span class='ocr_line' id='line_1_12' title="bbox 517 1138 2084 1213; baseline 0.003 -21"><span class='ocrx_word' id='word_1_64' title='bbox 517 1138 741 1204; x_wconf 82' lang='lat' dir='ltr'><strong>rentias,</strong></span> <span class='ocrx_word' id='word_1_65' title='bbox 770 1154 906 1209; x_wconf 89' lang='lat' dir='ltr'><strong>quas</strong></span> <span class='ocrx_word' id='word_1_66' title='bbox 944 1146 1198 1196; x_wconf 70' lang='lat' dir='ltr'><strong>essentia:</strong></span> <span class='ocrx_word' id='word_1_67' title='bbox 1225 1141 1448 1208; x_wconf 68' lang='lat' dir='ltr'><strong>divinae,</strong></span> <span class='ocrx_word' id='word_1_68' title='bbox 1480 1153 1533 1197; x_wconf 91' lang='lat' dir='ltr'><strong>et</strong></span> <span class='ocrx_word' id='word_1_69' title='bbox 1573 1144 1687 1199; x_wconf 90' lang='lat' dir='ltr'><strong>suis</strong></span> <span class='ocrx_word' id='word_1_70' title='bbox 1723 1143 1962 1213; x_wconf 86' lang='lat' dir='ltr'><strong>energiis</strong></span> <span class='ocrx_word' id='word_1_71' title='bbox 2004 1143 2084 1196; x_wconf 62' lang='lat' dir='ltr'><strong>fav</strong></span> 
     </span>
    </p>
   </div>
   <div class='ocr_carea' id='block_1_13' title="bbox 517 1228 2090 1298">
    <p class='ocr_par' dir='ltr' id='par_1_13' title="bbox 517 1228 2090 1298">
     <span class='ocr_line' id='line_1_13' title="bbox 517 1228 2090 1298; baseline 0.005 -19"><span class='ocrx_word' id='word_1_72' title='bbox 517 1228 772 1292; x_wconf 84' lang='lat' dir='ltr'><strong>bricavit,</strong></span> <span class='ocrx_word' id='word_1_73' title='bbox 797 1231 897 1286; x_wconf 87' lang='lat' dir='ltr'><strong>has</strong></span> <span class='ocrx_word' id='word_1_74' title='bbox 929 1232 1091 1286; x_wconf 90' lang='lat' dir='ltr'><strong>etiam</strong></span> <span class='ocrx_word' id='word_1_75' title='bbox 1118 1233 1350 1298; x_wconf 88' lang='lat' dir='ltr'><strong>addidit,</strong></span> <span class='ocrx_word' id='word_1_76' title='bbox 1378 1242 1437 1288; x_wconf 92' lang='lat' dir='ltr'><strong>ut</strong></span> <span class='ocrx_word' id='word_1_77' title='bbox 1465 1235 1649 1289; x_wconf 80' lang='lat' dir='ltr'><strong>divina</strong></span> <span class='ocrx_word' id='word_1_78' title='bbox 1676 1236 1908 1290; x_wconf 85' lang='lat' dir='ltr'><strong>essentia</strong></span> <span class='ocrx_word' id='word_1_79' title='bbox 1937 1249 2090 1289; x_wconf 89' lang='lat' dir='ltr'><strong>crea-</strong></span> 
     </span>
    </p>
   </div>
   <div class='ocr_carea' id='block_1_14' title="bbox 519 1325 2088 1396">
    <p class='ocr_par' dir='ltr' id='par_1_14' title="bbox 519 1325 2088 1396">
     <span class='ocr_line' id='line_1_14' title="bbox 519 1325 2088 1396; baseline 0.005 -22"><span class='ocrx_word' id='word_1_80' title='bbox 519 1332 658 1378; x_wconf 76' lang='lat' dir='ltr'><strong>turae</strong></span> <span class='ocrx_word' id='word_1_81' title='bbox 707 1325 950 1378; x_wconf 67' lang='lat' dir='ltr'><strong>minimae</strong></span> <span class='ocrx_word' id='word_1_82' title='bbox 992 1327 1413 1396; x_wconf 73' lang='lat' dir='ltr'><strong>appropinquat,</strong></span> <span class='ocrx_word' id='word_1_83' title='bbox 1469 1326 1616 1395; x_wconf 88' lang='lat' dir='ltr'><strong>quod</strong></span> <span class='ocrx_word' id='word_1_84' title='bbox 1668 1326 1886 1396; x_wconf 84' lang='lat' dir='ltr'><strong>energia</strong></span> <span class='ocrx_word' id='word_1_85' title='bbox 1939 1327 2088 1382; x_wconf 87' lang='lat' dir='ltr'><strong>facit.</strong></span> 
     </span>
    </p>
   </div>
   <div class='ocr_carea' id='block_1_15' title="bbox 516 1416 2089 1489">
    <p class='ocr_par' dir='ltr' id='par_1_15' title="bbox 516 1416 2089 1489">
     <span class='ocr_line' id='line_1_15' title="bbox 516 1416 2089 1489; baseline 0.002 -19"><span class='ocrx_word' id='word_1_86' title='bbox 516 1416 654 1471; x_wconf 86' lang='lat' dir='ltr'><strong>Nam</strong></span> <span class='ocrx_word' id='word_1_87' title='bbox 698 1416 747 1473; x_wconf 95' lang='lat' dir='ltr'><strong>si</strong></span> <span class='ocrx_word' id='word_1_88' title='bbox 796 1418 979 1472; x_wconf 88' lang='lat' dir='ltr'><strong>divina</strong></span> <span class='ocrx_word' id='word_1_89' title='bbox 1023 1417 1306 1488; x_wconf 74' lang='lat' dir='ltr'><strong>majestas,</strong></span> <span class='ocrx_word' id='word_1_90' title='bbox 1357 1427 1416 1473; x_wconf 91' lang='lat' dir='ltr'><strong>ut</strong></span> <span class='ocrx_word' id='word_1_91' title='bbox 1444 1419 1540 1485; x_wconf 90' lang='lat' dir='ltr'><strong>ait,</strong></span> <span class='ocrx_word' id='word_1_92' title='bbox 1587 1429 1853 1474; x_wconf 75' lang='lat' dir='ltr'><strong>creatura:</strong></span> <span class='ocrx_word' id='word_1_93' title='bbox 1892 1418 2089 1489; x_wconf 76' lang='lat' dir='ltr'><strong>junge-</strong></span> 
     </span>
    </p>
   </div>
   <div class='ocr_carea' id='block_1_16' title="bbox 520 1507 2091 1581">
    <p class='ocr_par' dir='ltr' id='par_1_16' title="bbox 520 1507 2091 1581">
     <span class='ocr_line' id='line_1_16' title="bbox 520 1507 2091 1581; baseline 0.003 -20"><span class='ocrx_word' id='word_1_94' title='bbox 520 1518 691 1573; x_wconf 80' lang='lat' dir='ltr'><strong>retur,</strong></span> <span class='ocrx_word' id='word_1_95' title='bbox 721 1507 895 1577; x_wconf 85' lang='lat' dir='ltr'><strong>ipsam</strong></span> <span class='ocrx_word' id='word_1_96' title='bbox 929 1509 1155 1564; x_wconf 85' lang='lat' dir='ltr'><strong>omnino</strong></span> <span class='ocrx_word' id='word_1_97' title='bbox 1184 1509 1516 1565; x_wconf 90' lang='lat' dir='ltr'><strong>absumeret.</strong></span> <span class='ocrx_word' id='word_1_98' title='bbox 1545 1511 1778 1578; x_wconf 84' lang='lat' dir='ltr'><strong>Energia</strong></span> <span class='ocrx_word' id='word_1_99' title='bbox 1805 1525 1936 1564; x_wconf 86' lang='lat' dir='ltr'><strong>vero</strong></span> <span class='ocrx_word' id='word_1_100' title='bbox 1960 1524 2091 1581; x_wconf 82' lang='lat' dir='ltr'><strong>pro-</strong></span> 
     </span>
    </p>
   </div>
   <div class='ocr_carea' id='block_1_17' title="bbox 519 1598 2090 1674">
    <p class='ocr_par' dir='ltr' id='par_1_17' title="bbox 519 1598 2090 1674">
     <span class='ocr_line' id='line_1_17' title="bbox 519 1598 2090 1674; baseline 0.003 -22"><span class='ocrx_word' id='word_1_101' title='bbox 519 1598 830 1674; x_wconf 26' lang='lat' dir='ltr'><strong>ximelfacta</strong></span> <span class='ocrx_word' id='word_1_102' title='bbox 861 1598 1130 1670; x_wconf 86' lang='lat' dir='ltr'><strong>quoddam</strong></span> <span class='ocrx_word' id='word_1_103' title='bbox 1160 1608 1650 1670; x_wconf 88' lang='lat' dir='ltr'><strong>temperamentum</strong></span> <span class='ocrx_word' id='word_1_104' title='bbox 1678 1600 1833 1665; x_wconf 82' lang='lat' dir='ltr'><strong>facit,</strong></span> <span class='ocrx_word' id='word_1_105' title='bbox 1868 1610 2090 1671; x_wconf 89' lang='lat' dir='ltr'><strong>propte-</strong></span> 
     </span>
    </p>
   </div>
   <div class='ocr_carea' id='block_1_18' title="bbox 523 1691 2088 1762">
    <p class='ocr_par' dir='ltr' id='par_1_18' title="bbox 523 1691 2088 1762">
     <span class='ocr_line' id='line_1_18' title="bbox 523 1691 2088 1762; baseline 0.001 -16"><span class='ocrx_word' id='word_1_106' title='bbox 523 1705 614 1746; x_wconf 88' lang='lat' dir='ltr'><strong>rea</strong></span> <span class='ocrx_word' id='word_1_107' title='bbox 639 1699 694 1746; x_wconf 91' lang='lat' dir='ltr'><strong>ct</strong></span> <span class='ocrx_word' id='word_1_108' title='bbox 717 1691 889 1759; x_wconf 83' lang='lat' dir='ltr'><strong>ipsam</strong></span> <span class='ocrx_word' id='word_1_109' title='bbox 912 1692 1198 1756; x_wconf 88' lang='lat' dir='ltr'><strong>inhabitat,</strong></span> <span class='ocrx_word' id='word_1_110' title='bbox 1225 1693 1522 1758; x_wconf 85' lang='lat' dir='ltr'><strong>illuminat,</strong></span> <span class='ocrx_word' id='word_1_111' title='bbox 1542 1693 1732 1759; x_wconf 86' lang='lat' dir='ltr'><strong>docet,</strong></span> <span class='ocrx_word' id='word_1_112' title='bbox 1762 1693 2088 1762; x_wconf 77' lang='lat' dir='ltr'><strong>sanetiﬁcat,</strong></span> 
     </span>
    </p>
   </div>
   <div class='ocr_carea' id='block_1_19' title="bbox 522 1782 2090 1856">
    <p class='ocr_par' dir='ltr' id='par_1_19' title="bbox 522 1782 2090 1856">
     <span class='ocr_line' id='line_1_19' title="bbox 522 1782 2090 1856; baseline 0.003 -21"><span class='ocrx_word' id='word_1_113' title='bbox 522 1793 686 1852; x_wconf 92' lang='lat' dir='ltr'><strong>atque</strong></span> <span class='ocrx_word' id='word_1_114' title='bbox 717 1782 955 1852; x_wconf 90' lang='lat' dir='ltr'><strong>deiﬁcat,</strong></span> <span class='ocrx_word' id='word_1_115' title='bbox 994 1799 1115 1853; x_wconf 69' lang='lat' dir='ltr'><strong>qua:</strong></span> <span class='ocrx_word' id='word_1_116' title='bbox 1146 1797 1176 1837; x_wconf 89' lang='lat' dir='ltr'><strong>a</strong></span> <span class='ocrx_word' id='word_1_117' title='bbox 1212 1784 1397 1838; x_wconf 85' lang='lat' dir='ltr'><strong>divina</strong></span> <span class='ocrx_word' id='word_1_118' title='bbox 1432 1784 1696 1849; x_wconf 87' lang='lat' dir='ltr'><strong>essentia,</strong></span> <span class='ocrx_word' id='word_1_119' title='bbox 1747 1794 1806 1839; x_wconf 93' lang='lat' dir='ltr'><strong>ut</strong></span> <span class='ocrx_word' id='word_1_120' title='bbox 1838 1785 1954 1856; x_wconf 88' lang='lat' dir='ltr'><strong>ipse</strong></span> <span class='ocrx_word' id='word_1_121' title='bbox 1985 1787 2090 1840; x_wconf 85' lang='lat' dir='ltr'><strong>fin-</strong></span> 
     </span>
    </p>
   </div>
   <div class='ocr_carea' id='block_1_20' title="bbox 523 1872 2086 1944">
    <p class='ocr_par' dir='ltr' id='par_1_20' title="bbox 523 1872 2086 1944">
     <span class='ocr_line' id='line_1_20' title="bbox 523 1872 2086 1944; baseline 0.004 -20"><span class='ocrx_word' id='word_1_122' title='bbox 523 1872 622 1941; x_wconf 82' lang='lat' dir='ltr'><strong>git,</strong></span> <span class='ocrx_word' id='word_1_123' title='bbox 655 1873 922 1940; x_wconf 89' lang='lat' dir='ltr'><strong>proﬁcisci</strong></span> <span class='ocrx_word' id='word_1_124' title='bbox 949 1873 1172 1928; x_wconf 85' lang='lat' dir='ltr'><strong>minime</strong></span> <span class='ocrx_word' id='word_1_125' title='bbox 1197 1882 1449 1944; x_wconf 89' lang='lat' dir='ltr'><strong>possunt.</strong></span> <span class='ocrx_word' id='word_1_126' title='bbox 1475 1874 1611 1929; x_wconf 85' lang='lat' dir='ltr'><strong>Item</strong></span> <span class='ocrx_word' id='word_1_127' title='bbox 1633 1875 1908 1944; x_wconf 85' lang='lat' dir='ltr'><strong>energiam</strong></span> <span class='ocrx_word' id='word_1_128' title='bbox 1931 1875 2086 1942; x_wconf 90' lang='lat' dir='ltr'><strong>dicit,</strong></span> 
     </span>
    </p>
   </div>
   <div class='ocr_carea' id='block_1_21' title="bbox 518 1965 2085 2032">
    <p class='ocr_par' dir='ltr' id='par_1_21' title="bbox 518 1965 2085 2032">
     <span class='ocr_line' id='line_1_21' title="bbox 518 1965 2085 2032; baseline 0.001 -15"><span class='ocrx_word' id='word_1_129' title='bbox 518 1973 824 2018; x_wconf 81' lang='lat' dir='ltr'><strong>extremum</strong></span> <span class='ocrx_word' id='word_1_130' title='bbox 859 1965 1091 2019; x_wconf 87' lang='lat' dir='ltr'><strong>hominis</strong></span> <span class='ocrx_word' id='word_1_131' title='bbox 1119 1965 1301 2032; x_wconf 87' lang='lat' dir='ltr'><strong>linem,</strong></span> <span class='ocrx_word' id='word_1_132' title='bbox 1331 1965 1700 2021; x_wconf 73' lang='lat' dir='ltr'><strong>ltzercditatem</strong></span> <span class='ocrx_word' id='word_1_133' title='bbox 1731 1966 2085 2030; x_wconf 88' lang='lat' dir='ltr'><strong>Sanctorum,</strong></span> 
     </span>
    </p>
   </div>
   <div class='ocr_carea' id='block_1_22' title="bbox 522 2055 2086 2124">
    <p class='ocr_par' dir='ltr' id='par_1_22' title="bbox 522 2055 2086 2124">
     <span class='ocr_line' id='line_1_22' title="bbox 522 2055 2086 2124; baseline 0.003 -17"><span class='ocrx_word' id='word_1_134' title='bbox 522 2069 905 2124; x_wconf 87' lang='lat' dir='ltr'><strong>summamque</strong></span> <span class='ocrx_word' id='word_1_135' title='bbox 958 2055 1296 2112; x_wconf 80' lang='lat' dir='ltr'><strong>felicitatem.</strong></span> <span class='ocrx_word' id='word_1_136' title='bbox 1353 2055 1476 2112; x_wconf 79' lang='lat' dir='ltr'><strong>Haec</strong></span> <span class='ocrx_word' id='word_1_137' title='bbox 1523 2071 1554 2110; x_wconf 92' lang='lat' dir='ltr'><strong>a</strong></span> <span class='ocrx_word' id='word_1_138' title='bbox 1607 2056 1792 2111; x_wconf 84' lang='lat' dir='ltr'><strong>divina</strong></span> <span class='ocrx_word' id='word_1_139' title='bbox 1847 2058 2086 2113; x_wconf 89' lang='lat' dir='ltr'><strong>essentia</strong></span> 
     </span>
    </p>
   </div>
   <div class='ocr_carea' id='block_1_23' title="bbox 519 2145 2088 2220">
    <p class='ocr_par' dir='ltr' id='par_1_23' title="bbox 519 2145 2088 2220">
     <span class='ocr_line' id='line_1_23' title="bbox 519 2145 2088 2220; baseline 0.006 -24"><span class='ocrx_word' id='word_1_140' title='bbox 519 2147 989 2212; x_wconf 78' lang='lat' dir='ltr'><strong>prorsus°adimit.</strong></span> <span class='ocrx_word' id='word_1_141' title='bbox 1025 2145 1214 2202; x_wconf 91' lang='lat' dir='ltr'><strong>Solum</strong></span> <span class='ocrx_word' id='word_1_142' title='bbox 1260 2148 1487 2204; x_wconf 88' lang='lat' dir='ltr'><strong>Deitatis</strong></span> <span class='ocrx_word' id='word_1_143' title='bbox 1534 2165 1734 2204; x_wconf 90' lang='lat' dir='ltr'><strong>nomen</strong></span> <span class='ocrx_word' id='word_1_144' title='bbox 1770 2150 1903 2205; x_wconf 89' lang='lat' dir='ltr'><strong>dicit</strong></span> <span class='ocrx_word' id='word_1_145' title='bbox 1951 2149 2088 2220; x_wconf 83' lang='lat' dir='ltr'><strong>ipsis</strong></span> 
     </span>
    </p>
   </div>
   <div class='ocr_carea' id='block_1_24' title="bbox 519 2240 2093 2311">
    <p class='ocr_par' dir='ltr' id='par_1_24' title="bbox 519 2240 2093 2311">
     <span class='ocr_line' id='line_1_24' title="bbox 519 2240 2093 2311; baseline 0.003 -18"><span class='ocrx_word' id='word_1_146' title='bbox 519 2254 642 2294; x_wconf 85' lang='lat' dir='ltr'><strong>esse</strong></span> <span class='ocrx_word' id='word_1_147' title='bbox 677 2253 987 2295; x_wconf 87' lang='lat' dir='ltr'><strong>commune.</strong></span> <span class='ocrx_word' id='word_1_148' title='bbox 1031 2240 1084 2296; x_wconf 89' lang='lat' dir='ltr'><strong>Si</strong></span> <span class='ocrx_word' id='word_1_149' title='bbox 1122 2240 1284 2311; x_wconf 82' lang='lat' dir='ltr'><strong>igitur</strong></span> <span class='ocrx_word' id='word_1_150' title='bbox 1326 2243 1418 2297; x_wconf 89' lang='lat' dir='ltr'><strong>illa</strong></span> <span class='ocrx_word' id='word_1_151' title='bbox 1446 2257 1659 2297; x_wconf 86' lang='lat' dir='ltr'><strong>summa</strong></span> <span class='ocrx_word' id='word_1_152' title='bbox 1709 2242 1890 2298; x_wconf 77' lang='lat' dir='ltr'><strong>Deitas</strong></span> <span class='ocrx_word' id='word_1_153' title='bbox 1931 2259 2000 2298; x_wconf 82' lang='lat' dir='ltr'><strong>ex</strong></span> <span class='ocrx_word' id='word_1_154' title='bbox 2033 2257 2093 2298; x_wconf 89' lang='lat' dir='ltr'><strong>se</strong></span> 
     </span>
    </p>
   </div>
   <div class='ocr_carea' id='block_1_25' title="bbox 521 2333 2096 2392">
    <p class='ocr_par' dir='ltr' id='par_1_25' title="bbox 521 2333 2096 2392">
     <span class='ocr_line' id='line_1_25' title="bbox 521 2333 2096 2392; baseline 0.003 -7"><span class='ocrx_word' id='word_1_155' title='bbox 521 2333 663 2386; x_wconf 87' lang='lat' dir='ltr'><strong>inter</strong></span> <span class='ocrx_word' id='word_1_156' title='bbox 691 2345 799 2386; x_wconf 89' lang='lat' dir='ltr'><strong>non</strong></span> <span class='ocrx_word' id='word_1_157' title='bbox 839 2333 984 2388; x_wconf 88' lang='lat' dir='ltr'><strong>entia</strong></span> <span class='ocrx_word' id='word_1_158' title='bbox 1018 2343 1376 2390; x_wconf 90' lang='lat' dir='ltr'><strong>numeratur:</strong></span> <span class='ocrx_word' id='word_1_159' title='bbox 1401 2336 1447 2389; x_wconf 90' lang='lat' dir='ltr'><strong>si</strong></span> <span class='ocrx_word' id='word_1_160' title='bbox 1483 2350 1699 2390; x_wconf 91' lang='lat' dir='ltr'><strong>omnem</strong></span> <span class='ocrx_word' id='word_1_161' title='bbox 1723 2336 2008 2392; x_wconf 89' lang='lat' dir='ltr'><strong>entitatcm</strong></span> <span class='ocrx_word' id='word_1_162' title='bbox 2036 2345 2096 2390; x_wconf 88' lang='lat' dir='ltr'><strong>et</strong></span> 
     </span>
    </p>
   </div>
   <div class='ocr_carea' id='block_1_26' title="bbox 520 2421 2090 2494">
    <p class='ocr_par' dir='ltr' id='par_1_26' title="bbox 520 2421 2090 2494">
     <span class='ocr_line' id='line_1_26' title="bbox 520 2421 2090 2494; baseline 0.004 -20"><span class='ocrx_word' id='word_1_163' title='bbox 520 2421 895 2476; x_wconf 77' lang='lat' dir='ltr'><strong>excellentiam</strong></span> <span class='ocrx_word' id='word_1_164' title='bbox 924 2421 994 2477; x_wconf 91' lang='lat' dir='ltr'><strong>ab</strong></span> <span class='ocrx_word' id='word_1_165' title='bbox 1028 2423 1152 2479; x_wconf 88' lang='lat' dir='ltr'><strong>aliis</strong></span> <span class='ocrx_word' id='word_1_166' title='bbox 1181 2424 1414 2494; x_wconf 80' lang='lat' dir='ltr'><strong>accipit;</strong></span> <span class='ocrx_word' id='word_1_167' title='bbox 1445 2424 1492 2480; x_wconf 89' lang='lat' dir='ltr'><strong>si</strong></span> <span class='ocrx_word' id='word_1_168' title='bbox 1527 2436 1793 2481; x_wconf 85' lang='lat' dir='ltr'><strong>creaturae</strong></span> <span class='ocrx_word' id='word_1_169' title='bbox 1833 2426 2090 2481; x_wconf 85' lang='lat' dir='ltr'><strong>inacces-</strong></span> 
     </span>
    </p>
   </div>
   <div class='ocr_carea' id='block_1_27' title="bbox 523 2514 2090 2587">
    <p class='ocr_par' dir='ltr' id='par_1_27' title="bbox 523 2514 2090 2587">
     <span class='ocr_line' id='line_1_27' title="bbox 523 2514 2090 2587; baseline 0.004 -18"><span class='ocrx_word' id='word_1_170' title='bbox 523 2514 719 2579; x_wconf 90' lang='lat' dir='ltr'><strong>sibilis,</strong></span> <span class='ocrx_word' id='word_1_171' title='bbox 772 2514 816 2572; x_wconf 87' lang='lat' dir='ltr'><strong>si</strong></span> <span class='ocrx_word' id='word_1_172' title='bbox 866 2518 1237 2587; x_wconf 89' lang='lat' dir='ltr'><strong>propinquare</strong></span> <span class='ocrx_word' id='word_1_173' title='bbox 1271 2519 1430 2576; x_wconf 89' lang='lat' dir='ltr'><strong>nobis</strong></span> <span class='ocrx_word' id='word_1_174' title='bbox 1475 2520 1594 2576; x_wconf 90' lang='lat' dir='ltr'><strong>sine</strong></span> <span class='ocrx_word' id='word_1_175' title='bbox 1639 2530 1824 2575; x_wconf 91' lang='lat' dir='ltr'><strong>nostro</strong></span> <span class='ocrx_word' id='word_1_176' title='bbox 1864 2519 2090 2575; x_wconf 85' lang='lat' dir='ltr'><strong>interitu</strong></span> 
     </span>
    </p>
   </div>
   <div class='ocr_carea' id='block_1_28' title="bbox 523 2605 2092 2676">
    <p class='ocr_par' dir='ltr' id='par_1_28' title="bbox 523 2605 2092 2676">
     <span class='ocr_line' id='line_1_28' title="bbox 523 2605 2092 2676; baseline 0.003 -17"><span class='ocrx_word' id='word_1_177' title='bbox 523 2615 790 2674; x_wconf 88' lang='lat' dir='ltr'><strong>nequeat;</strong></span> <span class='ocrx_word' id='word_1_178' title='bbox 813 2605 859 2662; x_wconf 92' lang='lat' dir='ltr'><strong>si</strong></span> <span class='ocrx_word' id='word_1_179' title='bbox 885 2621 994 2661; x_wconf 86' lang='lat' dir='ltr'><strong>non</strong></span> <span class='ocrx_word' id='word_1_180' title='bbox 1017 2606 1196 2672; x_wconf 86' lang='lat' dir='ltr'><strong>docet,</strong></span> <span class='ocrx_word' id='word_1_181' title='bbox 1222 2623 1322 2665; x_wconf 89' lang='lat' dir='ltr'><strong>nec</strong></span> <span class='ocrx_word' id='word_1_182' title='bbox 1341 2609 1632 2675; x_wconf 85' lang='lat' dir='ltr'><strong>illuminat,</strong></span> <span class='ocrx_word' id='word_1_183' title='bbox 1655 2621 1747 2665; x_wconf 92' lang='lat' dir='ltr'><strong>aut</strong></span> <span class='ocrx_word' id='word_1_184' title='bbox 1765 2611 2092 2676; x_wconf 90' lang='lat' dir='ltr'><strong>sanctiﬁcat,</strong></span> 
     </span>
    </p>
   </div>
   <div class='ocr_carea' id='block_1_29' title="bbox 523 2697 2093 2770">
    <p class='ocr_par' dir='ltr' id='par_1_29' title="bbox 523 2697 2093 2770">
     <span class='ocr_line' id='line_1_29' title="bbox 523 2697 2093 2770; baseline 0.003 -18"><span class='ocrx_word' id='word_1_185' title='bbox 523 2699 568 2752; x_wconf 90' lang='lat' dir='ltr'><strong>si</strong></span> <span class='ocrx_word' id='word_1_186' title='bbox 605 2697 728 2754; x_wconf 87' lang='lat' dir='ltr'><strong>ﬁnis</strong></span> <span class='ocrx_word' id='word_1_187' title='bbox 762 2697 1009 2764; x_wconf 81' lang='lat' dir='ltr'><strong>nonest,</strong></span> <span class='ocrx_word' id='word_1_188' title='bbox 1046 2714 1213 2770; x_wconf 88' lang='lat' dir='ltr'><strong>quem</strong></span> <span class='ocrx_word' id='word_1_189' title='bbox 1245 2701 1503 2756; x_wconf 90' lang='lat' dir='ltr'><strong>omnibus</strong></span> <span class='ocrx_word' id='word_1_190' title='bbox 1534 2700 1852 2757; x_wconf 89' lang='lat' dir='ltr'><strong>hominibus</strong></span> <span class='ocrx_word' id='word_1_191' title='bbox 1896 2712 2093 2758; x_wconf 88' lang='lat' dir='ltr'><strong>natura</strong></span> 
     </span>
    </p>
   </div>
   <div class='ocr_carea' id='block_1_30' title="bbox 523 2788 2098 2865">
    <p class='ocr_par' dir='ltr' id='par_1_30' title="bbox 523 2788 2098 2865">
     <span class='ocr_line' id='line_1_30' title="bbox 523 2788 2098 2865; baseline 0.005 -23"><span class='ocrx_word' id='word_1_192' title='bbox 523 2788 738 2856; x_wconf 78' lang='lat' dir='ltr'><strong>indixit,</strong></span> <span class='ocrx_word' id='word_1_193' title='bbox 777 2805 914 2844; x_wconf 88' lang='lat' dir='ltr'><strong>vana</strong></span> <span class='ocrx_word' id='word_1_194' title='bbox 946 2800 1073 2847; x_wconf 89' lang='lat' dir='ltr'><strong>sunt</strong></span> <span class='ocrx_word' id='word_1_195' title='bbox 1112 2791 1276 2863; x_wconf 79' lang='lat' dir='ltr'><strong>igitur</strong></span> <span class='ocrx_word' id='word_1_196' title='bbox 1311 2793 1604 2860; x_wconf 88' lang='lat' dir='ltr'><strong>sacriﬁcia,</strong></span> <span class='ocrx_word' id='word_1_197' title='bbox 1657 2809 1778 2865; x_wconf 60' lang='lat' dir='ltr'><strong>quae</strong></span> <span class='ocrx_word' id='word_1_198' title='bbox 1807 2795 1882 2849; x_wconf 91' lang='lat' dir='ltr'><strong>illi</strong></span> <span class='ocrx_word' id='word_1_199' title='bbox 1915 2793 2098 2851; x_wconf 76' lang='lat' dir='ltr'><strong>offeri-</strong></span> 
     </span>
    </p>
   </div>
   <div class='ocr_carea' id='block_1_31' title="bbox 523 2881 2096 2957">
    <p class='ocr_par' dir='ltr' id='par_1_31' title="bbox 523 2881 2096 2957">
     <span class='ocr_line' id='line_1_31' title="bbox 523 2881 2096 2957; baseline 0.004 -23"><span class='ocrx_word' id='word_1_200' title='bbox 523 2897 667 2948; x_wconf 89' lang='lat' dir='ltr'><strong>mus,</strong></span> <span class='ocrx_word' id='word_1_201' title='bbox 704 2881 780 2937; x_wconf 88' lang='lat' dir='ltr'><strong>nil</strong></span> <span class='ocrx_word' id='word_1_202' title='bbox 810 2892 1040 2952; x_wconf 90' lang='lat' dir='ltr'><strong>prosunt</strong></span> <span class='ocrx_word' id='word_1_203' title='bbox 1078 2899 1290 2955; x_wconf 87' lang='lat' dir='ltr'><strong>preces,</strong></span> <span class='ocrx_word' id='word_1_204' title='bbox 1341 2886 1416 2940; x_wconf 90' lang='lat' dir='ltr'><strong>nil</strong></span> <span class='ocrx_word' id='word_1_205' title='bbox 1448 2886 1720 2957; x_wconf 82' lang='lat' dir='ltr'><strong>lacrymae,</strong></span> <span class='ocrx_word' id='word_1_206' title='bbox 1767 2886 1932 2941; x_wconf 81' lang='lat' dir='ltr'><strong>nullae</strong></span> <span class='ocrx_word' id='word_1_207' title='bbox 1964 2887 2096 2942; x_wconf 90' lang='lat' dir='ltr'><strong>reli-</strong></span> 
     </span>
    </p>
   </div>
   <div class='ocr_carea' id='block_1_32' title="bbox 525 2975 2098 3048">
    <p class='ocr_par' dir='ltr' id='par_1_32' title="bbox 525 2975 2098 3048">
     <span class='ocr_line' id='line_1_32' title="bbox 525 2975 2098 3048; baseline 0.005 -22"><span class='ocrx_word' id='word_1_208' title='bbox 525 2975 693 3043; x_wconf 74' lang='lat' dir='ltr'><strong>giosa:</strong></span> <span class='ocrx_word' id='word_1_209' title='bbox 749 2975 1112 3030; x_wconf 69' lang='lat' dir='ltr'><strong>observantiae</strong></span> <span class='ocrx_word' id='word_1_210' title='bbox 1167 2975 1497 3032; x_wconf 86' lang='lat' dir='ltr'><strong>Christianis</strong></span> <span class='ocrx_word' id='word_1_211' title='bbox 1555 2978 1773 3046; x_wconf 83' lang='lat' dir='ltr'><strong>populis</strong></span> <span class='ocrx_word' id='word_1_212' title='bbox 1829 2977 2098 3048; x_wconf 90' lang='lat' dir='ltr'><strong>proﬁcere</strong></span> 
     </span>
    </p>
   </div>
   <div class='ocr_carea' id='block_1_33' title="bbox 524 3061 2093 3137">
    <p class='ocr_par' dir='ltr' id='par_1_33' title="bbox 524 3061 2093 3137">
     <span class='ocr_line' id='line_1_33' title="bbox 524 3061 2093 3137; baseline 0.004 -23"><span class='ocrx_word' id='word_1_213' title='bbox 524 3072 777 3132; x_wconf 87' lang='lat' dir='ltr'><strong>possunt.</strong></span> <span class='ocrx_word' id='word_1_214' title='bbox 827 3061 984 3118; x_wconf 86' lang='lat' dir='ltr'><strong>Unde</strong></span> <span class='ocrx_word' id='word_1_215' title='bbox 1031 3073 1084 3118; x_wconf 91' lang='lat' dir='ltr'><strong>et</strong></span> <span class='ocrx_word' id='word_1_216' title='bbox 1118 3063 1278 3118; x_wconf 90' lang='lat' dir='ltr'><strong>aliam</strong></span> <span class='ocrx_word' id='word_1_217' title='bbox 1314 3065 1470 3121; x_wconf 88' lang='lat' dir='ltr'><strong>ﬁdem</strong></span> <span class='ocrx_word' id='word_1_218' title='bbox 1507 3080 1752 3136; x_wconf 79' lang='lat' dir='ltr'><strong>qruerere</strong></span> <span class='ocrx_word' id='word_1_219' title='bbox 1798 3066 2093 3137; x_wconf 83' lang='lat' dir='ltr'><strong>oportebit,</strong></span> 
     </span>
    </p>
   </div>
   <div class='ocr_carea' id='block_1_34' title="bbox 2190 587 3706 666">
    <p class='ocr_par' dir='ltr' id='par_1_34' title="bbox 2190 587 3706 666">
     <span class='ocr_line' id='line_1_34' title="bbox 2190 587 3706 666; baseline 0.006 -24"><span class='ocrx_word' id='word_1_220' title='bbox 2190 589 2402 652; x_wconf 86' lang='grc' dir='ltr'>πόλεως</span> <span class='ocrx_word' id='word_1_221' title='bbox 2419 589 2545 652; x_wconf 76' lang='grc' dir='ltr'>νέας</span> <span class='ocrx_word' id='word_1_222' title='bbox 2579 587 2823 658; x_wconf 77' lang='grc' dir='ltr'>Ῥώμης,</span> <span class='ocrx_word' id='word_1_223' title='bbox 2843 591 2938 644; x_wconf 73' lang='grc' dir='ltr'>καὶ</span> <span class='ocrx_word' id='word_1_224' title='bbox 2973 589 3352 659; x_wconf 72' lang='grc' dir='ltr'>οῑκουμενικδς</span> <span class='ocrx_word' id='word_1_225' title='bbox 3388 595 3706 666; x_wconf 76' lang='grc' dir='ltr'><strong>πατριάρχης.</strong></span> 
     </span>
    </p>
   </div>
   <div class='ocr_carea' id='block_1_35' title="bbox 2194 681 3709 747">
    <p class='ocr_par' dir='ltr' id='par_1_35' title="bbox 2194 681 3709 747">
     <span class='ocr_line' id='line_1_35' title="bbox 2194 681 3709 747; baseline 0.004 -11"><span class='ocrx_word' id='word_1_226' title='bbox 2194 701 2213 736; x_wconf 77' lang='grc' dir='ltr'><strong>ι</strong></span> <span class='ocrx_word' id='word_1_227' title='bbox 2256 681 2534 738; x_wconf 85' lang='lat' dir='ltr'><strong>Palamam</strong></span> <span class='ocrx_word' id='word_1_228' title='bbox 2588 689 2644 736; x_wconf 88' lang='lat' dir='ltr'><strong>et</strong></span> <span class='ocrx_word' id='word_1_229' title='bbox 2674 681 2824 737; x_wconf 85' lang='lat' dir='ltr'><strong>illius</strong></span> <span class='ocrx_word' id='word_1_230' title='bbox 2872 690 3194 747; x_wconf 82' lang='lat' dir='ltr'><strong>sectatores,</strong></span> <span class='ocrx_word' id='word_1_231' title='bbox 3253 691 3308 736; x_wconf 88' lang='lat' dir='ltr'><strong>et</strong></span> <span class='ocrx_word' id='word_1_232' title='bbox 3335 685 3507 739; x_wconf 83' lang='lat' dir='ltr'><strong>omnia</strong></span> <span class='ocrx_word' id='word_1_233' title='bbox 3553 703 3709 742; x_wconf 83' lang='lat' dir='ltr'><strong>eorum</strong></span> 
     </span>
    </p>
   </div>
   <div class='ocr_carea' id='block_1_36' title="bbox 2191 772 3711 846">
    <p class='ocr_par' dir='ltr' id='par_1_36' title="bbox 2191 772 3711 846">
     <span class='ocr_line' id='line_1_36' title="bbox 2191 772 3711 846; baseline 0.003 -17"><span class='ocrx_word' id='word_1_234' title='bbox 2191 775 2362 846; x_wconf 90' lang='lat' dir='ltr'><strong>impia</strong></span> <span class='ocrx_word' id='word_1_235' title='bbox 2396 772 2671 846; x_wconf 79' lang='lat' dir='ltr'><strong>dogmata,</strong></span> <span class='ocrx_word' id='word_1_236' title='bbox 2701 773 2785 826; x_wconf 85' lang='lat' dir='ltr'><strong>vel</strong></span> <span class='ocrx_word' id='word_1_237' title='bbox 2821 773 3008 828; x_wconf 86' lang='lat' dir='ltr'><strong>verius</strong></span> <span class='ocrx_word' id='word_1_238' title='bbox 3038 783 3383 844; x_wconf 78' lang='lat' dir='ltr'><strong>nugamenta,</strong></span> <span class='ocrx_word' id='word_1_239' title='bbox 3417 792 3610 832; x_wconf 87' lang='lat' dir='ltr'><strong>necnon</strong></span> <span class='ocrx_word' id='word_1_240' title='bbox 3635 781 3711 835; x_wconf 84' lang='lat' dir='ltr'><strong>dc-</strong></span> 
     </span>
    </p>
   </div>
   <div class='ocr_carea' id='block_1_37' title="bbox 2191 867 3713 938">
    <p class='ocr_par' dir='ltr' id='par_1_37' title="bbox 2191 867 3713 938">
     <span class='ocr_line' id='line_1_37' title="bbox 2191 867 3713 938; baseline 0.002 -15"><span class='ocrx_word' id='word_1_241' title='bbox 2191 867 2474 930; x_wconf 82' lang='lat' dir='ltr'><strong>fensores,</strong></span> <span class='ocrx_word' id='word_1_242' title='bbox 2529 873 3006 936; x_wconf 83' lang='lat' dir='ltr'><strong>propugnatores,</strong></span> <span class='ocrx_word' id='word_1_243' title='bbox 3062 877 3488 938; x_wconf 77' lang='lat' dir='ltr'><strong>exceptoresque</strong></span> <span class='ocrx_word' id='word_1_244' title='bbox 3536 886 3713 937; x_wconf 84' lang='lat' dir='ltr'><strong>eorum,</strong></span> 
     </span>
    </p>
   </div>
   <div class='ocr_carea' id='block_1_38' title="bbox 2191 958 3715 1030">
    <p class='ocr_par' dir='ltr' id='par_1_38' title="bbox 2191 958 3715 1030">
     <span class='ocr_line' id='line_1_38' title="bbox 2191 958 3715 1030; baseline 0.001 -16"><span class='ocrx_word' id='word_1_245' title='bbox 2191 974 2316 1030; x_wconf 70' lang='lat' dir='ltr'><strong>qua:</strong></span> <span class='ocrx_word' id='word_1_246' title='bbox 2344 960 2398 1014; x_wconf 86' lang='lat' dir='ltr'><strong>iu</strong></span> <span class='ocrx_word' id='word_1_247' title='bbox 2439 967 2594 1014; x_wconf 77' lang='lat' dir='ltr'><strong>torno</strong></span> <span class='ocrx_word' id='word_1_248' title='bbox 2619 958 2964 1028; x_wconf 75' lang='lat' dir='ltr'><strong>digerantur,</strong></span> <span class='ocrx_word' id='word_1_249' title='bbox 2997 960 3300 1012; x_wconf 82' lang='lat' dir='ltr'><strong>secundum</strong></span> <span class='ocrx_word' id='word_1_250' title='bbox 3329 973 3509 1013; x_wconf 66' lang='lat' dir='ltr'><strong>eorum</strong></span> <span class='ocrx_word' id='word_1_251' title='bbox 3534 963 3715 1028; x_wconf 72' lang='lat' dir='ltr'><strong>exposi-</strong></span> 
     </span>
    </p>
   </div>
   <div class='ocr_carea' id='block_1_39' title="bbox 2192 1050 3716 1119">
    <p class='ocr_par' dir='ltr' id='par_1_39' title="bbox 2192 1050 3716 1119">
     <span class='ocr_line' id='line_1_39' title="bbox 2192 1050 3716 1119; baseline 0 -12"><span class='ocrx_word' id='word_1_252' title='bbox 2192 1053 2436 1117; x_wconf 89' lang='lat' dir='ltr'><strong>tionem,</strong></span> <span class='ocrx_word' id='word_1_253' title='bbox 2490 1051 2603 1106; x_wconf 90' lang='lat' dir='ltr'><strong>imo</strong></span> <span class='ocrx_word' id='word_1_254' title='bbox 2659 1050 3121 1119; x_wconf 85' lang='lat' dir='ltr'><strong>vaniloquentiam</strong></span> <span class='ocrx_word' id='word_1_255' title='bbox 3151 1089 3168 1114; x_wconf 91' lang='lat'><strong>,</strong></span> <span class='ocrx_word' id='word_1_256' title='bbox 3213 1059 3268 1105; x_wconf 91' lang='lat' dir='ltr'><strong>et</strong></span> <span class='ocrx_word' id='word_1_257' title='bbox 3315 1067 3418 1104; x_wconf 89' lang='lat' dir='ltr'><strong>non</strong></span> <span class='ocrx_word' id='word_1_258' title='bbox 3461 1054 3716 1107; x_wconf 83' lang='lat' dir='ltr'><strong>secundum</strong></span> 
     </span>
    </p>
   </div>
   <div class='ocr_carea' id='block_1_40' title="bbox 2143 1142 3721 1209">
    <p class='ocr_par' dir='ltr' id='par_1_40' title="bbox 2143 1142 3721 1209">
     <span class='ocr_line' id='line_1_40' title="bbox 2143 1142 3721 1209; baseline -0.001 -9"><span class='ocrx_word' id='word_1_259' title='bbox 2143 1151 2160 1172; x_wconf 86' lang='lat'><strong>’</strong></span> <span class='ocrx_word' id='word_1_260' title='bbox 2191 1159 2412 1200; x_wconf 87' lang='lat' dir='ltr'><strong>sensum</strong></span> <span class='ocrx_word' id='word_1_261' title='bbox 2445 1142 2711 1207; x_wconf 89' lang='lat' dir='ltr'><strong>divinum,</strong></span> <span class='ocrx_word' id='word_1_262' title='bbox 2758 1152 2813 1198; x_wconf 92' lang='lat' dir='ltr'><strong>et</strong></span> <span class='ocrx_word' id='word_1_263' title='bbox 2857 1142 3253 1209; x_wconf 80' lang='lat' dir='ltr'><strong>orthodoxum,</strong></span> <span class='ocrx_word' id='word_1_264' title='bbox 3313 1152 3368 1197; x_wconf 91' lang='lat' dir='ltr'><strong>et</strong></span> <span class='ocrx_word' id='word_1_265' title='bbox 3410 1151 3467 1198; x_wconf 91' lang='lat' dir='ltr'><strong>ut</strong></span> <span class='ocrx_word' id='word_1_266' title='bbox 3509 1143 3721 1198; x_wconf 71' lang='lat' dir='ltr'><strong>Ecclesia:</strong></span> 
     </span>
    </p>
   </div>
   <div class='ocr_carea' id='block_1_41' title="bbox 2191 1233 3720 1305">
    <p class='ocr_par' dir='ltr' id='par_1_41' title="bbox 2191 1233 3720 1305">
     <span class='ocr_line' id='line_1_41' title="bbox 2191 1233 3720 1305; baseline -0.002 -16"><span class='ocrx_word' id='word_1_267' title='bbox 2191 1234 2422 1302; x_wconf 88' lang='lat' dir='ltr'><strong>lumina,</strong></span> <span class='ocrx_word' id='word_1_268' title='bbox 2451 1244 2504 1289; x_wconf 92' lang='lat' dir='ltr'><strong>et</strong></span> <span class='ocrx_word' id='word_1_269' title='bbox 2529 1233 2796 1305; x_wconf 77' lang='lat' dir='ltr'><strong>magistri,</strong></span> <span class='ocrx_word' id='word_1_270' title='bbox 2830 1247 3066 1302; x_wconf 91' lang='lat' dir='ltr'><strong>quorum</strong></span> <span class='ocrx_word' id='word_1_271' title='bbox 3102 1247 3203 1288; x_wconf 86' lang='lat' dir='ltr'><strong>nos</strong></span> <span class='ocrx_word' id='word_1_272' title='bbox 3233 1233 3475 1304; x_wconf 79' lang='lat' dir='ltr'><strong>vestigiis</strong></span> <span class='ocrx_word' id='word_1_273' title='bbox 3500 1233 3720 1287; x_wconf 88' lang='lat' dir='ltr'><strong>insisten-</strong></span> 
     </span>
    </p>
   </div>
   <div class='ocr_carea' id='block_1_42' title="bbox 2195 1325 3720 1395">
    <p class='ocr_par' dir='ltr' id='par_1_42' title="bbox 2195 1325 3720 1395">
     <span class='ocr_line' id='line_1_42' title="bbox 2195 1325 3720 1395; baseline -0.001 -14"><span class='ocrx_word' id='word_1_274' title='bbox 2195 1337 2296 1391; x_wconf 85' lang='lat' dir='ltr'><strong>tes,</strong></span> <span class='ocrx_word' id='word_1_275' title='bbox 2345 1334 2400 1380; x_wconf 93' lang='lat' dir='ltr'><strong>et</strong></span> <span class='ocrx_word' id='word_1_276' title='bbox 2445 1325 2752 1382; x_wconf 87' lang='lat' dir='ltr'><strong>sententias</strong></span> <span class='ocrx_word' id='word_1_277' title='bbox 2804 1335 3116 1395; x_wconf 86' lang='lat' dir='ltr'><strong>sequentes,</strong></span> <span class='ocrx_word' id='word_1_278' title='bbox 3165 1335 3472 1380; x_wconf 85' lang='lat' dir='ltr'><strong>sanctorum</strong></span> <span class='ocrx_word' id='word_1_279' title='bbox 3505 1325 3631 1379; x_wconf 83' lang='lat' dir='ltr'><strong>dicta</strong></span> <span class='ocrx_word' id='word_1_280' title='bbox 3675 1327 3720 1379; x_wconf 90' lang='lat' dir='ltr'><strong>in</strong></span> 
     </span>
    </p>
   </div>
   <div class='ocr_carea' id='block_1_43' title="bbox 2192 1417 3723 1490">
    <p class='ocr_par' dir='ltr' id='par_1_43' title="bbox 2192 1417 3723 1490">
     <span class='ocr_line' id='line_1_43' title="bbox 2192 1417 3723 1490; baseline -0.001 -16"><span class='ocrx_word' id='word_1_281' title='bbox 2192 1428 2340 1474; x_wconf 91' lang='lat' dir='ltr'><strong>tomo</strong></span> <span class='ocrx_word' id='word_1_282' title='bbox 2369 1418 2704 1490; x_wconf 82' lang='lat' dir='ltr'><strong>digessimus</strong></span> <span class='ocrx_word' id='word_1_283' title='bbox 2732 1435 2745 1471; x_wconf 91' lang='lat'><strong>:</strong></span> <span class='ocrx_word' id='word_1_284' title='bbox 2776 1426 2830 1473; x_wconf 92' lang='lat' dir='ltr'><strong>et</strong></span> <span class='ocrx_word' id='word_1_285' title='bbox 2860 1432 3055 1472; x_wconf 85' lang='lat' dir='ltr'><strong>omnes</strong></span> <span class='ocrx_word' id='word_1_286' title='bbox 3079 1428 3300 1488; x_wconf 87' lang='lat' dir='ltr'><strong>propter</strong></span> <span class='ocrx_word' id='word_1_287' title='bbox 3334 1418 3453 1482; x_wconf 93' lang='lat' dir='ltr'><strong>hoc,</strong></span> <span class='ocrx_word' id='word_1_288' title='bbox 3485 1417 3614 1486; x_wconf 88' lang='lat' dir='ltr'><strong>quod</strong></span> <span class='ocrx_word' id='word_1_289' title='bbox 3645 1432 3723 1472; x_wconf 85' lang='lat' dir='ltr'><strong>eo-</strong></span> 
     </span>
    </p>
   </div>
   <div class='ocr_carea' id='block_1_44' title="bbox 2191 1518 3720 1580">
    <p class='ocr_par' dir='ltr' id='par_1_44' title="bbox 2191 1518 3720 1580">
     <span class='ocr_line' id='line_1_44' title="bbox 2191 1518 3720 1580; baseline -0.003 -14"><span class='ocrx_word' id='word_1_290' title='bbox 2191 1525 2311 1566; x_wconf 89' lang='lat' dir='ltr'><strong>rum</strong></span> <span class='ocrx_word' id='word_1_291' title='bbox 2352 1518 2678 1580; x_wconf 81' lang='lat' dir='ltr'><strong>nugamenta</strong></span> <span class='ocrx_word' id='word_1_292' title='bbox 2718 1524 2827 1565; x_wconf 93' lang='lat' dir='ltr'><strong>non</strong></span> <span class='ocrx_word' id='word_1_293' title='bbox 2863 1518 3240 1579; x_wconf 86' lang='lat' dir='ltr'><strong>acceptamus,</strong></span> <span class='ocrx_word' id='word_1_294' title='bbox 3285 1523 3506 1578; x_wconf 90' lang='lat' dir='ltr'><strong>quorum</strong></span> <span class='ocrx_word' id='word_1_295' title='bbox 3542 1520 3720 1577; x_wconf 86' lang='lat' dir='ltr'><strong>partem</strong></span> 
     </span>
    </p>
   </div>
   <div class='ocr_carea' id='block_1_45' title="bbox 2193 1602 3720 1679">
    <p class='ocr_par' dir='ltr' id='par_1_45' title="bbox 2193 1602 3720 1679">
     <span class='ocr_line' id='line_1_45' title="bbox 2193 1602 3720 1679; baseline -0.001 -17"><span class='ocrx_word' id='word_1_296' title='bbox 2193 1607 2296 1679; x_wconf 87' lang='lat' dir='ltr'><strong>ipsi</strong></span> <span class='ocrx_word' id='word_1_297' title='bbox 2325 1607 2486 1662; x_wconf 89' lang='lat' dir='ltr'><strong>nobis</strong></span> <span class='ocrx_word' id='word_1_298' title='bbox 2514 1605 2961 1669; x_wconf 86' lang='lat' dir='ltr'><strong>transmiserunt,</strong></span> <span class='ocrx_word' id='word_1_299' title='bbox 2991 1619 3118 1673; x_wconf 89' lang='lat' dir='ltr'><strong>pars</strong></span> <span class='ocrx_word' id='word_1_300' title='bbox 3149 1602 3220 1659; x_wconf 87' lang='lat' dir='ltr'><strong>ab</strong></span> <span class='ocrx_word' id='word_1_301' title='bbox 3251 1603 3369 1658; x_wconf 86' lang='lat' dir='ltr'><strong>aliis</strong></span> <span class='ocrx_word' id='word_1_302' title='bbox 3390 1604 3615 1658; x_wconf 88' lang='lat' dir='ltr'><strong>nuntiata</strong></span> <span class='ocrx_word' id='word_1_303' title='bbox 3633 1611 3720 1661; x_wconf 81' lang='lat' dir='ltr'><strong>est.</strong></span> 
     </span>
    </p>
   </div>
   <div class='ocr_carea' id='block_1_46' title="bbox 2193 1694 3724 1770">
    <p class='ocr_par' dir='ltr' id='par_1_46' title="bbox 2193 1694 3724 1770">
     <span class='ocr_line' id='line_1_46' title="bbox 2193 1694 3724 1770; baseline -0.003 -18"><span class='ocrx_word' id='word_1_304' title='bbox 2193 1697 2284 1770; x_wconf 88' lang='lat' dir='ltr'><strong>qui</strong></span> <span class='ocrx_word' id='word_1_305' title='bbox 2322 1698 2438 1754; x_wconf 88' lang='lat' dir='ltr'><strong>ausi</strong></span> <span class='ocrx_word' id='word_1_306' title='bbox 2470 1705 2600 1754; x_wconf 86' lang='lat' dir='ltr'><strong>sunt</strong></span> <span class='ocrx_word' id='word_1_307' title='bbox 2627 1705 2817 1752; x_wconf 83' lang='lat' dir='ltr'><strong>contra</strong></span> <span class='ocrx_word' id='word_1_308' title='bbox 2853 1709 3118 1758; x_wconf 86' lang='lat' dir='ltr'><strong>canones,</strong></span> <span class='ocrx_word' id='word_1_309' title='bbox 3150 1703 3207 1748; x_wconf 90' lang='lat' dir='ltr'><strong>et</strong></span> <span class='ocrx_word' id='word_1_310' title='bbox 3237 1695 3352 1750; x_wconf 87' lang='lat' dir='ltr'><strong>sine</strong></span> <span class='ocrx_word' id='word_1_311' title='bbox 3386 1694 3576 1763; x_wconf 88' lang='lat' dir='ltr'><strong>judicio</strong></span> <span class='ocrx_word' id='word_1_312' title='bbox 3599 1708 3724 1749; x_wconf 86' lang='lat' dir='ltr'><strong>com-</strong></span> 
     </span>
    </p>
   </div>
   <div class='ocr_carea' id='block_1_47' title="bbox 2193 1786 3725 1850">
    <p class='ocr_par' dir='ltr' id='par_1_47' title="bbox 2193 1786 3725 1850">
     <span class='ocr_line' id='line_1_47' title="bbox 2193 1786 3725 1850; baseline -0.004 -4"><span class='ocrx_word' id='word_1_313' title='bbox 2193 1791 2640 1846; x_wconf 90' lang='lat' dir='ltr'><strong>memorationem</strong></span> <span class='ocrx_word' id='word_1_314' title='bbox 2702 1804 2879 1844; x_wconf 89' lang='lat' dir='ltr'><strong>meam</strong></span> <span class='ocrx_word' id='word_1_315' title='bbox 2931 1789 3278 1850; x_wconf 83' lang='lat' dir='ltr'><strong>exscindere,</strong></span> <span class='ocrx_word' id='word_1_316' title='bbox 3311 1787 3542 1848; x_wconf 68' lang='lat' dir='ltr'><strong>viviﬁcze,</strong></span> <span class='ocrx_word' id='word_1_317' title='bbox 3578 1795 3626 1840; x_wconf 91' lang='lat' dir='ltr'><strong>et</strong></span> <span class='ocrx_word' id='word_1_318' title='bbox 3657 1786 3725 1841; x_wconf 89' lang='lat' dir='ltr'><strong>di-</strong></span> 
     </span>
    </p>
   </div>
   <div class='ocr_carea' id='block_1_48' title="bbox 2193 1881 3724 1950">
    <p class='ocr_par' dir='ltr' id='par_1_48' title="bbox 2193 1881 3724 1950">
     <span class='ocr_line' id='line_1_48' title="bbox 2193 1881 3724 1950; baseline -0.004 -12"><span class='ocrx_word' id='word_1_319' title='bbox 2193 1884 2332 1939; x_wconf 70' lang='lat' dir='ltr'><strong>vinae</strong></span> <span class='ocrx_word' id='word_1_320' title='bbox 2380 1882 2599 1940; x_wconf 89' lang='lat' dir='ltr'><strong>Triadls</strong></span> <span class='ocrx_word' id='word_1_321' title='bbox 2653 1881 2872 1936; x_wconf 85' lang='lat' dir='ltr'><strong>vinculo</strong></span> <span class='ocrx_word' id='word_1_322' title='bbox 2925 1881 3276 1950; x_wconf 72' lang='lat' dir='ltr'><strong>subiicimus,</strong></span> <span class='ocrx_word' id='word_1_323' title='bbox 3320 1890 3372 1935; x_wconf 93' lang='lat' dir='ltr'><strong>et</strong></span> <span class='ocrx_word' id='word_1_324' title='bbox 3420 1881 3724 1934; x_wconf 85' lang='lat' dir='ltr'><strong>anathemate</strong></span> 
     </span>
    </p>
   </div>
   <div class='ocr_carea' id='block_1_49' title="bbox 2195 1970 3725 2044">
    <p class='ocr_par' dir='ltr' id='par_1_49' title="bbox 2195 1970 3725 2044">
     <span class='ocr_line' id='line_1_49' title="bbox 2195 1970 3725 2044; baseline -0.005 -15"><span class='ocrx_word' id='word_1_325' title='bbox 2195 1975 2442 2030; x_wconf 89' lang='lat' dir='ltr'><strong>ferimus.</strong></span> <span class='ocrx_word' id='word_1_326' title='bbox 2492 1973 2873 2044; x_wconf 89' lang='lat' dir='ltr'><strong>Subscriptio:</strong></span> <span class='ocrx_word' id='word_1_327' title='bbox 2911 1971 3154 2027; x_wconf 76' lang='lat' dir='ltr'><strong>Joannes</strong></span> <span class='ocrx_word' id='word_1_328' title='bbox 3189 1972 3529 2027; x_wconf 89' lang='lat' dir='ltr'><strong>miseratione</strong></span> <span class='ocrx_word' id='word_1_329' title='bbox 3575 1970 3725 2024; x_wconf 77' lang='lat' dir='ltr'><strong>divina</strong></span> 
     </span>
    </p>
   </div>
   <div class='ocr_carea' id='block_1_50' title="bbox 2195 2059 3722 2135">
    <p class='ocr_par' dir='ltr' id='par_1_50' title="bbox 2195 2059 3722 2135">
     <span class='ocr_line' id='line_1_50' title="bbox 2195 2059 3722 2135; baseline -0.005 -15"><span class='ocrx_word' id='word_1_330' title='bbox 2195 2065 2636 2135; x_wconf 85' lang='lat' dir='ltr'><strong>archiepiscopus</strong></span> <span class='ocrx_word' id='word_1_331' title='bbox 2663 2061 3343 2132; x_wconf 79' lang='lat' dir='ltr'><strong>ConstantinOpolitanus.</strong></span> <span class='ocrx_word' id='word_1_332' title='bbox 3375 2077 3520 2117; x_wconf 73' lang='lat' dir='ltr'><strong>novae</strong></span> <span class='ocrx_word' id='word_1_333' title='bbox 3547 2059 3722 2121; x_wconf 71' lang='lat' dir='ltr'><strong>Bonna.</strong></span> 
     </span>
    </p>
   </div>
   <div class='ocr_carea' id='block_1_51' title="bbox 2195 2152 3724 2226">
    <p class='ocr_par' dir='ltr' id='par_1_51' title="bbox 2195 2152 3724 2226">
     <span class='ocr_line' id='line_1_51' title="bbox 2195 2152 3724 2226; baseline -0.007 -12"><span class='ocrx_word' id='word_1_334' title='bbox 2195 2169 2250 2214; x_wconf 90' lang='lat' dir='ltr'><strong>et</strong></span> <span class='ocrx_word' id='word_1_335' title='bbox 2309 2158 2683 2214; x_wconf 67' lang='lat' dir='ltr'><strong>mcumenicus</strong></span> <span class='ocrx_word' id='word_1_336' title='bbox 2739 2155 3068 2226; x_wconf 89' lang='lat' dir='ltr'><strong>patriarcha.</strong></span> <span class='ocrx_word' id='word_1_337' title='bbox 3103 2173 3122 2207; x_wconf 73' lang='grc' dir='ltr'><strong>ι</strong></span> <span class='ocrx_word' id='word_1_338' title='bbox 3172 2155 3243 2210; x_wconf 88' lang='lat' dir='ltr'><strong>Et</strong></span> <span class='ocrx_word' id='word_1_339' title='bbox 3275 2156 3385 2209; x_wconf 74' lang='lat' dir='ltr'><strong>haec</strong></span> <span class='ocrx_word' id='word_1_340' title='bbox 3426 2153 3552 2208; x_wconf 80' lang='lat' dir='ltr'><strong>satis</strong></span> <span class='ocrx_word' id='word_1_341' title='bbox 3583 2152 3724 2206; x_wconf 79' lang='lat' dir='ltr'><strong>videri</strong></span> 
     </span>
    </p>
   </div>
   <div class='ocr_carea' id='block_1_52' title="bbox 2199 2245 3726 2321">
    <p class='ocr_par' dir='ltr' id='par_1_52' title="bbox 2199 2245 3726 2321">
     <span class='ocr_line' id='line_1_52' title="bbox 2199 2245 3726 2321; baseline -0.005 -19"><span class='ocrx_word' id='word_1_342' title='bbox 2199 2259 2453 2321; x_wconf 87' lang='lat' dir='ltr'><strong>poterunt</strong></span> <span class='ocrx_word' id='word_1_343' title='bbox 2491 2249 2555 2303; x_wconf 86' lang='lat' dir='ltr'><strong>ad</strong></span> <span class='ocrx_word' id='word_1_344' title='bbox 2589 2263 2686 2304; x_wconf 89' lang='lat' dir='ltr'><strong>eos</strong></span> <span class='ocrx_word' id='word_1_345' title='bbox 2736 2249 2886 2316; x_wconf 86' lang='lat' dir='ltr'><strong>ipsos</strong></span> <span class='ocrx_word' id='word_1_346' title='bbox 2925 2246 3278 2309; x_wconf 81' lang='lat' dir='ltr'><strong>refellendos,</strong></span> <span class='ocrx_word' id='word_1_347' title='bbox 3316 2245 3403 2312; x_wconf 90' lang='lat' dir='ltr'><strong>qui</strong></span> <span class='ocrx_word' id='word_1_348' title='bbox 3451 2245 3575 2298; x_wconf 87' lang='lat' dir='ltr'><strong>adeo</strong></span> <span class='ocrx_word' id='word_1_349' title='bbox 3601 2245 3726 2295; x_wconf 83' lang='lat' dir='ltr'><strong>inve-</strong></span> 
     </span>
    </p>
   </div>
   <div class='ocr_carea' id='block_1_53' title="bbox 2199 2331 3726 2400">
    <p class='ocr_par' dir='ltr' id='par_1_53' title="bbox 2199 2331 3726 2400">
     <span class='ocr_line' id='line_1_53' title="bbox 2199 2331 3726 2400; baseline -0.008 -4"><span class='ocrx_word' id='word_1_350' title='bbox 2199 2341 2435 2397; x_wconf 89' lang='lat' dir='ltr'><strong>recunde</strong></span> <span class='ocrx_word' id='word_1_351' title='bbox 2476 2339 2751 2394; x_wconf 83' lang='lat' dir='ltr'><strong>Palamam</strong></span> <span class='ocrx_word' id='word_1_352' title='bbox 2798 2338 2940 2392; x_wconf 90' lang='lat' dir='ltr'><strong>inter</strong></span> <span class='ocrx_word' id='word_1_353' title='bbox 2981 2347 3208 2392; x_wconf 88' lang='lat' dir='ltr'><strong>sanctos</strong></span> <span class='ocrx_word' id='word_1_354' title='bbox 3239 2335 3516 2396; x_wconf 84' lang='lat' dir='ltr'><strong>collocant,</strong></span> <span class='ocrx_word' id='word_1_355' title='bbox 3555 2340 3605 2387; x_wconf 93' lang='lat' dir='ltr'><strong>et</strong></span> <span class='ocrx_word' id='word_1_356' title='bbox 3631 2331 3726 2400; x_wconf 86' lang='lat' dir='ltr'><strong>ejus</strong></span> 
     </span>
    </p>
   </div>
   <div class='ocr_carea' id='block_1_54' title="bbox 2198 2425 3725 2502">
    <p class='ocr_par' dir='ltr' id='par_1_54' title="bbox 2198 2425 3725 2502">
     <span class='ocr_line' id='line_1_54' title="bbox 2198 2425 3725 2502; baseline -0.008 -13"><span class='ocrx_word' id='word_1_357' title='bbox 2198 2434 2385 2490; x_wconf 79' lang='lat' dir='ltr'><strong>laudes</strong></span> <span class='ocrx_word' id='word_1_358' title='bbox 2429 2434 2497 2488; x_wconf 87' lang='lat' dir='ltr'><strong>ab</strong></span> <span class='ocrx_word' id='word_1_359' title='bbox 2526 2432 2770 2502; x_wconf 79' lang='lat' dir='ltr'><strong>ejusdem</strong></span> <span class='ocrx_word' id='word_1_360' title='bbox 2811 2439 2956 2485; x_wconf 66' lang='lat' dir='ltr'><strong>notat</strong></span> <span class='ocrx_word' id='word_1_361' title='bbox 2995 2429 3341 2493; x_wconf 89' lang='lat' dir='ltr'><strong>hominibus,</strong></span> <span class='ocrx_word' id='word_1_362' title='bbox 3373 2440 3574 2494; x_wconf 82' lang='lat' dir='ltr'><strong>summo</strong></span> <span class='ocrx_word' id='word_1_363' title='bbox 3611 2425 3725 2479; x_wconf 84' lang='lat' dir='ltr'><strong>fastu</strong></span> 
     </span>
    </p>
   </div>
   <div class='ocr_carea' id='block_1_55' title="bbox 2200 2517 3724 2596">
    <p class='ocr_par' dir='ltr' id='par_1_55' title="bbox 2200 2517 3724 2596">
     <span class='ocr_line' id='line_1_55' title="bbox 2200 2517 3724 2596; baseline -0.008 -15"><span class='ocrx_word' id='word_1_364' title='bbox 2200 2527 2594 2596; x_wconf 85' lang='lat' dir='ltr'><strong>mendacioquc</strong></span> <span class='ocrx_word' id='word_1_365' title='bbox 2649 2523 3014 2592; x_wconf 88' lang='lat' dir='ltr'><strong>conscriptas,</strong></span> <span class='ocrx_word' id='word_1_366' title='bbox 3088 2522 3142 2576; x_wconf 85' lang='lat' dir='ltr'><strong>in</strong></span> <span class='ocrx_word' id='word_1_367' title='bbox 3213 2521 3448 2576; x_wconf 77' lang='lat' dir='ltr'><strong>Ecclesia</strong></span> <span class='ocrx_word' id='word_1_368' title='bbox 3515 2517 3724 2573; x_wconf 84' lang='lat' dir='ltr'><strong>recitant.</strong></span> 
     </span>
    </p>
   </div>
   <div class='ocr_carea' id='block_1_56' title="bbox 2197 2609 3727 2686">
    <p class='ocr_par' dir='ltr' id='par_1_56' title="bbox 2197 2609 3727 2686">
     <span class='ocr_line' id='line_1_56' title="bbox 2197 2609 3727 2686; baseline -0.009 -13"><span class='ocrx_word' id='word_1_369' title='bbox 2197 2619 2334 2674; x_wconf 88' lang='lat' dir='ltr'><strong>Cum</strong></span> <span class='ocrx_word' id='word_1_370' title='bbox 2366 2632 2498 2672; x_wconf 88' lang='lat' dir='ltr'><strong>vero</strong></span> <span class='ocrx_word' id='word_1_371' title='bbox 2525 2617 2642 2686; x_wconf 89' lang='lat' dir='ltr'><strong>ejus</strong></span> <span class='ocrx_word' id='word_1_372' title='bbox 2664 2616 2926 2677; x_wconf 66' lang='lat' dir='ltr'><strong>haereses,</strong></span> <span class='ocrx_word' id='word_1_373' title='bbox 2952 2613 3098 2682; x_wconf 85' lang='lat' dir='ltr'><strong>quod</strong></span> <span class='ocrx_word' id='word_1_374' title='bbox 3131 2612 3284 2668; x_wconf 91' lang='lat' dir='ltr'><strong>illius</strong></span> <span class='ocrx_word' id='word_1_375' title='bbox 3342 2621 3394 2666; x_wconf 91' lang='lat' dir='ltr'><strong>et</strong></span> <span class='ocrx_word' id='word_1_376' title='bbox 3417 2609 3727 2666; x_wconf 86' lang='lat' dir='ltr'><strong>scctariorum</strong></span> 
     </span>
    </p>
   </div>
   <div class='ocr_carea' id='block_1_57' title="bbox 2199 2704 3726 2780">
    <p class='ocr_par' dir='ltr' id='par_1_57' title="bbox 2199 2704 3726 2780">
     <span class='ocr_line' id='line_1_57' title="bbox 2199 2704 3726 2780; baseline -0.011 -13"><span class='ocrx_word' id='word_1_377' title='bbox 2199 2711 2320 2767; x_wconf 90' lang='lat' dir='ltr'><strong>libri</strong></span> <span class='ocrx_word' id='word_1_378' title='bbox 2355 2725 2465 2780; x_wconf 73' lang='lat' dir='ltr'><strong>pm</strong></span> <span class='ocrx_word' id='word_1_379' title='bbox 2499 2710 2753 2764; x_wconf 89' lang='lat' dir='ltr'><strong>manibus</strong></span> <span class='ocrx_word' id='word_1_380' title='bbox 2784 2723 2892 2762; x_wconf 93' lang='lat' dir='ltr'><strong>non</strong></span> <span class='ocrx_word' id='word_1_381' title='bbox 2923 2707 3057 2772; x_wconf 88' lang='lat' dir='ltr'><strong>sint,</strong></span> <span class='ocrx_word' id='word_1_382' title='bbox 3098 2719 3212 2760; x_wconf 91' lang='lat' dir='ltr'><strong>non</strong></span> <span class='ocrx_word' id='word_1_383' title='bbox 3250 2704 3500 2760; x_wconf 86' lang='lat' dir='ltr'><strong>omnibus</strong></span> <span class='ocrx_word' id='word_1_384' title='bbox 3526 2707 3726 2771; x_wconf 85' lang='lat' dir='ltr'><strong>pateant,</strong></span> 
     </span>
    </p>
   </div>
   <div class='ocr_carea' id='block_1_58' title="bbox 2199 2794 3727 2870">
    <p class='ocr_par' dir='ltr' id='par_1_58' title="bbox 2199 2794 3727 2870">
     <span class='ocr_line' id='line_1_58' title="bbox 2199 2794 3727 2870; baseline -0.01 -11"><span class='ocrx_word' id='word_1_385' title='bbox 2199 2820 2268 2859; x_wconf 87' lang='lat' dir='ltr'><strong>ne</strong></span> <span class='ocrx_word' id='word_1_386' title='bbox 2296 2819 2396 2859; x_wconf 93' lang='lat' dir='ltr'><strong>nos</strong></span> <span class='ocrx_word' id='word_1_387' title='bbox 2419 2803 2509 2858; x_wconf 90' lang='lat' dir='ltr'><strong>tali</strong></span> <span class='ocrx_word' id='word_1_388' title='bbox 2541 2803 2660 2857; x_wconf 80' lang='lat' dir='ltr'><strong>viro</strong></span> <span class='ocrx_word' id='word_1_389' title='bbox 2678 2799 2880 2870; x_wconf 83' lang='lat' dir='ltr'><strong>injuste</strong></span> <span class='ocrx_word' id='word_1_390' title='bbox 2901 2801 3136 2854; x_wconf 85' lang='lat' dir='ltr'><strong>haereses</strong></span> <span class='ocrx_word' id='word_1_391' title='bbox 3159 2798 3452 2868; x_wconf 78' lang='lat' dir='ltr'><strong>appingere</strong></span> <span class='ocrx_word' id='word_1_392' title='bbox 3467 2794 3727 2854; x_wconf 83' lang='lat' dir='ltr'><strong>videamur,</strong></span> 
     </span>
    </p>
   </div>
   <div class='ocr_carea' id='block_1_59' title="bbox 2199 2883 3725 2965">
    <p class='ocr_par' dir='ltr' id='par_1_59' title="bbox 2199 2883 3725 2965">
     <span class='ocr_line' id='line_1_59' title="bbox 2199 2883 3725 2965; baseline -0.012 -13"><span class='ocrx_word' id='word_1_393' title='bbox 2199 2911 2390 2952; x_wconf 88' lang='lat' dir='ltr'><strong>earum</strong></span> <span class='ocrx_word' id='word_1_394' title='bbox 2420 2903 2654 2965; x_wconf 89' lang='lat' dir='ltr'><strong>partem,</strong></span> <span class='ocrx_word' id='word_1_395' title='bbox 2685 2907 2749 2949; x_wconf 78' lang='lat' dir='ltr'><strong>ex</strong></span> <span class='ocrx_word' id='word_1_396' title='bbox 2781 2892 2930 2948; x_wconf 89' lang='lat' dir='ltr'><strong>illius</strong></span> <span class='ocrx_word' id='word_1_397' title='bbox 2975 2891 3073 2945; x_wconf 82' lang='lat' dir='ltr'><strong>aevi</strong></span> <span class='ocrx_word' id='word_1_398' title='bbox 3102 2890 3483 2960; x_wconf 88' lang='lat' dir='ltr'><strong>scriptoribus,</strong></span> <span class='ocrx_word' id='word_1_399' title='bbox 3523 2883 3725 2938; x_wconf 77' lang='lat' dir='ltr'><strong>nondum</strong></span> 
     </span>
    </p>
   </div>
   <div class='ocr_carea' id='block_1_60' title="bbox 2197 2973 3729 3053">
    <p class='ocr_par' dir='ltr' id='par_1_60' title="bbox 2197 2973 3729 3053">
     <span class='ocr_line' id='line_1_60' title="bbox 2197 2973 3729 3053; baseline -0.01 -13"><span class='ocrx_word' id='word_1_400' title='bbox 2197 2984 2377 3050; x_wconf 85' lang='lat' dir='ltr'><strong>editis,</strong></span> <span class='ocrx_word' id='word_1_401' title='bbox 2411 2998 2510 3040; x_wconf 89' lang='lat' dir='ltr'><strong>nec</strong></span> <span class='ocrx_word' id='word_1_402' title='bbox 2542 2982 2616 3039; x_wconf 91' lang='lat' dir='ltr'><strong>ita</strong></span> <span class='ocrx_word' id='word_1_403' title='bbox 2647 2982 2702 3037; x_wconf 89' lang='lat' dir='ltr'><strong>in</strong></span> <span class='ocrx_word' id='word_1_404' title='bbox 2736 2991 3016 3053; x_wconf 87' lang='lat' dir='ltr'><strong>promptu,</strong></span> <span class='ocrx_word' id='word_1_405' title='bbox 3043 2979 3134 3035; x_wconf 92' lang='lat' dir='ltr'><strong>hic</strong></span> <span class='ocrx_word' id='word_1_406' title='bbox 3162 2991 3516 3050; x_wconf 85' lang='lat' dir='ltr'><strong>apponemus.</strong></span> <span class='ocrx_word' id='word_1_407' title='bbox 3537 2973 3729 3029; x_wconf 82' lang='lat' dir='ltr'><strong>Nomina</strong></span> 
     </span>
    </p>
   </div>
   <div class='ocr_carea' id='block_1_61' title="bbox 2202 3065 3780 3146">
    <p class='ocr_par' dir='ltr' id='par_1_61' title="bbox 2202 3065 3780 3146">
     <span class='ocr_line' id='line_1_61' title="bbox 2202 3065 3780 3146; baseline -0.01 -15"><span class='ocrx_word' id='word_1_408' title='bbox 2202 3077 2439 3131; x_wconf 88' lang='lat' dir='ltr'><strong>nondum</strong></span> <span class='ocrx_word' id='word_1_409' title='bbox 2470 3075 2692 3146; x_wconf 88' lang='lat' dir='ltr'><strong>reperi:</strong></span> <span class='ocrx_word' id='word_1_410' title='bbox 2723 3075 2874 3131; x_wconf 88' lang='lat' dir='ltr'><strong>acuti</strong></span> <span class='ocrx_word' id='word_1_411' title='bbox 2907 3082 3090 3129; x_wconf 86' lang='lat' dir='ltr'><strong>tamen</strong></span> <span class='ocrx_word' id='word_1_412' title='bbox 3126 3080 3309 3138; x_wconf 85' lang='lat' dir='ltr'><strong>sunt,</strong></span> <span class='ocrx_word' id='word_1_413' title='bbox 3355 3081 3407 3127; x_wconf 90' lang='lat' dir='ltr'><strong>et</strong></span> <span class='ocrx_word' id='word_1_414' title='bbox 3444 3065 3728 3139; x_wconf 84' lang='lat' dir='ltr'><strong>argumentis</strong></span> <span class='ocrx_word' id='word_1_415' title='bbox 3773 3070 3780 3078; x_wconf 87' lang='lat'>&#39;</span> 
     </span>
    </p>
   </div>
   <div class='ocr_carea' id='block_1_62' title="bbox 527 3157 3726 3237">
    <p class='ocr_par' dir='ltr' id='par_1_62' title="bbox 527 3157 3726 3237">
     <span class='ocr_line' id='line_1_62' title="bbox 527 3157 3726 3237; baseline 0 -28"><span class='ocrx_word' id='word_1_416' title='bbox 527 3169 580 3210; x_wconf 88' lang='lat' dir='ltr'><strong>et</strong></span> <span class='ocrx_word' id='word_1_417' title='bbox 601 3170 795 3210; x_wconf 82' lang='lat' dir='ltr'><strong>novam</strong></span> <span class='ocrx_word' id='word_1_418' title='bbox 821 3157 1136 3225; x_wconf 83' lang='lat' dir='ltr'><strong>religionem</strong></span> <span class='ocrx_word' id='word_1_419' title='bbox 1163 3158 1369 3214; x_wconf 84' lang='lat' dir='ltr'><strong>videre.</strong></span> <span class='ocrx_word' id='word_1_420' title='bbox 1396 3159 1528 3224; x_wconf 79' lang='lat' dir='ltr'><strong>Qu.e</strong></span> <span class='ocrx_word' id='word_1_421' title='bbox 1551 3159 1734 3214; x_wconf 88' lang='lat' dir='ltr'><strong>omnia</strong></span> <span class='ocrx_word' id='word_1_422' title='bbox 1757 3160 1921 3214; x_wconf 85' lang='lat' dir='ltr'><strong>etiam</strong></span> <span class='ocrx_word' id='word_1_423' title='bbox 1947 3162 2098 3230; x_wconf 86' lang='lat' dir='ltr'><strong>ipsos</strong></span> <span class='ocrx_word' id='word_1_424' title='bbox 2124 3169 2168 3229; x_wconf 88' lang='lat' dir='ltr'><strong>c</strong></span> <span class='ocrx_word' id='word_1_425' title='bbox 2202 3169 2268 3223; x_wconf 84' lang='lat' dir='ltr'><strong>ad</strong></span> <span class='ocrx_word' id='word_1_426' title='bbox 2318 3164 2662 3237; x_wconf 85' lang='lat' dir='ltr'><strong>probandum</strong></span> <span class='ocrx_word' id='word_1_427' title='bbox 2696 3163 3032 3221; x_wconf 89' lang='lat' dir='ltr'><strong>ﬁrmissimis</strong></span> <span class='ocrx_word' id='word_1_428' title='bbox 3079 3162 3460 3219; x_wconf 85' lang='lat' dir='ltr'><strong>adversarium</strong></span> <span class='ocrx_word' id='word_1_429' title='bbox 3498 3159 3726 3229; x_wconf 81' lang='lat' dir='ltr'><strong>jugulant.</strong></span> 
     </span>
    </p>
   </div>
   <div class='ocr_carea' id='block_1_63' title="bbox 447 3247 2100 3318">
    <p class='ocr_par' dir='ltr' id='par_1_63' title="bbox 447 3247 2100 3318">
     <span class='ocr_line' id='line_1_63' title="bbox 447 3247 2100 3318; baseline 0.005 -22"><span class='ocrx_word' id='word_1_430' title='bbox 447 3247 451 3250; x_wconf 82' lang='grc'><strong>’</strong></span> <span class='ocrx_word' id='word_1_431' title='bbox 499 3249 800 3302; x_wconf 82' lang='lat' dir='ltr'><strong>‘daemOues</strong></span> <span class='ocrx_word' id='word_1_432' title='bbox 851 3256 1072 3315; x_wconf 90' lang='lat' dir='ltr'><strong>terrent,</strong></span> <span class='ocrx_word' id='word_1_433' title='bbox 1108 3265 1230 3303; x_wconf 91' lang='lat' dir='ltr'><strong>cum</strong></span> <span class='ocrx_word' id='word_1_434' title='bbox 1263 3249 1362 3318; x_wconf 91' lang='lat' dir='ltr'><strong>ipsi</strong></span> <span class='ocrx_word' id='word_1_435' title='bbox 1416 3250 1567 3304; x_wconf 90' lang='lat' dir='ltr'><strong>illum</strong></span> <span class='ocrx_word' id='word_1_436' title='bbox 1609 3248 1778 3304; x_wconf 83' lang='lat' dir='ltr'><strong>Deum</strong></span> <span class='ocrx_word' id='word_1_437' title='bbox 1821 3265 1992 3305; x_wconf 91' lang='lat' dir='ltr'><strong>unum</strong></span> <span class='ocrx_word' id='word_1_438' title='bbox 2044 3259 2100 3305; x_wconf 89' lang='lat' dir='ltr'><strong>et</strong></span> 
     </span>
    </p>
   </div>
   <div class='ocr_carea' id='block_1_64' title="bbox 525 3339 2101 3413">
    <p class='ocr_par' dir='ltr' id='par_1_64' title="bbox 525 3339 2101 3413">
     <span class='ocr_line' id='line_1_64' title="bbox 525 3339 2101 3413; baseline 0.003 -21"><span class='ocrx_word' id='word_1_439' title='bbox 525 3339 702 3393; x_wconf 89' lang='lat' dir='ltr'><strong>solum</strong></span> <span class='ocrx_word' id='word_1_440' title='bbox 731 3341 976 3404; x_wconf 88' lang='lat' dir='ltr'><strong>credant,</strong></span> <span class='ocrx_word' id='word_1_441' title='bbox 1018 3351 1073 3396; x_wconf 92' lang='lat' dir='ltr'><strong>et</strong></span> <span class='ocrx_word' id='word_1_442' title='bbox 1102 3341 1548 3396; x_wconf 89' lang='lat' dir='ltr'><strong>contremiscant.</strong></span> <span class='ocrx_word' id='word_1_443' title='bbox 1585 3361 1602 3396; x_wconf 75' lang='grc' dir='ltr'><strong>ι</strong></span> <span class='ocrx_word' id='word_1_444' title='bbox 1647 3340 1936 3408; x_wconf 87' lang='lat' dir='ltr'><strong>Quomodo</strong></span> <span class='ocrx_word' id='word_1_445' title='bbox 1969 3357 2101 3413; x_wconf 89' lang='lat' dir='ltr'><strong>ergo</strong></span> 
     </span>
    </p>
   </div>
   <div class='ocr_carea' id='block_1_65' title="bbox 526 3432 2100 3505">
    <p class='ocr_par' dir='ltr' id='par_1_65' title="bbox 526 3432 2100 3505">
     <span class='ocr_line' id='line_1_65' title="bbox 526 3432 2100 3505; baseline 0.006 -21"><span class='ocrx_word' id='word_1_446' title='bbox 526 3432 800 3488; x_wconf 89' lang='lat' dir='ltr'><strong>hominem</strong></span> <span class='ocrx_word' id='word_1_447' title='bbox 834 3433 1125 3501; x_wconf 87' lang='lat' dir='ltr'><strong>nefarium,</strong></span> <span class='ocrx_word' id='word_1_448' title='bbox 1173 3435 1423 3505; x_wconf 90' lang='lat' dir='ltr'><strong>impium,</strong></span> <span class='ocrx_word' id='word_1_449' title='bbox 1466 3434 1806 3496; x_wconf 68' lang='lat' dir='ltr'><strong>haereticum.</strong></span> <span class='ocrx_word' id='word_1_450' title='bbox 1848 3435 2100 3493; x_wconf 66' lang='lat' dir='ltr'><strong>Turcicae</strong></span> 
     </span>
    </p>
   </div>
   <div class='ocr_carea' id='block_1_66' title="bbox 525 3523 2101 3595">
    <p class='ocr_par' dir='ltr' id='par_1_66' title="bbox 525 3523 2101 3595">
     <span class='ocr_line' id='line_1_66' title="bbox 525 3523 2101 3595; baseline 0.005 -19"><span class='ocrx_word' id='word_1_451' title='bbox 525 3523 736 3578; x_wconf 89' lang='lat' dir='ltr'><strong>libidini</strong></span> <span class='ocrx_word' id='word_1_452' title='bbox 757 3525 1085 3592; x_wconf 64' lang='lat' dir='ltr'><strong>eXpositum,</strong></span> <span class='ocrx_word' id='word_1_453' title='bbox 1109 3524 1439 3594; x_wconf 81' lang='lat' dir='ltr'><strong>infandaque</strong></span> <span class='ocrx_word' id='word_1_454' title='bbox 1461 3540 1704 3595; x_wconf 90' lang='lat' dir='ltr'><strong>passum,</strong></span> <span class='ocrx_word' id='word_1_455' title='bbox 1728 3528 1776 3583; x_wconf 91' lang='lat' dir='ltr'><strong>si</strong></span> <span class='ocrx_word' id='word_1_456' title='bbox 1796 3544 1922 3583; x_wconf 86' lang='lat' dir='ltr'><strong>vera</strong></span> <span class='ocrx_word' id='word_1_457' title='bbox 1943 3529 2101 3584; x_wconf 84' lang='lat' dir='ltr'><strong>nobis</strong></span> 
     </span>
    </p>
   </div>
   <div class='ocr_carea' id='block_1_67' title="bbox 526 3616 2104 3685">
    <p class='ocr_par' dir='ltr' id='par_1_67' title="bbox 526 3616 2104 3685">
     <span class='ocr_line' id='line_1_67' title="bbox 526 3616 2104 3685; baseline 0.007 -17"><span class='ocrx_word' id='word_1_458' title='bbox 526 3625 715 3670; x_wconf 88' lang='lat' dir='ltr'><strong>narrat</strong></span> <span class='ocrx_word' id='word_1_459' title='bbox 757 3616 1050 3685; x_wconf 83' lang='lat' dir='ltr'><strong>Gregoras,</strong></span> <span class='ocrx_word' id='word_1_460' title='bbox 1093 3627 1148 3672; x_wconf 90' lang='lat' dir='ltr'><strong>et</strong></span> <span class='ocrx_word' id='word_1_461' title='bbox 1184 3617 1252 3673; x_wconf 89' lang='lat' dir='ltr'><strong>ab</strong></span> <span class='ocrx_word' id='word_1_462' title='bbox 1301 3618 1596 3674; x_wconf 83' lang='lat' dir='ltr'><strong>universali</strong></span> <span class='ocrx_word' id='word_1_463' title='bbox 1644 3620 1960 3676; x_wconf 66' lang='lat' dir='ltr'><strong>Graecorum</strong></span> <span class='ocrx_word' id='word_1_464' title='bbox 2003 3621 2104 3680; x_wconf 78' lang='lat' dir='ltr'><strong>Ec-</strong></span> 
     </span>
    </p>
   </div>
   <div class='ocr_carea' id='block_1_68' title="bbox 526 3707 2104 3774">
    <p class='ocr_par' dir='ltr' id='par_1_68' title="bbox 526 3707 2104 3774">
     <span class='ocr_line' id='line_1_68' title="bbox 526 3707 2104 3774; baseline 0.005 -14"><span class='ocrx_word' id='word_1_465' title='bbox 526 3707 716 3773; x_wconf 83' lang='lat' dir='ltr'><strong>clesia,</strong></span> <span class='ocrx_word' id='word_1_466' title='bbox 765 3710 930 3762; x_wconf 88' lang='lat' dir='ltr'><strong>etiam</strong></span> <span class='ocrx_word' id='word_1_467' title='bbox 975 3707 1103 3764; x_wconf 91' lang='lat' dir='ltr'><strong>dum</strong></span> <span class='ocrx_word' id='word_1_468' title='bbox 1142 3711 1365 3774; x_wconf 82' lang='lat' dir='ltr'><strong>viveret,</strong></span> <span class='ocrx_word' id='word_1_469' title='bbox 1402 3711 1604 3767; x_wconf 88' lang='lat' dir='ltr'><strong>frustra</strong></span> <span class='ocrx_word' id='word_1_470' title='bbox 1639 3714 1962 3768; x_wconf 88' lang='lat' dir='ltr'><strong>conantibus</strong></span> <span class='ocrx_word' id='word_1_471' title='bbox 2002 3715 2104 3768; x_wconf 89' lang='lat' dir='ltr'><strong>im-</strong></span> 
     </span>
    </p>
   </div>
   <div class='ocr_carea' id='block_1_69' title="bbox 530 3799 2102 3878">
    <p class='ocr_par' dir='ltr' id='par_1_69' title="bbox 530 3799 2102 3878">
     <span class='ocr_line' id='line_1_69' title="bbox 530 3799 2102 3878; baseline 0.004 -25"><span class='ocrx_word' id='word_1_472' title='bbox 530 3799 878 3866; x_wconf 78' lang='lat' dir='ltr'><strong>peratoribus</strong></span> <span class='ocrx_word' id='word_1_473' title='bbox 913 3799 1568 3873; x_wconf 87' lang='lat' dir='ltr'><strong>Constantinopolitanis,</strong></span> <span class='ocrx_word' id='word_1_474' title='bbox 1607 3816 1795 3860; x_wconf 85' lang='lat' dir='ltr'><strong>coacta</strong></span> <span class='ocrx_word' id='word_1_475' title='bbox 1827 3807 2039 3878; x_wconf 80' lang='lat' dir='ltr'><strong>synodo</strong></span> <span class='ocrx_word' id='word_1_476' title='bbox 2072 3821 2102 3860; x_wconf 93' lang='lat' dir='ltr'><strong>a</strong></span> 
     </span>
    </p>
   </div>
   <div class='ocr_carea' id='block_1_70' title="bbox 529 3891 2105 3968">
    <p class='ocr_par' dir='ltr' id='par_1_70' title="bbox 529 3891 2105 3968">
     <span class='ocr_line' id='line_1_70' title="bbox 529 3891 2105 3968; baseline 0.008 -27"><span class='ocrx_word' id='word_1_477' title='bbox 529 3891 860 3958; x_wconf 87' lang='lat' dir='ltr'><strong>patriarchis</strong></span> <span class='ocrx_word' id='word_1_478' title='bbox 885 3893 1228 3948; x_wconf 80' lang='lat' dir='ltr'><strong>Antiocheno</strong></span> <span class='ocrx_word' id='word_1_479' title='bbox 1263 3893 1490 3966; x_wconf 86' lang='lat' dir='ltr'><strong>lgnatio,</strong></span> <span class='ocrx_word' id='word_1_480' title='bbox 1523 3905 1578 3950; x_wconf 89' lang='lat' dir='ltr'><strong>et</strong></span> <span class='ocrx_word' id='word_1_481' title='bbox 1608 3897 2105 3968; x_wconf 89' lang='lat' dir='ltr'><strong>Constantinopoli-</strong></span> 
     </span>
    </p>
   </div>
   <div class='ocr_carea' id='block_1_71' title="bbox 528 3983 2104 4059">
    <p class='ocr_par' dir='ltr' id='par_1_71' title="bbox 528 3983 2104 4059">
     <span class='ocr_line' id='line_1_71' title="bbox 528 3983 2104 4059; baseline 0.006 -22"><span class='ocrx_word' id='word_1_482' title='bbox 528 3995 656 4039; x_wconf 83' lang='lat' dir='ltr'><strong>tano</strong></span> <span class='ocrx_word' id='word_1_483' title='bbox 707 3983 937 4052; x_wconf 87' lang='lat' dir='ltr'><strong>Joanne,</strong></span> <span class='ocrx_word' id='word_1_484' title='bbox 991 4003 1097 4041; x_wconf 92' lang='lat' dir='ltr'><strong>non</strong></span> <span class='ocrx_word' id='word_1_485' title='bbox 1144 3999 1364 4059; x_wconf 84' lang='lat' dir='ltr'><strong>prepter</strong></span> <span class='ocrx_word' id='word_1_486' title='bbox 1411 3989 1465 4044; x_wconf 91' lang='lat' dir='ltr'><strong>in</strong></span> <span class='ocrx_word' id='word_1_487' title='bbox 1521 3989 1748 4046; x_wconf 89' lang='lat' dir='ltr'><strong>Latinos</strong></span> <span class='ocrx_word' id='word_1_488' title='bbox 1792 3991 1960 4055; x_wconf 91' lang='lat' dir='ltr'><strong>dicta,</strong></span> <span class='ocrx_word' id='word_1_489' title='bbox 2009 3990 2104 4047; x_wconf 89' lang='lat' dir='ltr'><strong>sed</strong></span> 
     </span>
    </p>
   </div>
   <div class='ocr_carea' id='block_1_72' title="bbox 529 4077 2109 4148">
    <p class='ocr_par' dir='ltr' id='par_1_72' title="bbox 529 4077 2109 4148">
     <span class='ocr_line' id='line_1_72' title="bbox 529 4077 2109 4148; baseline 0.004 -18"><span class='ocrx_word' id='word_1_490' title='bbox 529 4077 964 4148; x_wconf 85' lang='lat' dir='ltr'><strong>quamplurimos</strong></span> <span class='ocrx_word' id='word_1_491' title='bbox 1006 4079 1142 4135; x_wconf 87' lang='lat' dir='ltr'><strong>alios</strong></span> <span class='ocrx_word' id='word_1_492' title='bbox 1178 4080 1231 4135; x_wconf 92' lang='lat' dir='ltr'><strong>in</strong></span> <span class='ocrx_word' id='word_1_493' title='bbox 1277 4080 1380 4136; x_wconf 91' lang='lat' dir='ltr'><strong>ﬁde</strong></span> <span class='ocrx_word' id='word_1_494' title='bbox 1413 4095 1634 4136; x_wconf 81' lang='lat' dir='ltr'><strong>errores</strong></span> <span class='ocrx_word' id='word_1_495' title='bbox 1675 4083 2007 4137; x_wconf 89' lang='lat' dir='ltr'><strong>anathemati</strong></span> <span class='ocrx_word' id='word_1_496' title='bbox 2055 4092 2109 4138; x_wconf 92' lang='lat' dir='ltr'><strong>et</strong></span> 
     </span>
    </p>
   </div>
   <div class='ocr_carea' id='block_1_73' title="bbox 528 4171 2108 4244">
    <p class='ocr_par' dir='ltr' id='par_1_73' title="bbox 528 4171 2108 4244">
     <span class='ocr_line' id='line_1_73' title="bbox 528 4171 2108 4244; baseline 0.004 -20"><span class='ocrx_word' id='word_1_497' title='bbox 528 4172 1081 4228; x_wconf 59' lang='lat' dir='ltr'><strong>eseommunicationi</strong></span> <span class='ocrx_word' id='word_1_498' title='bbox 1137 4171 1487 4242; x_wconf 87' lang='lat' dir='ltr'><strong>subjectum,</strong></span> <span class='ocrx_word' id='word_1_499' title='bbox 1543 4173 1681 4229; x_wconf 87' lang='lat' dir='ltr'><strong>adeo</strong></span> <span class='ocrx_word' id='word_1_500' title='bbox 1737 4177 1887 4244; x_wconf 90' lang='lat' dir='ltr'><strong>pium</strong></span> <span class='ocrx_word' id='word_1_501' title='bbox 1947 4173 2108 4230; x_wconf 85' lang='lat' dir='ltr'><strong>nobis</strong></span> 
     </span>
    </p>
   </div>
   <div class='ocr_carea' id='block_1_74' title="bbox 531 4263 2109 4336">
    <p class='ocr_par' dir='ltr' id='par_1_74' title="bbox 531 4263 2109 4336">
     <span class='ocr_line' id='line_1_74' title="bbox 531 4263 2109 4336; baseline 0.003 -20"><span class='ocrx_word' id='word_1_502' title='bbox 531 4263 678 4319; x_wconf 91' lang='lat' dir='ltr'><strong>illius</strong></span> <span class='ocrx_word' id='word_1_503' title='bbox 705 4273 1005 4321; x_wconf 86' lang='lat' dir='ltr'><strong>sectatores</strong></span> <span class='ocrx_word' id='word_1_504' title='bbox 1037 4274 1368 4334; x_wconf 88' lang='lat' dir='ltr'><strong>proponunt.</strong></span> <span class='ocrx_word' id='word_1_505' title='bbox 1392 4265 1623 4321; x_wconf 83' lang='lat' dir='ltr'><strong>Tomum</strong></span> <span class='ocrx_word' id='word_1_506' title='bbox 1648 4264 1839 4336; x_wconf 83' lang='lat' dir='ltr'><strong>lgnatii</strong></span> <span class='ocrx_word' id='word_1_507' title='bbox 1865 4269 1918 4321; x_wconf 93' lang='lat' dir='ltr'><strong>in</strong></span> <span class='ocrx_word' id='word_1_508' title='bbox 1945 4268 2109 4322; x_wconf 82' lang='lat' dir='ltr'><strong>Pala-</strong></span> 
     </span>
    </p>
   </div>
   <div class='ocr_carea' id='block_1_75' title="bbox 531 4355 2100 4426">
    <p class='ocr_par' dir='ltr' id='par_1_75' title="bbox 531 4355 2100 4426">
     <span class='ocr_line' id='line_1_75' title="bbox 531 4355 2100 4426; baseline 0.003 -18"><span class='ocrx_word' id='word_1_509' title='bbox 531 4369 700 4420; x_wconf 90' lang='lat' dir='ltr'><strong>mam,</strong></span> <span class='ocrx_word' id='word_1_510' title='bbox 763 4357 888 4424; x_wconf 88' lang='lat' dir='ltr'><strong>quia</strong></span> <span class='ocrx_word' id='word_1_511' title='bbox 951 4355 1217 4424; x_wconf 81' lang='lat' dir='ltr'><strong>prolixior</strong></span> <span class='ocrx_word' id='word_1_512' title='bbox 1273 4366 1377 4417; x_wconf 89' lang='lat' dir='ltr'><strong>est,</strong></span> <span class='ocrx_word' id='word_1_513' title='bbox 1436 4367 1696 4426; x_wconf 78' lang='lat' dir='ltr'><strong>przetereo</strong></span> <span class='ocrx_word' id='word_1_514' title='bbox 1735 4373 1751 4412; x_wconf 91' lang='lat'><strong>:</strong></span> <span class='ocrx_word' id='word_1_515' title='bbox 1791 4358 2100 4413; x_wconf 81' lang='lat' dir='ltr'><strong>breviorem</strong></span> 
     </span>
    </p>
   </div>
   <div class='ocr_carea' id='block_1_76' title="bbox 530 4446 2107 4518">
    <p class='ocr_par' dir='ltr' id='par_1_76' title="bbox 530 4446 2107 4518">
     <span class='ocr_line' id='line_1_76' title="bbox 530 4446 2107 4518; baseline 0 -16"><span class='ocrx_word' id='word_1_516' title='bbox 530 4447 756 4503; x_wconf 79' lang='lat' dir='ltr'><strong>Joannis</strong></span> <span class='ocrx_word' id='word_1_517' title='bbox 819 4449 909 4502; x_wconf 84' lang='lat' dir='ltr'><strong>hic</strong></span> <span class='ocrx_word' id='word_1_518' title='bbox 964 4446 1202 4500; x_wconf 88' lang='lat' dir='ltr'><strong>ltabclo:</strong></span> <span class='ocrx_word' id='word_1_519' title='bbox 1237 4447 1340 4498; x_wconf 83' lang='grc' dir='ltr'><strong>Τὸν</strong></span> <span class='ocrx_word' id='word_1_520' title='bbox 1383 4446 1649 4518; x_wconf 83' lang='grc' dir='ltr'>Παλαμᾶν</span> <span class='ocrx_word' id='word_1_521' title='bbox 1678 4450 1771 4502; x_wconf 79' lang='grc' dir='ltr'><strong>καὶ</strong></span> <span class='ocrx_word' id='word_1_522' title='bbox 1814 4451 1939 4513; x_wconf 79' lang='grc' dir='ltr'>τοὺς</span> <span class='ocrx_word' id='word_1_523' title='bbox 1979 4451 2107 4518; x_wconf 86' lang='grc' dir='ltr'>ὁμό-</span> 
     </span>
    </p>
   </div>
   <div class='ocr_carea' id='block_1_77' title="bbox 2206 3249 3728 3322">
    <p class='ocr_par' dir='ltr' id='par_1_77' title="bbox 2206 3249 3728 3322">
     <span class='ocr_line' id='line_1_77' title="bbox 2206 3249 3728 3322; baseline -0.009 -10"><span class='ocrx_word' id='word_1_524' title='bbox 2206 3259 2420 3314; x_wconf 86' lang='lat' dir='ltr'><strong>Primus</strong></span> <span class='ocrx_word' id='word_1_525' title='bbox 2449 3266 2568 3311; x_wconf 89' lang='lat' dir='ltr'><strong>est:</strong></span> <span class='ocrx_word' id='word_1_526' title='bbox 2615 3255 2862 3320; x_wconf 80' lang='grc' dir='ltr'>Διάλεξίς</span> <span class='ocrx_word' id='word_1_527' title='bbox 2903 3273 3055 3316; x_wconf 87' lang='grc' dir='ltr'>τινος</span> <span class='ocrx_word' id='word_1_528' title='bbox 3106 3254 3301 3322; x_wconf 75' lang='grc' dir='ltr'>λογίου</span> <span class='ocrx_word' id='word_1_529' title='bbox 3347 3254 3440 3307; x_wconf 74' lang='grc' dir='ltr'>καὶ</span> <span class='ocrx_word' id='word_1_530' title='bbox 3487 3249 3728 3320; x_wconf 77' lang='grc' dir='ltr'><strong>φιλοσόφου</strong></span> 
     </span>
    </p>
   </div>
   <div class='ocr_carea' id='block_1_78' title="bbox 2200 3336 3730 3417">
    <p class='ocr_par' dir='ltr' id='par_1_78' title="bbox 2200 3336 3730 3417">
     <span class='ocr_line' id='line_1_78' title="bbox 2200 3336 3730 3417; baseline -0.01 -13"><span class='ocrx_word' id='word_1_531' title='bbox 2200 3351 2310 3405; x_wconf 82' lang='grc' dir='ltr'>ἀπὸ</span> <span class='ocrx_word' id='word_1_532' title='bbox 2338 3349 2448 3401; x_wconf 82' lang='grc' dir='ltr'><strong>τῶν</strong></span> <span class='ocrx_word' id='word_1_533' title='bbox 2477 3345 2634 3400; x_wconf 90' lang='grc' dir='ltr'>θείων</span> <span class='ocrx_word' id='word_1_534' title='bbox 2665 3347 2922 3417; x_wconf 78' lang='grc' dir='ltr'>Γραφῶν.</span> <span class='ocrx_word' id='word_1_535' title='bbox 2960 3340 3114 3408; x_wconf 78' lang='grc' dir='ltr'>Εἶδες</span> <span class='ocrx_word' id='word_1_536' title='bbox 3143 3345 3256 3417; x_wconf 71' lang='grc' dir='ltr'>τὴν</span> <span class='ocrx_word' id='word_1_537' title='bbox 3291 3341 3625 3400; x_wconf 68' lang='grc' dir='ltr'><strong>ἀνταπόδοσιν</strong></span> <span class='ocrx_word' id='word_1_538' title='bbox 3656 3336 3730 3391; x_wconf 68' lang='grc' dir='ltr'>τοῦ</span> 
     </span>
    </p>
   </div>
   <div class='ocr_carea' id='block_1_79' title="bbox 2202 3429 3725 3512">
    <p class='ocr_par' dir='ltr' id='par_1_79' title="bbox 2202 3429 3725 3512">
     <span class='ocr_line' id='line_1_79' title="bbox 2202 3429 3725 3512; baseline -0.007 -18"><span class='ocrx_word' id='word_1_539' title='bbox 2202 3441 2470 3512; x_wconf 82' lang='grc' dir='ltr'>πολέμου,</span> <span class='ocrx_word' id='word_1_540' title='bbox 2506 3440 2601 3494; x_wconf 76' lang='grc' dir='ltr'>καὶ</span> <span class='ocrx_word' id='word_1_541' title='bbox 2634 3437 2741 3493; x_wconf 83' lang='grc' dir='ltr'><strong>τῶν</strong></span> <span class='ocrx_word' id='word_1_542' title='bbox 2771 3436 3022 3506; x_wconf 83' lang='grc' dir='ltr'><strong>ἀγώνων.</strong></span> <span class='ocrx_word' id='word_1_543' title='bbox 3054 3431 3220 3502; x_wconf 80' lang='grc' dir='ltr'><strong>Εἶδες</strong></span> <span class='ocrx_word' id='word_1_544' title='bbox 3247 3439 3340 3490; x_wconf 79' lang='grc' dir='ltr'>καὶ</span> <span class='ocrx_word' id='word_1_545' title='bbox 3363 3440 3458 3500; x_wconf 84' lang='grc' dir='ltr'><strong>τάς</strong></span> <span class='ocrx_word' id='word_1_546' title='bbox 3493 3429 3582 3488; x_wconf 84' lang='grc' dir='ltr'>ὧδε</span> <span class='ocrx_word' id='word_1_547' title='bbox 3615 3447 3725 3500; x_wconf 68' lang='lat' dir='ltr'><strong>1m-</strong></span> 
     </span>
    </p>
   </div>
   <div class='ocr_carea' id='block_1_80' title="bbox 2207 3522 3728 3607">
    <p class='ocr_par' dir='ltr' id='par_1_80' title="bbox 2207 3522 3728 3607">
     <span class='ocr_line' id='line_1_80' title="bbox 2207 3522 3728 3607; baseline -0.011 -19"><span class='ocrx_word' id='word_1_548' title='bbox 2207 3535 2374 3607; x_wconf 80' lang='grc' dir='ltr'><strong>μένας</strong></span> <span class='ocrx_word' id='word_1_549' title='bbox 2405 3535 2679 3604; x_wconf 72' lang='grc' dir='ltr'><strong>ἐμφάσεις</strong></span> <span class='ocrx_word' id='word_1_550' title='bbox 2715 3533 2778 3585; x_wconf 81' lang='grc' dir='ltr'>ὲκ</span> <span class='ocrx_word' id='word_1_551' title='bbox 2813 3533 2913 3602; x_wconf 81' lang='grc' dir='ltr'>τῆς</span> <span class='ocrx_word' id='word_1_552' title='bbox 2949 3531 3236 3601; x_wconf 77' lang='grc' dir='ltr'><strong>μακαρίας</strong></span> <span class='ocrx_word' id='word_1_553' title='bbox 3281 3529 3520 3601; x_wconf 81' lang='grc' dir='ltr'>Τριάδος,</span> <span class='ocrx_word' id='word_1_554' title='bbox 3569 3525 3651 3579; x_wconf 79' lang='grc' dir='ltr'>οὐκ</span> <span class='ocrx_word' id='word_1_555' title='bbox 3677 3522 3728 3572; x_wconf 75' lang='lat' dir='ltr'><strong>ix</strong></span> 
     </span>
    </p>
   </div>
   <div class='ocr_carea' id='block_1_81' title="bbox 2203 3614 3730 3698">
    <p class='ocr_par' dir='ltr' id='par_1_81' title="bbox 2203 3614 3730 3698">
     <span class='ocr_line' id='line_1_81' title="bbox 2203 3614 3730 3698; baseline -0.008 -17"><span class='ocrx_word' id='word_1_556' title='bbox 2203 3629 2301 3698; x_wconf 81' lang='grc' dir='ltr'>τῆς</span> <span class='ocrx_word' id='word_1_557' title='bbox 2325 3626 2630 3697; x_wconf 77' lang='grc' dir='ltr'>ἐνεργείας.</span> <span class='ocrx_word' id='word_1_558' title='bbox 2678 3623 2828 3694; x_wconf 79' lang='grc' dir='ltr'>Α’ύτη</span> <span class='ocrx_word' id='word_1_559' title='bbox 2874 3625 2907 3694; x_wconf 84' lang='grc' dir='ltr'>ὴ</span> <span class='ocrx_word' id='word_1_560' title='bbox 2937 3624 3062 3689; x_wconf 79' lang='grc' dir='ltr'>δόξα</span> <span class='ocrx_word' id='word_1_561' title='bbox 3087 3627 3195 3695; x_wconf 80' lang='grc' dir='ltr'>τῆς</span> <span class='ocrx_word' id='word_1_562' title='bbox 3221 3623 3561 3693; x_wconf 83' lang='grc' dir='ltr'>Ἐκκλησὶας,</span> <span class='ocrx_word' id='word_1_563' title='bbox 3617 3614 3730 3680; x_wconf 76' lang='grc' dir='ltr'>αὕτη</span> 
     </span>
    </p>
   </div>
   <div class='ocr_carea' id='block_1_82' title="bbox 2204 3711 3731 3790">
    <p class='ocr_par' dir='ltr' id='par_1_82' title="bbox 2204 3711 3731 3790">
     <span class='ocr_line' id='line_1_82' title="bbox 2204 3711 3731 3790; baseline -0.003 -20"><span class='ocrx_word' id='word_1_564' title='bbox 2204 3719 2238 3790; x_wconf 80' lang='grc' dir='ltr'>ἡ</span> <span class='ocrx_word' id='word_1_565' title='bbox 2268 3718 2454 3782; x_wconf 83' lang='grc' dir='ltr'>πίστις</span> <span class='ocrx_word' id='word_1_566' title='bbox 2480 3717 2589 3770; x_wconf 85' lang='grc' dir='ltr'>τῶν</span> <span class='ocrx_word' id='word_1_567' title='bbox 2618 3715 2940 3787; x_wconf 80' lang='grc' dir='ltr'>ὀρθοδόξων,</span> <span class='ocrx_word' id='word_1_568' title='bbox 2979 3717 3088 3769; x_wconf 86' lang='grc' dir='ltr'><strong>τῶν</strong></span> <span class='ocrx_word' id='word_1_569' title='bbox 3124 3717 3446 3771; x_wconf 84' lang='grc' dir='ltr'>ἀποστόλων</span> <span class='ocrx_word' id='word_1_570' title='bbox 3471 3715 3527 3768; x_wconf 84' lang='grc' dir='ltr'><strong>τδ</strong></span> <span class='ocrx_word' id='word_1_571' title='bbox 3557 3711 3731 3781; x_wconf 79' lang='grc' dir='ltr'>κήρυγ·</span> 
     </span>
    </p>
   </div>
   <div class='ocr_carea' id='block_1_83' title="bbox 2207 3799 3736 3880">
    <p class='ocr_par' dir='ltr' id='par_1_83' title="bbox 2207 3799 3736 3880">
     <span class='ocr_line' id='line_1_83' title="bbox 2207 3799 3736 3880; baseline -0.01 -17"><span class='ocrx_word' id='word_1_572' title='bbox 2207 3829 2304 3880; x_wconf 85' lang='grc' dir='ltr'><strong>μα,</strong></span> <span class='ocrx_word' id='word_1_573' title='bbox 2338 3809 2446 3864; x_wconf 87' lang='grc' dir='ltr'><strong>τῶν</strong></span> <span class='ocrx_word' id='word_1_574' title='bbox 2487 3809 2749 3878; x_wconf 73' lang='grc' dir='ltr'>Πατέρων</span> <span class='ocrx_word' id='word_1_575' title='bbox 2777 3807 2845 3862; x_wconf 77' lang='grc' dir='ltr'><strong>τά</strong></span> <span class='ocrx_word' id='word_1_576' title='bbox 2878 3808 3156 3879; x_wconf 80' lang='grc' dir='ltr'>δόγματα,</span> <span class='ocrx_word' id='word_1_577' title='bbox 3215 3810 3326 3862; x_wconf 85' lang='grc' dir='ltr'>τῶν</span> <span class='ocrx_word' id='word_1_578' title='bbox 3375 3805 3640 3877; x_wconf 87' lang='grc' dir='ltr'>μαρτύρων</span> <span class='ocrx_word' id='word_1_579' title='bbox 3679 3799 3736 3850; x_wconf 68' lang='grc' dir='ltr'>τὰ</span> 
     </span>
    </p>
   </div>
   <div class='ocr_carea' id='block_1_84' title="bbox 2207 3891 3736 3976">
    <p class='ocr_par' dir='ltr' id='par_1_84' title="bbox 2207 3891 3736 3976">
     <span class='ocr_line' id='line_1_84' title="bbox 2207 3891 3736 3976; baseline -0.002 -22"><span class='ocrx_word' id='word_1_580' title='bbox 2207 3904 2438 3972; x_wconf 88' lang='grc' dir='ltr'>σφάγια,</span> <span class='ocrx_word' id='word_1_581' title='bbox 2471 3903 2577 3955; x_wconf 85' lang='grc' dir='ltr'>τῶν</span> <span class='ocrx_word' id='word_1_582' title='bbox 2606 3903 2770 3955; x_wconf 82' lang='grc' dir='ltr'>ὁσίων</span> <span class='ocrx_word' id='word_1_583' title='bbox 2798 3901 2866 3954; x_wconf 74' lang='grc' dir='ltr'>τὰ</span> <span class='ocrx_word' id='word_1_584' title='bbox 2935 3901 3366 3972; x_wconf 79' lang='grc' dir='ltr'>κατορθώματα,</span> <span class='ocrx_word' id='word_1_585' title='bbox 3405 3900 3504 3952; x_wconf 86' lang='grc' dir='ltr'><strong>τῶν</strong></span> <span class='ocrx_word' id='word_1_586' title='bbox 3537 3892 3676 3964; x_wconf 80' lang='grc' dir='ltr'>ἱερῶν</span> 
     </span>
    </p>
   </div>
   <div class='ocr_carea' id='block_1_85' title="bbox 2207 3986 3739 4066">
    <p class='ocr_par' dir='ltr' id='par_1_85' title="bbox 2207 3986 3739 4066">
     <span class='ocr_line' id='line_1_85' title="bbox 2207 3986 3739 4066; baseline -0.003 -19"><span class='ocrx_word' id='word_1_587' title='bbox 2207 3995 2534 4066; x_wconf 80' lang='grc' dir='ltr'>εὐπρέπεια,</span> <span class='ocrx_word' id='word_1_588' title='bbox 2567 3994 2673 4047; x_wconf 83' lang='grc' dir='ltr'>τῶν</span> <span class='ocrx_word' id='word_1_589' title='bbox 2703 3992 3044 4047; x_wconf 81' lang='grc' dir='ltr'>διδασκάλων</span> <span class='ocrx_word' id='word_1_590' title='bbox 3081 3994 3108 4064; x_wconf 74' lang='grc' dir='ltr'><strong>η</strong></span> <span class='ocrx_word' id='word_1_591' title='bbox 3163 3992 3436 4062; x_wconf 82' lang='grc' dir='ltr'>θεολογία.</span> <span class='ocrx_word' id='word_1_592' title='bbox 3493 3986 3739 4043; x_wconf 80' lang='grc' dir='ltr'>Κατέπεσε</span> 
     </span>
    </p>
   </div>
   <div class='ocr_carea' id='block_1_86' title="bbox 2205 4076 3740 4156">
    <p class='ocr_par' dir='ltr' id='par_1_86' title="bbox 2205 4076 3740 4156">
     <span class='ocr_line' id='line_1_86' title="bbox 2205 4076 3740 4156; baseline -0.007 -16"><span class='ocrx_word' id='word_1_593' title='bbox 2205 4088 2315 4140; x_wconf 86' lang='grc' dir='ltr'><strong>τῶν</strong></span> <span class='ocrx_word' id='word_1_594' title='bbox 2357 4088 2465 4142; x_wconf 86' lang='grc' dir='ltr'><strong>σῶν</strong></span> <span class='ocrx_word' id='word_1_595' title='bbox 2503 4085 2788 4156; x_wconf 77' lang='grc' dir='ltr'>δογμάτων</span> <span class='ocrx_word' id='word_1_596' title='bbox 2823 4088 2850 4138; x_wconf 87' lang='grc' dir='ltr'>ὁ</span> <span class='ocrx_word' id='word_1_597' title='bbox 2889 4085 3105 4156; x_wconf 73' lang='grc' dir='ltr'>ὄροφος.</span> <span class='ocrx_word' id='word_1_598' title='bbox 3191 4084 3485 4156; x_wconf 76' lang='grc' dir='ltr'>Συνετρῐὸη</span> <span class='ocrx_word' id='word_1_599' title='bbox 3524 4083 3554 4150; x_wconf 79' lang='grc' dir='ltr'>ἡ</span> <span class='ocrx_word' id='word_1_600' title='bbox 3600 4076 3740 4130; x_wconf 79' lang='grc' dir='ltr'>οἰκία.</span> 
     </span>
    </p>
   </div>
   <div class='ocr_carea' id='block_1_87' title="bbox 2222 4166 3742 4248">
    <p class='ocr_par' dir='ltr' id='par_1_87' title="bbox 2222 4166 3742 4248">
     <span class='ocr_line' id='line_1_87' title="bbox 2222 4166 3742 4248; baseline -0.005 -15"><span class='ocrx_word' id='word_1_601' title='bbox 2222 4180 2282 4233; x_wconf 85' lang='grc' dir='ltr'><strong>Ὀ</strong></span> <span class='ocrx_word' id='word_1_602' title='bbox 2313 4179 2565 4248; x_wconf 82' lang='grc' dir='ltr'>θεμέλιος</span> <span class='ocrx_word' id='word_1_603' title='bbox 2588 4179 2894 4248; x_wconf 82' lang='grc' dir='ltr'>ἀνετράπη.</span> <span class='ocrx_word' id='word_1_604' title='bbox 2941 4178 3002 4232; x_wconf 86' lang='lat'><strong>&#39;0</strong></span> <span class='ocrx_word' id='word_1_605' title='bbox 3027 4179 3292 4248; x_wconf 87' lang='grc' dir='ltr'>φραγμδς</span> <span class='ocrx_word' id='word_1_606' title='bbox 3326 4172 3638 4239; x_wconf 76' lang='grc' dir='ltr'>κατεκαύθη.</span> <span class='ocrx_word' id='word_1_607' title='bbox 3671 4166 3742 4226; x_wconf 82' lang='grc' dir='ltr'><strong>Ὠς</strong></span> 
     </span>
    </p>
   </div>
   <div class='ocr_carea' id='block_1_88' title="bbox 2208 4267 3744 4341">
    <p class='ocr_par' dir='ltr' id='par_1_88' title="bbox 2208 4267 3744 4341">
     <span class='ocr_line' id='line_1_88' title="bbox 2208 4267 3744 4341; baseline -0.01 -17"><span class='ocrx_word' id='word_1_608' title='bbox 2208 4271 2359 4341; x_wconf 75' lang='grc' dir='ltr'>χοῦς,</span> <span class='ocrx_word' id='word_1_609' title='bbox 2389 4269 2472 4323; x_wconf 86' lang='grc' dir='ltr'>ὼσ</span> <span class='ocrx_word' id='word_1_610' title='bbox 2493 4269 2644 4332; x_wconf 88' lang='grc' dir='ltr'>κόνις</span> <span class='ocrx_word' id='word_1_611' title='bbox 2680 4269 2788 4324; x_wconf 80' lang='grc' dir='ltr'>ὑπὸ</span> <span class='ocrx_word' id='word_1_612' title='bbox 2822 4269 3089 4332; x_wconf 82' lang='grc' dir='ltr'>λαίλαπος</span> <span class='ocrx_word' id='word_1_613' title='bbox 3140 4270 3210 4322; x_wconf 76' lang='grc' dir='ltr'><strong>τά</strong></span> <span class='ocrx_word' id='word_1_614' title='bbox 3247 4268 3315 4322; x_wconf 79' lang='grc' dir='ltr'><strong>σά</strong></span> <span class='ocrx_word' id='word_1_615' title='bbox 3364 4267 3546 4334; x_wconf 81' lang='grc' dir='ltr'>γέγονε</span> <span class='ocrx_word' id='word_1_616' title='bbox 3604 4274 3744 4312; x_wconf 79' lang='grc' dir='ltr'>καταο</span> 
     </span>
    </p>
   </div>
   <div class='ocr_carea' id='block_1_89' title="bbox 2210 4351 3744 4434">
    <p class='ocr_par' dir='ltr' id='par_1_89' title="bbox 2210 4351 3744 4434">
     <span class='ocr_line' id='line_1_89' title="bbox 2210 4351 3744 4434; baseline 0.001 -17"><span class='ocrx_word' id='word_1_617' title='bbox 2210 4364 2400 4434; x_wconf 86' lang='grc' dir='ltr'>φύγια.</span> <span class='ocrx_word' id='word_1_618' title='bbox 2430 4363 2512 4415; x_wconf 78' lang='grc' dir='ltr'><strong>Τὰ</strong></span> <span class='ocrx_word' id='word_1_619' title='bbox 2542 4362 2696 4433; x_wconf 82' lang='grc' dir='ltr'>τείχη</span> <span class='ocrx_word' id='word_1_620' title='bbox 2739 4359 3259 4432; x_wconf 86' lang='grc' dir='ltr'>κατεχαλάσθησαν.</span> <span class='ocrx_word' id='word_1_621' title='bbox 3290 4362 3356 4414; x_wconf 73' lang='lat' dir='ltr'><strong>At</strong></span> <span class='ocrx_word' id='word_1_622' title='bbox 3393 4357 3630 4422; x_wconf 75' lang='grc' dir='ltr'>ἐπάλξεις</span> <span class='ocrx_word' id='word_1_623' title='bbox 3662 4351 3744 4418; x_wconf 65' lang='grc' dir='ltr'><strong>ἡφ-</strong></span> 
     </span>
    </p>
   </div>
   <div class='ocr_carea' id='block_1_90' title="bbox 2210 4441 3744 4524">
    <p class='ocr_par' dir='ltr' id='par_1_90' title="bbox 2210 4441 3744 4524">
     <span class='ocr_line' id='line_1_90' title="bbox 2210 4441 3744 4524; baseline -0.01 -16"><span class='ocrx_word' id='word_1_624' title='bbox 2210 4445 2529 4524; x_wconf 71' lang='grc' dir='ltr'>ανίσοησαν.</span> <span class='ocrx_word' id='word_1_625' title='bbox 2566 4453 2658 4517; x_wconf 71' lang='lat' dir='ltr'><strong>Ei;</strong></span> <span class='ocrx_word' id='word_1_626' title='bbox 2682 4453 2836 4517; x_wconf 80' lang='grc' dir='ltr'>τέλος</span> <span class='ocrx_word' id='word_1_627' title='bbox 2869 4451 3176 4505; x_wconf 86' lang='grc' dir='ltr'>ἀπώλοντο.</span> <span class='ocrx_word' id='word_1_628' title='bbox 3232 4452 3298 4504; x_wconf 92' lang='grc' dir='ltr'><strong>Τί</strong></span> <span class='ocrx_word' id='word_1_629' title='bbox 3349 4450 3522 4513; x_wconf 80' lang='grc' dir='ltr'>λέγεις</span> <span class='ocrx_word' id='word_1_630' title='bbox 3557 4441 3744 4501; x_wconf 69' lang='grc' dir='ltr'>λοιπόνς</span> 
     </span>
    </p>
   </div>
   <div class='ocr_carea' id='block_1_91' title="bbox 532 4505 3747 4611">
    <p class='ocr_par' dir='ltr' id='par_1_91' title="bbox 532 4505 3747 4611">
     <span class='ocr_line' id='line_1_91' title="bbox 532 4505 3747 4611; baseline 0.001 -21"><span class='ocrx_word' id='word_1_631' title='bbox 532 4553 737 4605; x_wconf 85' lang='grc' dir='ltr'>φρονας</span> <span class='ocrx_word' id='word_1_632' title='bbox 759 4536 947 4600; x_wconf 80' lang='grc' dir='ltr'>αὐτοῦ,</span> <span class='ocrx_word' id='word_1_633' title='bbox 983 4538 1076 4590; x_wconf 77' lang='grc' dir='ltr'>καὶ</span> <span class='ocrx_word' id='word_1_634' title='bbox 1108 4537 1282 4592; x_wconf 85' lang='grc' dir='ltr'>πάντα</span> <span class='ocrx_word' id='word_1_635' title='bbox 1301 4535 1370 4589; x_wconf 80' lang='grc' dir='ltr'>τὰ</span> <span class='ocrx_word' id='word_1_636' title='bbox 1405 4505 1577 4606; x_wconf 49' lang='grc' dir='ltr'>ἁσεὸξι</span> <span class='ocrx_word' id='word_1_637' title='bbox 1599 4539 1778 4594; x_wconf 84' lang='grc' dir='ltr'>αὐτῶν</span> <span class='ocrx_word' id='word_1_638' title='bbox 1829 4505 2103 4610; x_wconf 69' lang='grc' dir='ltr'>δόγματα,</span> <span class='ocrx_word' id='word_1_639' title='bbox 2129 4505 2184 4565; x_wconf 81' lang='lat' dir='ltr'><strong>D</strong></span> <span class='ocrx_word' id='word_1_640' title='bbox 2210 4505 2481 4611; x_wconf 66' lang='grc' dir='ltr'>ίῖείθομεν</span> <span class='ocrx_word' id='word_1_641' title='bbox 2508 4505 2834 4611; x_wconf 38' lang='grc' dir='ltr'>τοῖςνλόγοις</span> <span class='ocrx_word' id='word_1_642' title='bbox 2863 4542 3097 4607; x_wconf 82' lang='grc' dir='ltr'>τούτοις,</span> <span class='ocrx_word' id='word_1_643' title='bbox 3133 4543 3232 4596; x_wconf 81' lang='grc' dir='ltr'>καὶ</span> <span class='ocrx_word' id='word_1_644' title='bbox 3261 4543 3383 4604; x_wconf 84' lang='grc' dir='ltr'>ταῖς</span> <span class='ocrx_word' id='word_1_645' title='bbox 3422 4505 3607 4606; x_wconf 29' lang='grc' dir='ltr'><strong>’ἐκντῆς</strong></span> <span class='ocrx_word' id='word_1_646' title='bbox 3635 4535 3747 4599; x_wconf 76' lang='grc' dir='ltr'>Γρα·</span> 
     </span>
    </p>
   </div>
   <div class='ocr_carea' id='block_1_92' title="bbox 534 4629 2108 4702">
    <p class='ocr_par' dir='ltr' id='par_1_92' title="bbox 534 4629 2108 4702">
     <span class='ocr_line' id='line_1_92' title="bbox 534 4629 2108 4702; baseline 0.004 -21"><span class='ocrx_word' id='word_1_647' title='bbox 534 4629 865 4701; x_wconf 87' lang='grc' dir='ltr'>οἰκειότερον</span> <span class='ocrx_word' id='word_1_648' title='bbox 890 4629 948 4682; x_wconf 82' lang='grc' dir='ltr'>δὲ</span> <span class='ocrx_word' id='word_1_649' title='bbox 979 4631 1154 4684; x_wconf 77' lang='grc' dir='ltr'>εἰπεῖν</span> <span class='ocrx_word' id='word_1_650' title='bbox 1183 4631 1654 4702; x_wconf 78' lang='grc' dir='ltr'>παραληρήματα.</span> <span class='ocrx_word' id='word_1_651' title='bbox 1686 4631 1810 4694; x_wconf 81' lang='grc' dir='ltr'>τούς</span> <span class='ocrx_word' id='word_1_652' title='bbox 1855 4650 1913 4687; x_wconf 88' lang='grc' dir='ltr'><strong>τε</strong></span> <span class='ocrx_word' id='word_1_653' title='bbox 1961 4634 2108 4688; x_wconf 75' lang='grc' dir='ltr'>ἐκδι-</span> 
     </span>
    </p>
   </div>
   <div class='ocr_carea' id='block_1_93' title="bbox 533 4719 2111 4796">
    <p class='ocr_par' dir='ltr' id='par_1_93' title="bbox 533 4719 2111 4796">
     <span class='ocr_line' id='line_1_93' title="bbox 533 4719 2111 4796; baseline 0.006 -23"><span class='ocrx_word' id='word_1_654' title='bbox 533 4719 788 4784; x_wconf 83' lang='grc' dir='ltr'>κοῦντας,</span> <span class='ocrx_word' id='word_1_655' title='bbox 819 4722 913 4774; x_wconf 65' lang='grc' dir='ltr'><strong>καί⁵</strong></span> <span class='ocrx_word' id='word_1_656' title='bbox 954 4720 1425 4790; x_wconf 78' lang='grc' dir='ltr'>ὲκλαμϐάνοντας,</span> <span class='ocrx_word' id='word_1_657' title='bbox 1469 4724 1568 4778; x_wconf 77' lang='grc' dir='ltr'>καὶ</span> <span class='ocrx_word' id='word_1_658' title='bbox 1607 4724 2000 4796; x_wconf 73' lang='grc' dir='ltr'>ἐκδεχομένους</span> <span class='ocrx_word' id='word_1_659' title='bbox 2041 4728 2111 4782; x_wconf 67' lang='grc' dir='ltr'><strong>τὰ</strong></span> 
     </span>
    </p>
   </div>
   <div class='ocr_carea' id='block_1_94' title="bbox 536 4810 2124 4884">
    <p class='ocr_par' dir='ltr' id='par_1_94' title="bbox 536 4810 2124 4884">
     <span class='ocr_line' id='line_1_94' title="bbox 536 4810 2124 4884; baseline 0.002 -20"><span class='ocrx_word' id='word_1_660' title='bbox 536 4814 594 4864; x_wconf 85' lang='grc' dir='ltr'>ὲν</span> <span class='ocrx_word' id='word_1_661' title='bbox 612 4812 692 4882; x_wconf 80' lang='grc' dir='ltr'>τῷ</span> <span class='ocrx_word' id='word_1_662' title='bbox 729 4811 894 4882; x_wconf 89' lang='grc' dir='ltr'>Τόμῳ</span> <span class='ocrx_word' id='word_1_663' title='bbox 917 4811 1058 4866; x_wconf 83' lang='grc' dir='ltr'>κατὰ</span> <span class='ocrx_word' id='word_1_664' title='bbox 1090 4810 1188 4882; x_wconf 78' lang='grc' dir='ltr'>τὴν</span> <span class='ocrx_word' id='word_1_665' title='bbox 1239 4811 1422 4866; x_wconf 81' lang='grc' dir='ltr'>αὐτῶν</span> <span class='ocrx_word' id='word_1_666' title='bbox 1481 4813 1770 4884; x_wconf 69' lang='grc' dir='ltr'>ἐξήγησιν,</span> <span class='ocrx_word' id='word_1_667' title='bbox 1817 4813 2019 4884; x_wconf 81' lang='grc' dir='ltr'>μᾶλλον</span> <span class='ocrx_word' id='word_1_668' title='bbox 2051 4813 2124 4868; x_wconf 79' lang='grc' dir='ltr'><strong>δὲ’</strong></span> 
     </span>
    </p>
   </div>
   <div class='ocr_carea' id='block_1_95' title="bbox 537 4903 2113 4976">
    <p class='ocr_par' dir='ltr' id='par_1_95' title="bbox 537 4903 2113 4976">
     <span class='ocr_line' id='line_1_95' title="bbox 537 4903 2113 4976; baseline 0.002 -20"><span class='ocrx_word' id='word_1_669' title='bbox 537 4903 830 4972; x_wconf 65' lang='grc' dir='ltr'>φλυαρίαν,</span> <span class='ocrx_word' id='word_1_670' title='bbox 873 4905 966 4956; x_wconf 74' lang='grc' dir='ltr'>καὶ</span> <span class='ocrx_word' id='word_1_671' title='bbox 997 4904 1055 4955; x_wconf 84' lang='grc' dir='ltr'>οὐ</span> <span class='ocrx_word' id='word_1_672' title='bbox 1076 4905 1195 4956; x_wconf 78' lang='grc' dir='ltr'>κατ’</span> <span class='ocrx_word' id='word_1_673' title='bbox 1221 4905 1431 4959; x_wconf 77' lang='grc' dir='ltr'>ἔννοιαν</span> <span class='ocrx_word' id='word_1_674' title='bbox 1475 4904 1782 4976; x_wconf 82' lang='grc' dir='ltr'>θεοπρεπῆ.</span> <span class='ocrx_word' id='word_1_675' title='bbox 1825 4905 1920 4960; x_wconf 80' lang='grc' dir='ltr'>καὶ</span> <span class='ocrx_word' id='word_1_676' title='bbox 1958 4905 2113 4974; x_wconf 81' lang='grc' dir='ltr'>ὀρθό-</span> 
     </span>
    </p>
   </div>
   <div class='ocr_carea' id='block_1_96' title="bbox 533 4994 2113 5069">
    <p class='ocr_par' dir='ltr' id='par_1_96' title="bbox 533 4994 2113 5069">
     <span class='ocr_line' id='line_1_96' title="bbox 533 4994 2113 5069; baseline 0.001 -21"><span class='ocrx_word' id='word_1_677' title='bbox 533 4995 706 5058; x_wconf 73' lang='grc' dir='ltr'>δοξον,</span> <span class='ocrx_word' id='word_1_678' title='bbox 741 4995 834 5047; x_wconf 77' lang='grc' dir='ltr'>καὶ</span> <span class='ocrx_word' id='word_1_679' title='bbox 862 4994 1045 5057; x_wconf 87' lang='grc' dir='ltr'>καθὼς</span> <span class='ocrx_word' id='word_1_680' title='bbox 1071 4997 1120 5048; x_wconf 88' lang='grc' dir='ltr'><strong>οί</strong></span> <span class='ocrx_word' id='word_1_681' title='bbox 1167 4997 1265 5066; x_wconf 80' lang='grc' dir='ltr'>τῆς</span> <span class='ocrx_word' id='word_1_682' title='bbox 1300 4995 1632 5066; x_wconf 80' lang='grc' dir='ltr'>Ἐκκλησίας</span> <span class='ocrx_word' id='word_1_683' title='bbox 1691 5001 1980 5069; x_wconf 78' lang='grc' dir='ltr'>φωστῆρες</span> <span class='ocrx_word' id='word_1_684' title='bbox 2017 4999 2113 5052; x_wconf 76' lang='grc' dir='ltr'>καὶ</span> 
     </span>
    </p>
   </div>
   <div class='ocr_carea' id='block_1_97' title="bbox 537 5086 2114 5159">
    <p class='ocr_par' dir='ltr' id='par_1_97' title="bbox 537 5086 2114 5159">
     <span class='ocr_line' id='line_1_97' title="bbox 537 5086 2114 5159; baseline 0.002 -20"><span class='ocrx_word' id='word_1_685' title='bbox 537 5087 874 5155; x_wconf 83' lang='grc' dir='ltr'>διδάσκαλοι,</span> <span class='ocrx_word' id='word_1_686' title='bbox 900 5086 985 5152; x_wconf 72' lang='grc' dir='ltr'>οἷς</span> <span class='ocrx_word' id='word_1_687' title='bbox 1007 5091 1099 5142; x_wconf 70' lang='grc' dir='ltr'>καὶ</span> <span class='ocrx_word' id='word_1_688' title='bbox 1122 5091 1282 5159; x_wconf 78' lang='grc' dir='ltr'>ἡμεῖς</span> <span class='ocrx_word' id='word_1_689' title='bbox 1322 5091 1603 5159; x_wconf 83' lang='grc' dir='ltr'>ἑπόμενοι,</span> <span class='ocrx_word' id='word_1_690' title='bbox 1626 5091 1722 5144; x_wconf 65' lang='grc' dir='ltr'><strong>καί⁵</strong></span> <span class='ocrx_word' id='word_1_691' title='bbox 1757 5090 2114 5145; x_wconf 74' lang='grc' dir='ltr'>ἀκολουθοῦν-</span> 
     </span>
    </p>
   </div>
   <div class='ocr_carea' id='block_1_98' title="bbox 538 5177 2111 5252">
    <p class='ocr_par' dir='ltr' id='par_1_98' title="bbox 538 5177 2111 5252">
     <span class='ocr_line' id='line_1_98' title="bbox 538 5177 2111 5252; baseline 0.002 -23"><span class='ocrx_word' id='word_1_692' title='bbox 538 5195 631 5241; x_wconf 87' lang='grc' dir='ltr'><strong>τες</strong></span> <span class='ocrx_word' id='word_1_693' title='bbox 657 5177 726 5231; x_wconf 77' lang='grc' dir='ltr'>τὰ</span> <span class='ocrx_word' id='word_1_694' title='bbox 747 5177 855 5232; x_wconf 82' lang='grc' dir='ltr'><strong>τῶν</strong></span> <span class='ocrx_word' id='word_1_695' title='bbox 884 5179 1052 5248; x_wconf 80' lang='grc' dir='ltr'>ἁγίων</span> <span class='ocrx_word' id='word_1_696' title='bbox 1088 5181 1228 5250; x_wconf 77' lang='grc' dir='ltr'>ῥητὰ</span> <span class='ocrx_word' id='word_1_697' title='bbox 1270 5180 1654 5252; x_wconf 76' lang='grc' dir='ltr'>ἐνεγράψαμεν</span> <span class='ocrx_word' id='word_1_698' title='bbox 1695 5182 1753 5233; x_wconf 82' lang='grc' dir='ltr'>ὲν</span> <span class='ocrx_word' id='word_1_699' title='bbox 1802 5181 1881 5251; x_wconf 84' lang='grc' dir='ltr'><strong>τῷ</strong></span> <span class='ocrx_word' id='word_1_700' title='bbox 1923 5181 2111 5250; x_wconf 84' lang='grc' dir='ltr'>Τόμῳ,</span> 
     </span>
    </p>
   </div>
   <div class='ocr_carea' id='block_1_99' title="bbox 539 5271 2113 5343">
    <p class='ocr_par' dir='ltr' id='par_1_99' title="bbox 539 5271 2113 5343">
     <span class='ocr_line' id='line_1_99' title="bbox 539 5271 2113 5343; baseline 0.003 -19"><span class='ocrx_word' id='word_1_701' title='bbox 539 5271 636 5325; x_wconf 77' lang='grc' dir='ltr'>καὶ</span> <span class='ocrx_word' id='word_1_702' title='bbox 662 5272 874 5335; x_wconf 86' lang='grc' dir='ltr'>πάντας</span> <span class='ocrx_word' id='word_1_703' title='bbox 900 5273 1027 5334; x_wconf 85' lang='grc' dir='ltr'>τοὺς</span> <span class='ocrx_word' id='word_1_704' title='bbox 1060 5272 1127 5325; x_wconf 83' lang='grc' dir='ltr'>δι’</span> <span class='ocrx_word' id='word_1_705' title='bbox 1151 5272 1283 5326; x_wconf 78' lang='grc' dir='ltr'>αὐτὸ</span> <span class='ocrx_word' id='word_1_706' title='bbox 1312 5271 1490 5339; x_wconf 79' lang='grc' dir='ltr'>τοῦτο,</span> <span class='ocrx_word' id='word_1_707' title='bbox 1519 5273 1688 5341; x_wconf 67' lang='grc' dir='ltr'>ἤγουν</span> <span class='ocrx_word' id='word_1_708' title='bbox 1707 5272 1790 5326; x_wconf 86' lang='grc' dir='ltr'>ὃτι</span> <span class='ocrx_word' id='word_1_709' title='bbox 1833 5273 1907 5342; x_wconf 81' lang='grc' dir='ltr'>μὴ</span> <span class='ocrx_word' id='word_1_710' title='bbox 1932 5291 2113 5343; x_wconf 82' lang='grc' dir='ltr'>παρα-</span> 
     </span>
    </p>
   </div>
   <div class='ocr_carea' id='block_1_100' title="bbox 537 5358 2114 5435">
    <p class='ocr_par' dir='ltr' id='par_1_100' title="bbox 537 5358 2114 5435">
     <span class='ocr_line' id='line_1_100' title="bbox 537 5358 2114 5435; baseline 0.003 -19"><span class='ocrx_word' id='word_1_711' title='bbox 537 5363 810 5432; x_wconf 85' lang='grc' dir='ltr'>δεχόμεθα</span> <span class='ocrx_word' id='word_1_712' title='bbox 839 5364 908 5416; x_wconf 76' lang='grc' dir='ltr'><strong>τά</strong></span> <span class='ocrx_word' id='word_1_713' title='bbox 929 5364 1156 5418; x_wconf 83' lang='grc' dir='ltr'>τοιαῦτα</span> <span class='ocrx_word' id='word_1_714' title='bbox 1205 5364 1389 5417; x_wconf 82' lang='grc' dir='ltr'>αὐτῶν</span> <span class='ocrx_word' id='word_1_715' title='bbox 1429 5363 1902 5435; x_wconf 84' lang='grc' dir='ltr'>παραληρήματα,</span> <span class='ocrx_word' id='word_1_716' title='bbox 1933 5358 2009 5420; x_wconf 85' lang='grc' dir='ltr'>ὧν</span> <span class='ocrx_word' id='word_1_717' title='bbox 2044 5367 2114 5420; x_wconf 78' lang='grc' dir='ltr'>τὰ</span> 
     </span>
    </p>
   </div>
   <div class='ocr_carea' id='block_1_101' title="bbox 545 5455 2115 5528">
    <p class='ocr_par' dir='ltr' id='par_1_101' title="bbox 545 5455 2115 5528">
     <span class='ocr_line' id='line_1_101' title="bbox 545 5455 2115 5528; baseline 0.004 -22"><span class='ocrx_word' id='word_1_718' title='bbox 545 5460 648 5524; x_wconf 81' lang='grc' dir='ltr'>μὲν</span> <span class='ocrx_word' id='word_1_719' title='bbox 669 5455 1061 5525; x_wconf 80' lang='grc' dir='ltr'>ἀπεστάλησαν</span> <span class='ocrx_word' id='word_1_720' title='bbox 1084 5457 1218 5526; x_wconf 81' lang='grc' dir='ltr'>ἡμῖν</span> <span class='ocrx_word' id='word_1_721' title='bbox 1247 5456 1377 5526; x_wconf 82' lang='grc' dir='ltr'>παρ’</span> <span class='ocrx_word' id='word_1_722' title='bbox 1411 5457 1612 5521; x_wconf 82' lang='grc' dir='ltr'>αὐτῶν,</span> <span class='ocrx_word' id='word_1_723' title='bbox 1664 5457 1730 5511; x_wconf 79' lang='grc' dir='ltr'>τὰ</span> <span class='ocrx_word' id='word_1_724' title='bbox 1757 5457 1813 5510; x_wconf 80' lang='grc' dir='ltr'>δὲ</span> <span class='ocrx_word' id='word_1_725' title='bbox 1860 5457 1955 5512; x_wconf 86' lang='grc' dir='ltr'>καὶ</span> <span class='ocrx_word' id='word_1_726' title='bbox 1984 5458 2115 5528; x_wconf 85' lang='grc' dir='ltr'>παρ’</span> 
     </span>
    </p>
   </div>
   <div class='ocr_carea' id='block_1_102' title="bbox 543 5547 2117 5620">
    <p class='ocr_par' dir='ltr' id='par_1_102' title="bbox 543 5547 2117 5620">
     <span class='ocr_line' id='line_1_102' title="bbox 543 5547 2117 5620; baseline 0.002 -19"><span class='ocrx_word' id='word_1_727' title='bbox 543 5547 752 5618; x_wconf 76' lang='grc' dir='ltr'>ἑτέρων</span> <span class='ocrx_word' id='word_1_728' title='bbox 801 5550 1232 5618; x_wconf 78' lang='grc' dir='ltr'>ἐνεφανίσθησαν</span> <span class='ocrx_word' id='word_1_729' title='bbox 1262 5591 1278 5617; x_wconf 91' lang='grc'><strong>,</strong></span> <span class='ocrx_word' id='word_1_730' title='bbox 1325 5549 1706 5620; x_wconf 83' lang='grc' dir='ltr'>τολμήσαντας</span> <span class='ocrx_word' id='word_1_731' title='bbox 1745 5550 2117 5614; x_wconf 85' lang='grc' dir='ltr'>ἁκανονίστως</span> 
     </span>
    </p>
   </div>
   <div class='ocr_carea' id='block_1_103' title="bbox 547 5637 2118 5714">
    <p class='ocr_par' dir='ltr' id='par_1_103' title="bbox 547 5637 2118 5714">
     <span class='ocr_line' id='line_1_103' title="bbox 547 5637 2118 5714; baseline 0.003 -26"><span class='ocrx_word' id='word_1_732' title='bbox 547 5637 646 5690; x_wconf 76' lang='grc' dir='ltr'>καὶ</span> <span class='ocrx_word' id='word_1_733' title='bbox 679 5638 920 5710; x_wconf 87' lang='grc' dir='ltr'>ἀκρίτως</span> <span class='ocrx_word' id='word_1_734' title='bbox 950 5639 1226 5708; x_wconf 59' lang='grc' dir='ltr'>ἀποκόψαι</span> <span class='ocrx_word' id='word_1_735' title='bbox 1249 5641 1309 5692; x_wconf 72' lang='grc' dir='ltr'><strong>τδ</strong></span> <span class='ocrx_word' id='word_1_736' title='bbox 1333 5641 1678 5711; x_wconf 82' lang='grc' dir='ltr'>μνημόσυνόν</span> <span class='ocrx_word' id='word_1_737' title='bbox 1711 5658 1836 5714; x_wconf 88' lang='grc' dir='ltr'>μου,</span> <span class='ocrx_word' id='word_1_738' title='bbox 1875 5641 1955 5711; x_wconf 82' lang='grc' dir='ltr'>τῷ</span> <span class='ocrx_word' id='word_1_739' title='bbox 2010 5641 2118 5695; x_wconf 79' lang='grc' dir='ltr'>ἀπὸ</span> 
     </span>
    </p>
   </div>
   <div class='ocr_carea' id='block_1_104' title="bbox 552 5729 2118 5803">
    <p class='ocr_par' dir='ltr' id='par_1_104' title="bbox 552 5729 2118 5803">
     <span class='ocr_line' id='line_1_104' title="bbox 552 5729 2118 5803; baseline 0.003 -23"><span class='ocrx_word' id='word_1_740' title='bbox 552 5729 648 5796; x_wconf 82' lang='grc' dir='ltr'>τῆς</span> <span class='ocrx_word' id='word_1_741' title='bbox 670 5733 980 5803; x_wconf 82' lang='grc' dir='ltr'>ζωαρχικῆς</span> <span class='ocrx_word' id='word_1_742' title='bbox 1011 5733 1104 5786; x_wconf 77' lang='grc' dir='ltr'>καὶ</span> <span class='ocrx_word' id='word_1_743' title='bbox 1127 5734 1290 5802; x_wconf 76' lang='grc' dir='ltr'>ἁγίας</span> <span class='ocrx_word' id='word_1_744' title='bbox 1317 5731 1546 5802; x_wconf 66' lang='grc' dir='ltr'>Τριάδος</span> <span class='ocrx_word' id='word_1_745' title='bbox 1565 5735 1749 5803; x_wconf 84' lang='grc' dir='ltr'>δεσμῷ</span> <span class='ocrx_word' id='word_1_746' title='bbox 1775 5733 2118 5787; x_wconf 78' lang='grc' dir='ltr'>καθυποὸάλ-</span> 
     </span>
    </p>
   </div>
   <div class='ocr_carea' id='block_1_105' title="bbox 556 5817 2113 5895">
    <p class='ocr_par' dir='ltr' id='par_1_105' title="bbox 556 5817 2113 5895">
     <span class='ocr_line' id='line_1_105' title="bbox 556 5817 2113 5895; baseline 0.003 -22"><span class='ocrx_word' id='word_1_747' title='bbox 556 5817 742 5884; x_wconf 71' lang='grc' dir='ltr'>λομεν,</span> <span class='ocrx_word' id='word_1_748' title='bbox 771 5824 863 5873; x_wconf 74' lang='grc' dir='ltr'>καὶ</span> <span class='ocrx_word' id='word_1_749' title='bbox 881 5823 957 5892; x_wconf 77' lang='grc' dir='ltr'>τῷ</span> <span class='ocrx_word' id='word_1_750' title='bbox 973 5824 1138 5876; x_wconf 83' lang='grc' dir='ltr'>ἀναθέ</span> <span class='ocrx_word' id='word_1_751' title='bbox 1153 5841 1280 5892; x_wconf 84' lang='grc' dir='ltr'>ματι</span> <span class='ocrx_word' id='word_1_752' title='bbox 1301 5823 1768 5895; x_wconf 72' lang='grc' dir='ltr'>παραπέμπομεν.</span> <span class='ocrx_word' id='word_1_753' title='bbox 1788 5823 1851 5877; x_wconf 84' lang='grc' dir='ltr'><strong>’Π</strong></span> <span class='ocrx_word' id='word_1_754' title='bbox 1875 5825 2113 5894; x_wconf 68' lang='grc' dir='ltr'>ὑπογρα-</span> 
     </span>
    </p>
   </div>
   <div class='ocr_carea' id='block_1_106' title="bbox 2210 4626 3744 4706">
    <p class='ocr_par' dir='ltr' id='par_1_106' title="bbox 2210 4626 3744 4706">
     <span class='ocr_line' id='line_1_106' title="bbox 2210 4626 3744 4706; baseline -0.009 -17"><span class='ocrx_word' id='word_1_755' title='bbox 2210 4637 2318 4706; x_wconf 81' lang='grc' dir='ltr'>φῆς</span> <span class='ocrx_word' id='word_1_756' title='bbox 2346 4634 2722 4706; x_wconf 85' lang='grc' dir='ltr'>μαρτυρίαις;</span> <span class='ocrx_word' id='word_1_757' title='bbox 2763 4635 2822 4686; x_wconf 83' lang='grc' dir='ltr'><strong>Εἰ</strong></span> <span class='ocrx_word' id='word_1_758' title='bbox 2860 4633 2959 4704; x_wconf 83' lang='grc' dir='ltr'>μὲν</span> <span class='ocrx_word' id='word_1_759' title='bbox 2999 4632 3289 4704; x_wconf 84' lang='grc' dir='ltr'>πείθομεν,</span> <span class='ocrx_word' id='word_1_760' title='bbox 3328 4631 3410 4703; x_wconf 83' lang='grc' dir='ltr'><strong>τῷ</strong></span> <span class='ocrx_word' id='word_1_761' title='bbox 3439 4629 3552 4701; x_wconf 85' lang='grc' dir='ltr'><strong>Θεῴ</strong></span> <span class='ocrx_word' id='word_1_762' title='bbox 3594 4626 3744 4697; x_wconf 76' lang='grc' dir='ltr'>χάρις,</span> 
     </span>
    </p>
   </div>
   <div class='ocr_carea' id='block_1_107' title="bbox 2207 4720 3746 4797">
    <p class='ocr_par' dir='ltr' id='par_1_107' title="bbox 2207 4720 3746 4797">
     <span class='ocr_line' id='line_1_107' title="bbox 2207 4720 3746 4797; baseline -0.004 -17"><span class='ocrx_word' id='word_1_763' title='bbox 2207 4726 2286 4797; x_wconf 82' lang='grc' dir='ltr'><strong>τῷ</strong></span> <span class='ocrx_word' id='word_1_764' title='bbox 2316 4726 2443 4790; x_wconf 79' lang='grc' dir='ltr'>τοὺς</span> <span class='ocrx_word' id='word_1_765' title='bbox 2487 4722 2950 4794; x_wconf 70' lang='grc' dir='ltr'>ἀπεγνωσμένους</span> <span class='ocrx_word' id='word_1_766' title='bbox 3002 4724 3067 4777; x_wconf 80' lang='grc' dir='ltr'>ὲκ</span> <span class='ocrx_word' id='word_1_767' title='bbox 3117 4723 3332 4794; x_wconf 82' lang='grc' dir='ltr'>πλάνης</span> <span class='ocrx_word' id='word_1_768' title='bbox 3384 4720 3746 4788; x_wconf 68' lang='grc' dir='ltr'>ἐπιστρέφοντι.</span> 
     </span>
    </p>
   </div>
   <div class='ocr_carea' id='block_1_108' title="bbox 2210 4804 3746 4887">
    <p class='ocr_par' dir='ltr' id='par_1_108' title="bbox 2210 4804 3746 4887">
     <span class='ocr_line' id='line_1_108' title="bbox 2210 4804 3746 4887; baseline -0.005 -17"><span class='ocrx_word' id='word_1_769' title='bbox 2210 4819 2305 4871; x_wconf 80' lang='grc' dir='ltr'><strong>καὶ</strong></span> <span class='ocrx_word' id='word_1_770' title='bbox 2341 4816 2416 4887; x_wconf 86' lang='grc' dir='ltr'>μὴ</span> <span class='ocrx_word' id='word_1_771' title='bbox 2445 4815 2759 4886; x_wconf 78' lang='grc' dir='ltr'>βουλομένῳ</span> <span class='ocrx_word' id='word_1_772' title='bbox 2793 4815 2886 4869; x_wconf 75' lang='grc' dir='ltr'>τὸν</span> <span class='ocrx_word' id='word_1_773' title='bbox 2907 4815 3138 4871; x_wconf 84' lang='grc' dir='ltr'>θάνατον</span> <span class='ocrx_word' id='word_1_774' title='bbox 3166 4813 3265 4868; x_wconf 79' lang='grc' dir='ltr'><strong>τοῦ</strong></span> <span class='ocrx_word' id='word_1_775' title='bbox 3317 4807 3647 4883; x_wconf 80' lang='grc' dir='ltr'>ἀμαρτωλοῦ,</span> <span class='ocrx_word' id='word_1_776' title='bbox 3685 4804 3746 4863; x_wconf 77' lang='grc' dir='ltr'><strong>ὡς</strong></span> 
     </span>
    </p>
   </div>
   <div class='ocr_carea' id='block_1_109' title="bbox 2207 4897 3749 4980">
    <p class='ocr_par' dir='ltr' id='par_1_109' title="bbox 2207 4897 3749 4980">
     <span class='ocr_line' id='line_1_109' title="bbox 2207 4897 3749 4980; baseline -0.011 -16"><span class='ocrx_word' id='word_1_777' title='bbox 2207 4911 2269 4964; x_wconf 85' lang='grc' dir='ltr'>τὸ</span> <span class='ocrx_word' id='word_1_778' title='bbox 2299 4907 2625 4980; x_wconf 69' lang='grc' dir='ltr'>ἐπιστρέψαι</span> <span class='ocrx_word' id='word_1_779' title='bbox 2654 4908 2748 4960; x_wconf 78' lang='grc' dir='ltr'>καὶ</span> <span class='ocrx_word' id='word_1_780' title='bbox 2782 4907 2882 4978; x_wconf 77' lang='grc' dir='ltr'><strong>ζῇν</strong></span> <span class='ocrx_word' id='word_1_781' title='bbox 2908 4907 3089 4961; x_wconf 81' lang='grc' dir='ltr'>αὐτόν.</span> <span class='ocrx_word' id='word_1_782' title='bbox 3125 4907 3187 4960; x_wconf 83' lang='lat' dir='ltr'><strong>Ei</strong></span> <span class='ocrx_word' id='word_1_783' title='bbox 3219 4906 3266 4959; x_wconf 85' lang='grc' dir='ltr'>δ’</span> <span class='ocrx_word' id='word_1_784' title='bbox 3289 4907 3349 4960; x_wconf 85' lang='grc' dir='ltr'><strong>ού</strong></span> <span class='ocrx_word' id='word_1_785' title='bbox 3386 4904 3646 4970; x_wconf 86' lang='grc' dir='ltr'>πείθομεν.</span> <span class='ocrx_word' id='word_1_786' title='bbox 3667 4897 3749 4964; x_wconf 71' lang='grc' dir='ltr'>ὅρα</span> 
     </span>
    </p>
   </div>
   <div class='ocr_carea' id='block_1_110' title="bbox 2211 4985 3750 5065">
    <p class='ocr_par' dir='ltr' id='par_1_110' title="bbox 2211 4985 3750 5065">
     <span class='ocr_line' id='line_1_110' title="bbox 2211 4985 3750 5065; baseline -0.008 -15"><span class='ocrx_word' id='word_1_787' title='bbox 2211 4997 2394 5050; x_wconf 71' lang='grc' dir='ltr'>λοιπδν</span> <span class='ocrx_word' id='word_1_788' title='bbox 2424 4997 2482 5049; x_wconf 81' lang='grc' dir='ltr'>ὲν</span> <span class='ocrx_word' id='word_1_789' title='bbox 2497 4997 2656 5055; x_wconf 79' lang='grc' dir='ltr'>ὅσαις</span> <span class='ocrx_word' id='word_1_790' title='bbox 2687 4995 2782 5049; x_wconf 74' lang='grc' dir='ltr'>καὶ</span> <span class='ocrx_word' id='word_1_791' title='bbox 2802 4996 2942 5060; x_wconf 75' lang='grc' dir='ltr'>οἵαις</span> <span class='ocrx_word' id='word_1_792' title='bbox 2969 4995 3270 5065; x_wconf 80' lang='grc' dir='ltr'>ἐμπίπτεις</span> <span class='ocrx_word' id='word_1_793' title='bbox 3297 4995 3583 5065; x_wconf 82' lang='grc' dir='ltr'>αἱρέσεσιν,</span> <span class='ocrx_word' id='word_1_794' title='bbox 3605 4989 3630 5040; x_wconf 87' lang='grc' dir='ltr'>ὁ</span> <span class='ocrx_word' id='word_1_795' title='bbox 3666 4985 3750 5054; x_wconf 72' lang='grc' dir='ltr'>ψυ-</span> 
     </span>
    </p>
   </div>
   <div class='ocr_carea' id='block_1_111' title="bbox 2213 5080 3747 5159">
    <p class='ocr_par' dir='ltr' id='par_1_111' title="bbox 2213 5080 3747 5159">
     <span class='ocr_line' id='line_1_111' title="bbox 2213 5080 3747 5159; baseline -0.005 -18"><span class='ocrx_word' id='word_1_796' title='bbox 2213 5087 2324 5158; x_wconf 78' lang='grc' dir='ltr'><strong>χῶν</strong></span> <span class='ocrx_word' id='word_1_797' title='bbox 2390 5088 2702 5159; x_wconf 83' lang='grc' dir='ltr'>προστάτης</span> <span class='ocrx_word' id='word_1_798' title='bbox 2761 5088 2854 5140; x_wconf 73' lang='grc' dir='ltr'>καὶ</span> <span class='ocrx_word' id='word_1_799' title='bbox 2926 5085 3259 5155; x_wconf 85' lang='grc' dir='ltr'>Ἐκκλησίας</span> <span class='ocrx_word' id='word_1_800' title='bbox 3317 5083 3450 5140; x_wconf 81' lang='grc' dir='ltr'>Θεοῦ</span> <span class='ocrx_word' id='word_1_801' title='bbox 3496 5080 3747 5148; x_wconf 73' lang='grc' dir='ltr'>γενόμενος</span> 
     </span>
    </p>
   </div>
   <div class='ocr_carea' id='block_1_112' title="bbox 2215 5163 3748 5250">
    <p class='ocr_par' dir='ltr' id='par_1_112' title="bbox 2215 5163 3748 5250">
     <span class='ocr_line' id='line_1_112' title="bbox 2215 5163 3748 5250; baseline -0.01 -16"><span class='ocrx_word' id='word_1_802' title='bbox 2215 5178 2498 5250; x_wconf 78' lang='grc' dir='ltr'>κρίμασιν,</span> <span class='ocrx_word' id='word_1_803' title='bbox 2523 5172 2604 5241; x_wconf 73' lang='grc' dir='ltr'>οἷς</span> <span class='ocrx_word' id='word_1_804' title='bbox 2627 5172 2769 5230; x_wconf 79' lang='grc' dir='ltr'>οἶδεν</span> <span class='ocrx_word' id='word_1_805' title='bbox 2800 5178 3010 5241; x_wconf 74' lang='grc' dir='ltr'>ἐκεῖνος</span> <span class='ocrx_word' id='word_1_806' title='bbox 3039 5178 3066 5229; x_wconf 87' lang='grc' dir='ltr'>ὁ</span> <span class='ocrx_word' id='word_1_807' title='bbox 3099 5177 3426 5248; x_wconf 69' lang='grc' dir='ltr'>ἀπόρρητος,</span> <span class='ocrx_word' id='word_1_808' title='bbox 3463 5171 3558 5224; x_wconf 71' lang='grc' dir='ltr'><strong>κᾶν</strong></span> <span class='ocrx_word' id='word_1_809' title='bbox 3578 5167 3660 5221; x_wconf 75' lang='grc' dir='ltr'><strong>καὶ</strong></span> <span class='ocrx_word' id='word_1_810' title='bbox 3687 5163 3748 5232; x_wconf 77' lang='grc' dir='ltr'>μὴ</span> 
     </span>
    </p>
   </div>
   <div class='ocr_carea' id='block_1_113' title="bbox 2216 5255 3749 5342">
    <p class='ocr_par' dir='ltr' id='par_1_113' title="bbox 2216 5255 3749 5342">
     <span class='ocr_line' id='line_1_113' title="bbox 2216 5255 3749 5342; baseline -0.013 -16"><span class='ocrx_word' id='word_1_811' title='bbox 2216 5272 2487 5342; x_wconf 82' lang='grc' dir='ltr'>παρεδόθη</span> <span class='ocrx_word' id='word_1_812' title='bbox 2511 5288 2594 5325; x_wconf 86' lang='grc' dir='ltr'><strong>σοι</strong></span> <span class='ocrx_word' id='word_1_813' title='bbox 2614 5269 2702 5322; x_wconf 80' lang='grc' dir='ltr'><strong>διὰ</strong></span> <span class='ocrx_word' id='word_1_814' title='bbox 2734 5270 2936 5336; x_wconf 81' lang='grc' dir='ltr'>πολλὴν</span> <span class='ocrx_word' id='word_1_815' title='bbox 2971 5269 3139 5324; x_wconf 75' lang='grc' dir='ltr'>αὑτοῦ</span> <span class='ocrx_word' id='word_1_816' title='bbox 3170 5265 3551 5340; x_wconf 74' lang='grc' dir='ltr'>μακροθυμίαν</span> <span class='ocrx_word' id='word_1_817' title='bbox 3577 5263 3606 5331; x_wconf 78' lang='grc' dir='ltr'><strong>η</strong></span> <span class='ocrx_word' id='word_1_818' title='bbox 3647 5255 3749 5310; x_wconf 76' lang='grc' dir='ltr'><strong>Ἐκο</strong></span> 
     </span>
    </p>
   </div>
   <div class='ocr_carea' id='block_1_114' title="bbox 2218 5351 3746 5434">
    <p class='ocr_par' dir='ltr' id='par_1_114' title="bbox 2218 5351 3746 5434">
     <span class='ocr_line' id='line_1_114' title="bbox 2218 5351 3746 5434; baseline -0.01 -16"><span class='ocrx_word' id='word_1_819' title='bbox 2218 5363 2438 5434; x_wconf 83' lang='grc' dir='ltr'>κλησία,</span> <span class='ocrx_word' id='word_1_820' title='bbox 2471 5361 2566 5416; x_wconf 80' lang='grc' dir='ltr'>καὶ</span> <span class='ocrx_word' id='word_1_821' title='bbox 2605 5361 2663 5414; x_wconf 84' lang='lat' dir='ltr'><strong>ai</strong></span> <span class='ocrx_word' id='word_1_822' title='bbox 2691 5360 2878 5431; x_wconf 77' lang='grc' dir='ltr'>ψυχαί.</span> <span class='ocrx_word' id='word_1_823' title='bbox 2923 5363 3101 5414; x_wconf 85' lang='grc' dir='ltr'>Πᾶσαι</span> <span class='ocrx_word' id='word_1_824' title='bbox 3149 5362 3246 5428; x_wconf 83' lang='grc' dir='ltr'>μὲν</span> <span class='ocrx_word' id='word_1_825' title='bbox 3286 5355 3380 5412; x_wconf 80' lang='grc' dir='ltr'>οὖν</span> <span class='ocrx_word' id='word_1_826' title='bbox 3428 5357 3481 5409; x_wconf 82' lang='grc' dir='ltr'>αἱ</span> <span class='ocrx_word' id='word_1_827' title='bbox 3537 5351 3746 5420; x_wconf 79' lang='grc' dir='ltr'>αἱρέσεις</span> 
     </span>
    </p>
   </div>
   <div class='ocr_carea' id='block_1_115' title="bbox 2219 5439 3744 5522">
    <p class='ocr_par' dir='ltr' id='par_1_115' title="bbox 2219 5439 3744 5522">
     <span class='ocr_line' id='line_1_115' title="bbox 2219 5439 3744 5522; baseline -0.008 -18"><span class='ocrx_word' id='word_1_828' title='bbox 2219 5453 2368 5522; x_wconf 68' lang='grc' dir='ltr'>παρὰ</span> <span class='ocrx_word' id='word_1_829' title='bbox 2395 5450 2502 5504; x_wconf 84' lang='grc' dir='ltr'><strong>τῶν</strong></span> <span class='ocrx_word' id='word_1_830' title='bbox 2544 5450 2714 5518; x_wconf 86' lang='grc' dir='ltr'>ἀγίων</span> <span class='ocrx_word' id='word_1_831' title='bbox 2757 5449 3172 5511; x_wconf 84' lang='grc' dir='ltr'>θανατωθεῖσαι,</span> <span class='ocrx_word' id='word_1_832' title='bbox 3229 5448 3323 5500; x_wconf 70' lang='grc' dir='ltr'><strong>καὶ</strong></span> <span class='ocrx_word' id='word_1_833' title='bbox 3378 5439 3744 5511; x_wconf 70' lang='grc' dir='ltr'>διαφθαρεῖσαι.</span> 
     </span>
    </p>
   </div>
   <div class='ocr_carea' id='block_1_116' title="bbox 2221 5525 3748 5614">
    <p class='ocr_par' dir='ltr' id='par_1_116' title="bbox 2221 5525 3748 5614">
     <span class='ocr_line' id='line_1_116' title="bbox 2221 5525 3748 5614; baseline -0.023 -4"><span class='ocrx_word' id='word_1_834' title='bbox 2221 5545 2360 5614; x_wconf 75' lang='grc' dir='ltr'>ξηρὰ</span> <span class='ocrx_word' id='word_1_835' title='bbox 2417 5544 2709 5612; x_wconf 78' lang='grc' dir='ltr'>γεγόνασιν</span> <span class='ocrx_word' id='word_1_836' title='bbox 2766 5543 2928 5596; x_wconf 83' lang='grc' dir='ltr'>ὀστέα</span> <span class='ocrx_word' id='word_1_837' title='bbox 2987 5539 3205 5610; x_wconf 80' lang='grc' dir='ltr'>σαρκῶν</span> <span class='ocrx_word' id='word_1_838' title='bbox 3247 5540 3396 5604; x_wconf 82' lang='grc' dir='ltr'>ἀνευ,</span> <span class='ocrx_word' id='word_1_839' title='bbox 3440 5525 3748 5602; x_wconf 80' lang='grc' dir='ltr'>νεύρων,καὶ</span> 
     </span>
    </p>
   </div>
   <div class='ocr_carea' id='block_1_117' title="bbox 2223 5615 3742 5710">
    <p class='ocr_par' dir='ltr' id='par_1_117' title="bbox 2223 5615 3742 5710">
     <span class='ocr_line' id='line_1_117' title="bbox 2223 5615 3742 5710; baseline -0.005 -17"><span class='ocrx_word' id='word_1_840' title='bbox 2223 5636 2523 5710; x_wconf 83' lang='grc' dir='ltr'>ἁρμονιῶν.</span> <span class='ocrx_word' id='word_1_841' title='bbox 2569 5636 2640 5688; x_wconf 70' lang='grc' dir='ltr'><strong>Σὺ</strong></span> <span class='ocrx_word' id='word_1_842' title='bbox 2661 5635 2716 5689; x_wconf 85' lang='grc' dir='ltr'>δὲ</span> <span class='ocrx_word' id='word_1_843' title='bbox 2747 5633 2952 5697; x_wconf 86' lang='grc' dir='ltr'>ταύτας</span> <span class='ocrx_word' id='word_1_844' title='bbox 2988 5634 3385 5704; x_wconf 74' lang='grc' dir='ltr'>ἀναγεννήσας.</span> <span class='ocrx_word' id='word_1_845' title='bbox 3420 5626 3507 5680; x_wconf 77' lang='grc' dir='ltr'>καὶ</span> <span class='ocrx_word' id='word_1_846' title='bbox 3533 5615 3742 5677; x_wconf 41' lang='lat' dir='ltr'><strong>avditi-1&quot;</strong></span> 
     </span>
    </p>
   </div>
   <div class='ocr_carea' id='block_1_118' title="bbox 2223 5713 3744 5798">
    <p class='ocr_par' dir='ltr' id='par_1_118' title="bbox 2223 5713 3744 5798">
     <span class='ocr_line' id='line_1_118' title="bbox 2223 5713 3744 5798; baseline -0.007 -16"><span class='ocrx_word' id='word_1_847' title='bbox 2223 5746 2343 5795; x_wconf 85' lang='grc' dir='ltr'>σας,</span> <span class='ocrx_word' id='word_1_848' title='bbox 2375 5727 2468 5780; x_wconf 71' lang='grc' dir='ltr'>καὶ</span> <span class='ocrx_word' id='word_1_849' title='bbox 2497 5729 2565 5781; x_wconf 81' lang='grc' dir='ltr'>τὰ</span> <span class='ocrx_word' id='word_1_850' title='bbox 2599 5729 2798 5798; x_wconf 81' lang='grc' dir='ltr'>μάταια</span> <span class='ocrx_word' id='word_1_851' title='bbox 2824 5726 3092 5796; x_wconf 79' lang='grc' dir='ltr'>δόγματα,</span> <span class='ocrx_word' id='word_1_852' title='bbox 3125 5723 3360 5790; x_wconf 82' lang='grc' dir='ltr'>πνεῦμα,</span> <span class='ocrx_word' id='word_1_853' title='bbox 3400 5715 3549 5787; x_wconf 74' lang='grc' dir='ltr'>σὰρξ,</span> <span class='ocrx_word' id='word_1_854' title='bbox 3595 5713 3744 5782; x_wconf 64' lang='grc' dir='ltr'>ἁρμοε</span> 
     </span>
    </p>
   </div>
   <div class='ocr_carea' id='block_1_119' title="bbox 2225 5803 3745 5890">
    <p class='ocr_par' dir='ltr' id='par_1_119' title="bbox 2225 5803 3745 5890">
     <span class='ocr_line' id='line_1_119' title="bbox 2225 5803 3745 5890; baseline -0.007 -12"><span class='ocrx_word' id='word_1_855' title='bbox 2225 5823 2356 5890; x_wconf 86' lang='grc' dir='ltr'>νίαι,</span> <span class='ocrx_word' id='word_1_856' title='bbox 2395 5821 2491 5874; x_wconf 72' lang='grc' dir='ltr'><strong>καὶ</strong></span> <span class='ocrx_word' id='word_1_857' title='bbox 2523 5819 2686 5889; x_wconf 72' lang='grc' dir='ltr'>νεῦρα</span> <span class='ocrx_word' id='word_1_858' title='bbox 2713 5823 2936 5884; x_wconf 81' lang='grc' dir='ltr'>ταύταις</span> <span class='ocrx_word' id='word_1_859' title='bbox 2969 5821 3234 5888; x_wconf 77' lang='grc' dir='ltr'>γενόμενα</span> <span class='ocrx_word' id='word_1_860' title='bbox 3276 5815 3380 5884; x_wconf 77' lang='grc' dir='ltr'><strong>ζῶν</strong></span> <span class='ocrx_word' id='word_1_861' title='bbox 3406 5812 3632 5884; x_wconf 74' lang='grc' dir='ltr'>ἔμψυχον</span> <span class='ocrx_word' id='word_1_862' title='bbox 3669 5803 3745 5856; x_wconf 59' lang='grc' dir='ltr'><strong>καὶ</strong></span> 
     </span>
    </p>
   </div>
  </div>
