3956 6194
495 256 604 320 867

1707 258 1802 319 DE
1845 252 2249 319 GREGORIO
2291 239 2597 318 PALA'MA
3618 255 3706 321 εδδ

501 374 745 444 μάλιστα
771 371 826 424 δὲ
863 371 958 424 καὶ
984 370 1162 432 καλῶς
1187 369 1326 431 οἰδα,
1364 366 1458 421 καὶ
1503 365 1844 438 τεθάρρηκα,
1869 370 1964 422 καὶ
1988 383 2080 420 πε-

2186 371 2269 420 est
2289 364 2554 434 infragilis
2586 360 2791 418 Christi
2824 359 3038 427 Petrus,
3061 366 3116 416 et
3151 357 3524 432 discipulorum
3551 378 3698 434 apex,-

502 468 800 524 πίστευκα,
831 465 946 525 ταῖς
976 462 1067 514 τοῦ
1097 463 1350 530 Σωτῆρος
1383 459 1738 528 ἐπαγγελίαις
1781 459 2080 530 πιστούμε-

505 577 618 620 νος.
667 559 862 624 Ἡμεῖς
889 555 946 606 δὲ
972 553 1051 622 τῷ
1080 553 1402 621 κηρύγματι
1448 553 1557 604 τῶν
1592 552 1927 616 ἀποστόλων,
1986 552 2077 607 καὶ

503 654 615 711 τοῖς
649 650 881 717 δόγμασι
906 646 1014 698 τῶν
1071 645 1332 714 Πατέρων
1393 644 1673 713 ἑπόμενοι,
1711 648 1808 699 καὶ
1865 644 2080 700 πάντων

504 743 696 810 ἁγίων,
761 741 820 791 οὐ
877 736 1262 806 θεολογοῦμεν,
1327 735 1442 789 ἀλλ’
1489 736 1960 800 ἀνασκευάζοντες
2011 735 2080 789 τὰ

502 834 736 904 βδελυρὰ
763 833 1033 900 δόγματα,
1066 829 1414 898 κηρύττομεν
1444 830 1539 882 καὶ
1594 829 1827 899 λέγομεν
1881 827 2075 893 οὕτως·

501 923 946 992 Πιστεύομενεξς
979 921 1223 989 Πατέρα,
1278 919 1431 983 Υίὸν,
1478 919 1572 972 καὶ
1626 917 1780 982 ἅγιον
1831 917 2077 989 Πνεῦμα,

499 1016 648 1084 τρεῖς
690 1014 977 1084 ἰδιότητας,
1013 1014 1141 1081 μίαν
1200 1011 1465 1081 Θεότητα,
1526 1012 1673 1082 τρεῖς
1732 1011 2078 1076 ὑποστάσεις,

506 1107 637 1176 μίαν
664 1107 914 1175 θεότητα,
950 1105 1075 1174 τρία
1121 1104 1412 1172 πρόσωπα,
1458 1104 1586 1173 μίαν
1644 1102 1894 1174 θεότητα,
1955 1104 2080 1163 μίαν

500 1198 711 1259 οὐσίαν,
751 1200 880 1264 μίαν
912 1197 1074 1267 φύσιν
1100 1197 1298 1265 ἁπλῆν,
1359 1198 1503 1266 ἴσην,
1541 1195 1861 1267 ἀδιαίρετον,
1916 1195 2083 1264 ἀσύγ-

500 1305 686 1357 χυτον,
721 1287 950 1350 ἑνιαίαν,
983 1287 1190 1357 Τριάδα
1235 1286 1294 1337 ὲν
1344 1285 1558 1354 μονάδι,
1616 1284 1711 1338 καὶ
1775 1285 1976 1353 μονάδα
2021 1287 2080 1337 ἐν

503 1378 694 1446 Τριὰδι
724 1377 1232 1446 προσκυνουμένην.
1263 1377 1359 1429 καὶ
1423 1377 1746 1446 σεϐομένην.
1793 1376 2081 1446 Ἀλλοτρίῳ

504 1471 560 1523 δὲ
587 1471 645 1520 οὐ
684 1470 758 1538 μὴ
784 1468 1253 1537 ἁκολουθήσομεν.
1291 1469 1426 1521 Οὐδὲ
1457 1470 1565 1538 γὰρ
1591 1470 1817 1539 οτδαμεν
1846 1469 1942 1539 τὴν
1967 1486 2081 1535 φω-

503 1564 601 1634 νὴν
652 1565 758 1615 τῶν
791 1564 1086 1625 ἀλλοτρίων
1117 1564 1436 1617 ἀκολουθεῖν
1470 1581 1482 1594 ’
1562 1565 1682 1618 οὐδὲ
1747 1565 1830 1617 σοὶ
1868 1564 1941 1634 τῷ
1988 1564 2081 1636 λῃ-

507 1651 748 1720 στρικῶς
782 1650 1082 1720 ἀλλαχόθεν
1116 1651 1486 1716 ἀναϐαίνοντι,
1519 1653 1613 1706 καὶ
1647 1652 1723 1723 μὴ
1740 1654 1825 1706 διὰ
1852 1653 1952 1722 τῆς
1984 1654 2081 1708 θύ-

507 1758 610 1810 ρας
669 1742 748 1804 εἰς
807 1741 905 1810 τὴν
970 1741 1138 1812 αὐλὴν
1192 1728 1556 1814 εἰσερχομένῳ
1617 1745 1726 1798 τῶν
1770 1745 2080 1816 προϐάτων.

504 1832 662 1886 Οὕτω
685 1833 742 1884 δὲ
778 1834 1237 1902 προσκυνοῦντες,
1270 1833 1413 1890 οὕτω
1457 1835 1795 1903 δοξάζοντες,
1826 1839 1922 1892 καὶ
1941 1839 2083 1893 οὕτω

507 1925 792 1996 σεϐόμενοι
823 1926 920 1995 τὴν
955 1927 1083 1995 μίαν
1109 1929 1166 1978 ἐν
1224 1927 1375 1996 τρισὶ
1438 1929 1760 1998 προσώποις
1818 1929 2080 2001 Θεότητα,

504 2018 601 2070 καὶ
624 2019 723 2081 τὰς
750 2018 1086 2086 ἐπαγγελίας
1121 2026 1323 2081 πιστὰς
1364 2021 1584 2090 ἔχομεν,
1619 2020 1847 2091 ὄψεσθαι
1879 2022 2085 2093 ταύτην

502 2108 835 2179 τελεώτερὸν
863 2127 922 2163 τε
957 2111 1052 2162 καὶ
1081 2111 1492 2184 καθαρώτερον,
1524 2112 1623 2166 οὐκ
1657 2116 1715 2166 ὲν
1766 2115 2083 2184 αἰνίγμασι,

503 2202 794 2270 πρόσωπον
823 2202 879 2256 δὲ
915 2203 1050 2272 πρὸς
1083 2204 1373 2274 πρόςωπον
1399 2207 1456 2258 ὲν
1493 2207 1678 2278 ἐκείνῃ
1732 2210 1796 2277 τῇ
1832 2207 2086 2280 ἀθανάτῳ

503 2295 773 2368 βασιλείᾳ,
841 2298 932 2349 καὶ
969 2296 1269 2351 ἀπολαύσει
1318 2297 1426 2351 τῶν
1513 2298 1758 2364 δικαίων,
1805 2294 1871 2372 ἧς
1910 2301 2086 2371 ὅψεως

506 2388 724 2454 γένοιτο
755 2389 964 2450 πάντας
997 2390 1143 2458 qui;
1199 2391 1500 2459 ἐπιτυχεῖν,
1557 2391 1652 2445 καὶ
1715 2393 1773 2444 σὲ
1813 2395 2083 2464 μετανοή-

492 2467 705 2544 ’σαντα,
741 2481 928 2552 χάριτι
956 2483 1052 2534 καὶ
1086 2483 1417 2554 οίκτιρμοῖς,
1443 2486 1538 2538 καὶ
1580 2485 1962 2559 φιλανθρωπίᾳ
1994 2489 2086 2542 τοῦ

423 2559 434 2570 δ
501 2575 702 2641 Κυρίου
733 2574 890 2643 ἡμῶν
932 2574 1108 2642 Ἰησοῦ
1138 2573 1404 2641 Χριστοῦ,
1433 2595 1478 2643 ῳ
1518 2578 1720 2647 πρέπει
1755 2580 1904 2632 πᾶσα
1933 2580 2082 2646 δόξα,

498 2666 655 2734 τιμὴ,
680 2665 776 2717 καὶ
807 2663 1194 2735 προσκύνησις,
1239 2666 1337 2718 σὺν
1360 2665 1437 2736 τῷ
1462 2666 1686 2737 ἀνάρχῳ
1724 2668 1887 2720 αὐτοῦ
1913 2672 2087 2739 Πατρὶ

499 2759 578 2829 τῷ
613 2759 760 2829 μόνῳ
803 2758 986 2826 αἰτίῳ,
1016 2759 1110 2810 καί
1154 2755 1232 2826 τῷ
1292 2757 1568 2827 παναγίῳ,
1603 2758 1700 2811 καὶ
1751 2759 1963 2828 ἀγαθῷ,
1993 2763 2088 2814 καὶ

493 2852 749 2923 ,ζωογονῷ
766 2851 928 2905 αὐτοῦ
948 2849 1310 2920 Πνεύματι,τῇ
1329 2849 1826 2920 μιᾷικαὶάδεαιρὲτῳ
1843 2851 2085 2922 Θεότητι,

499 2945 594 2996 νῦν
609 2943 1034 3007 καὶάεἱμιαὶείς
1069 2941 1195 3004 τοὺς
1233 2939 1436 3005 αἰῶνας
1486 2941 1590 2993 τῶν
1620 2941 1851 2996 αἰώνων.
1887 2944 2081 3015 Ἀμήν.

506 3051 528 3085 ο
561 3031 889 3102 Disceptatio
915 3031 1196 3101 cujusdam
1232 3031 1330 3084 viri
1365 3032 1586 3096 eruditi,
1619 3044 1672 3086 et
1707 3033 2013 3105 philosophi
2056 3051 2086 3089 e
2113 3051 2156 3112 ς

501 3125 675 3179 sacris
701 3123 917 3178 litteris.
948 3121 1145 3178 Vidisti
1185 3139 1378 3192 pugnae
1407 3139 1472 3178 ac
1499 3125 1862 3179 certaminum
1899 3142 2081 3183 remu-

501 3217 862 3272 nerationem.
899 3214 1096 3270 Vidisti
1146 3231 1268 3285 quae
1318 3216 1404 3271 hic
1439 3215 1594 3272 facta:
1643 3230 1770 3273 sunt
1824 3235 1889 3274 ex
1923 3221 2080 3274 beata

501 3308 722 3376 Triade,
767 3324 871 3362 non
919 3324 982 3363 ex
1033 3309 1350 3379 operatione
1403 3308 1924 3367 demonstrationes.
1983 3312 2082 3370 Hic

500 3413 585 3458 est
630 3419 827 3458 sensus
871 3401 1152 3464 Ecclesiar,
1197 3401 1313 3457 haec
1358 3410 1505 3458 recte
1533 3405 1887 3459 sentientium
1923 3405 2079 3473 ﬁdes,

503 3495 889 3564 Aposmlorum
942 3495 1294 3566 praedicatio),
1338 3495 1562 3551 Patrum
1605 3497 1888 3567 dogmata,
1936 3515 2082 3552 mar-

505 3599 684 3656 tyrntn
727 3587 934 3650 caedes,
984 3585 1358 3641 confesSorum
1417 3587 1687 3653 facinora,
1733 3591 2078 3643 sacerdotum

504 3681 692 3744 decor,
727 3689 1117 3748 pt‘mcrptorum
1151 3679 1216 3733 de
1260 3679 1370 3733 Deo
1423 3679 1678 3734 scientia.
1711 3680 1919 3736 Cecidit
1963 3692 2082 3736 tuo-

507 3789 628 3827 rum
661 3773 976 3840 dogtnatmn
1004 3770 1245 3835 culmen,
1273 3771 1471 3826 domus
1503 3773 1716 3836 collisa,
1757 3770 2082 3828 fundamen-

504 3877 619 3918 tutn
658 3878 932 3926 eversum,
989 3877 1147 3932 sepes
1176 3871 1393 3925 exusta,
1429 3863 1593 3917 veluti
1622 3863 1787 3931 cinis,
1826 3872 1880 3917 et
1907 3864 2082 3934 pulvis

504 3967 535 4004 a
563 3951 779 4005 turbine
812 3959 901 4004 tua
951 3947 1293 4020 subterlugia
1327 3950 1614 4023 dissipata,
1665 3951 1806 4004 muri
1842 3951 2079 4020 disjecti,

505 4043 908 4112 propugnacula
944 4041 1170 4101 abolita,
1228 4042 1582 4112 funditusque
1632 4044 1894 4098 convulsa
1929 4053 2079 4100 sunt.

504 4133 644 4199 Quid
695 4143 749 4186 ιιι
795 4134 1111 4189 interimis?
1161 4149 1288 4187 nuut
1323 4135 1503 4188 verbis
1552 4134 1724 4198 hisce,
1789 4144 1845 4189 et
1883 4135 2081 4190 divinae

506 4225 803 4295 Scriptura:
841 4226 1166 4282 testimoniis
1213 4225 1506 4281 suaderis?
1539 4228 1585 4280 si
1617 4226 1937 4292 suademus,
1973 4228 2080 4283 Deo

504 4319 694 4384 gratiae
741 4315 1004 4370 habendae
1059 4324 1211 4380 sunt,
1265 4315 1358 4383 qui
1409 4316 1728 4384 desperatos
1777 4316 1846 4370 ab
1892 4333 2079 4373 errore

2183 456 2274 510 sed
2305 469 2414 509 non
2457 452 2813 508 obliviscetur
2860 453 2913 506 in
2961 453 3120 507 finem
3169 453 3428 523 pauperis,
3473 469 3696 524 pauperes

2180 547 2326 604 enim
2354 545 2480 602 facti
2505 562 2720 612 sumus,
2741 555 2795 602 et
2817 545 3016 602 divinae
3041 546 3245 616 gratiae,
3269 547 3312 601 si
3334 562 3546 616 usquam
3569 550 3695 612 alias,

2181 649 2399 709 propter
2421 649 2605 695 nostra
2630 647 2873 709 peccata,
2899 639 3089 708 indigi.
3114 638 3250 694 Audi
3279 640 3450 710 itaque
3474 655 3488 693 :
3514 640 3557 694 Ι.
3583 640 3696 696 Cum

2184 731 2328 787 dicis
2362 730 2597 787 Deitates
2639 733 2849 786 infinite
2880 732 3139 792 infinitas.
3171 747 3292 786 cum
3323 733 3589 798 gentilibus
3607 751 3701 788 om-

2183 823 2344 876 nibus
2377 822 2736 878 eonsociaris.
2794 822 2850 876 2.
2887 823 3020 877 Cum
3049 823 3205 886 dicis,
3241 823 3371 880 dnas
3403 823 3609 880 Deitates
3632 828 3701 880 vi-

2183 913 2394 969 sibilem
2425 924 2478 970 et
2508 914 2862 983 invisibilem,
2893 916 3425 984 comprehensibilem
3451 928 3498 971 et
3527 917 3701 972 incom-

2184 1006 2606 1074 prehensibilem
2637 1006 2825 1071 Deum,
2855 1008 2908 1066 in
2935 1008 3122 1062 eadem
3149 1023 3270 1062 enm
3292 1008 3501 1063 Platone
3523 1021 3706 1066 senten-

2185 1099 2254 1150 tia
2282 1112 2363 1163 es,
2387 1099 2480 1167 qni
2502 1100 2695 1153 asserit
2717 1100 2855 1154 duos
2875 1099 3030 1167 deos,
3067 1099 3289 1155 landum
3331 1101 3705 1172 uelandumque,

2182 1188 2450 1244 visibilem
2475 1198 2530 1245 et
2568 1190 2916 1245 invisibile'u.
2941 1193 2993 1246 '5.
3023 1191 3154 1246 Cum
3180 1193 3316 1248 dicis
3335 1194 3462 1248 diris
3485 1194 3706 1260 Deitates.

2183 1280 2693 1336 commnnicabilem
2713 1323 2727 1348 ,
2758 1291 2810 1338 et
2845 1283 3409 1338 incommunicabilem
3431 1328 3445 1350 ,
3471 1285 3520 1339 in
3548 1287 3708 1341 eadem

2183 1388 2306 1426 cum
2340 1371 2654 1428 Mauiehwis
2687 1376 2945 1444 Opinione
2969 1391 3051 1440 es,
3087 1376 3183 1446 qui
3213 1376 3347 1431 duas
3375 1376 3604 1446 Deitates,
3633 1378 3712 1431 bo-

2184 1478 2310 1517 nam
2351 1475 2403 1518 et
2453 1465 2649 1519 malam
2700 1465 3013 1522 adstruunt.
3070 1468 3123 1521 4.
3173 1468 3309 1522 Cum
3357 1468 3406 1522 in
3462 1468 3712 1526 Divinitate

2186 1566 2419 1624 quatuor
2448 1570 2643 1626 ponas,
2671 1555 2911 1620 Patrem,
2946 1556 3165 1621 Filium,
3192 1559 3468 1630 Spiritum,
3489 1572 3535 1614 et
3549 1576 3713 1630 opera-

2189 1647 2415 1711 tionem,
2458 1663 2582 1701 cum
2629 1648 2931 1718 Pythagora
2965 1651 3158 1712 sentis.
3187 1651 3279 1720 qui
3315 1665 3535 1720 quatuor
3569 1650 3710 1706 Deum

2185 1753 2306 1794 esse
2338 1723 2637 1811 asseverat,
2664 1742 3032 1811 enunciatque
3056 1745 3464 1812 quaterniouem
3488 1744 3708 1811 perennis

2185 1841 2391 1885 natura:
2423 1831 2650 1887 fontem.
2682 1833 2734 1888 5.
2767 1832 2902 1888 Cum
2935 1834 3017 1888 ais
3046 1835 3323 1889 hominem
3358 1835 3646 1900 increatum,
3669 1846 3713 1892 et

2185 1922 2306 1977 sine
2347 1923 2615 1993 principio
2652 1933 2704 1978 et
2734 1924 2859 1988 fine,
2891 1925 3242 1981 Aristotelem
3273 1941 3381 1996 pra:
3409 1938 3457 1982 te
3488 1926 3604 1994 fers,
3636 1927 3711 1996 qui

2187 2012 2450 2066 mundum
2477 2014 2664 2068 statuit
2685 2014 2802 2068 sine
2826 2014 3094 2084 principio
3113 2025 3167 2072 et
3210 2016 3333 2072 line.
3355 2016 3407 2072 6.
3434 2015 3554 2070 Dum
3577 2033 3709 2071 unam
3753 2027 3758 2030 ‘

2192 2103 2450 2158 Deitatem
2488 2105 2540 2158 in
2579 2106 2913 2174 superiorem
2946 2117 3000 2162 et
3031 2107 3350 2164 inferiorem
3383 2109 3582 2173 dividis,
3609 2125 3709 2163 cum

2196 2193 2472 2248 insensato
2503 2197 2634 2249 Ario
2666 2196 2926 2262 allirmas,
2957 2213 3188 2268 compar
3215 2200 3526 2270 principium
3561 2199 3711 2262 unius.

2189 2287 2524 2356 aequalisque
2577 2288 2818 2354 Deitatis,
2865 2290 2916 2342 in
2969 2291 3228 2359 superius
3274 2291 3586 2362 iuferiusque
3619 2291 3712 2346 dis-

2189 2367 2387 2448 cerpis.
2417 2379 2468 2437 7.
2501 2381 2633 2434 Cum
2663 2397 2850 2438 omnes
2878 2383 3117 2453 Spiritus
3147 2386 3511 2455 operationes,
3539 2385 3587 2440 in
3609 2397 3714 2455 ope-

2188 2470 2455 2526 rationem
2497 2471 2828 2538 iuferiorem,
2877 2491 3069 2545 nempe
3116 2475 3382 2532 Deitatem
3427 2477 3630 2547 accipis,
3670 2484 3712 2531 et

2192 2561 2454 2633 Spiritum
2500 2566 2841 2634 Operatioue,
2894 2582 3045 2646 aeque
3089 2583 3155 2623 ac
3207 2579 3497 2624 creaturam
3543 2567 3711 2638 privas.

2194 2671 2300 2709 non
2351 2657 2618 2711 absimilis
2667 2674 2721 2712 es
2777 2657 3012 2728 Spiritus
3055 2661 3207 2716 hosti
3263 2662 3554 2718 Macedonio
3594 2657 3714 2714 alitr-

2193 2748 2386 2814 manti,
2413 2750 2824 2806 sanctissimum
2862 2752 3124 2821 Spiritum
3156 2755 3281 2810 sine
3306 2755 3594 2824 operatione
3616 2765 3712 2807 esse

2191 2853 2410 2892 servum
2447 2839 2692 2911 ejusdem
2752 2858 2872 2897 cum
2931 2843 3094 2898 Patre
3148 2855 3213 2902 ct
3273 2845 3406 2900 Filio
3462 2845 3711 2900 facultatis.

2195 2929 2249 2986 8.
2292 2930 2426 2984 Cum
2458 2931 2744 2987 dissimilia
2776 2933 2831 2987 in
2866 2935 3122 3004 simplici,
3160 2952 3294 3002 una,
3320 2953 3381 2992 ac
3412 2939 3513 2991 sola
3543 2937 3713 2989 Deitate

2191 3023 2494 3078 introducis
2521 3063 2536 3088 ,
2573 3024 2789 3081 visibile
2831 3037 2885 3081 et
2927 3028 3240 3094 invisibile,
3275 3027 3710 3098 comprehensibile

2188 3125 2242 3170 et
2274 3116 2844 3186 incomprehensibile,
2880 3121 3344 3178 communicabile
3374 3133 3424 3177 et
3454 3123 3712 3176 incommu-

2187 3207 2438 3272 nieabile,
2492 3209 2664 3280 magis
2713 3221 2768 3266 et
2818 3211 3021 3274 minus.
3071 3216 3285 3271 asseris
3331 3231 3446 3271 cum
3486 3213 3708 3268 Eunomia

2187 3314 2355 3353 unum
2392 3297 2608 3357 Triadis
2654 3301 2933 3358 Christum
2985 3303 3288 3362 Dominum
3337 3306 3476 3362 Patri
3514 3307 3709 3376 inaequa-

2189 3391 2314 3444 lem.
2344 3390 2395 3447 9.
2430 3392 2566 3446 Cum
2599 3395 2904 3462 contrahis,
2943 3405 2997 3450 et
3031 3397 3296 3454 decurtas
3349 3399 3399 3454 iu
3436 3413 3580 3454 unam
3620 3404 3704 3448 tres

2187 3481 2498 3540 Divinitatis
2519 3501 2803 3556 personas,
2833 3488 2899 3542 ah
2924 3487 3112 3558 eisque
3139 3495 3344 3547 asseris
3367 3490 3700 3562 operationem,

2185 3590 2290 3629 non
2323 3576 2533 3634 alienus
2569 3594 2627 3633 es
2660 3595 2690 3632 a
2736 3580 2970 3636 Sabellio
3001 3583 3096 3652 qui
3147 3595 3256 3639 tres
3287 3585 3476 3648 Patris,
3508 3581 3639 3644 Filii.
3665 3589 3706 3632 ει

2187 3666 2423 3736 Spiritus
2456 3673 2630 3726 sancti
2681 3687 2966 3742 personas,
3004 3674 3056 3728 iu
3094 3691 3258 3729 unam
3297 3676 3451 3744 impie
3487 3677 3702 3728 coarctat.

2185 3761 2271 3816 10.
2303 3762 2442 3818 Cum
2472 3765 2733 3834 majorem
2773 3769 3151 3836 mitioremque
3202 3769 3482 3831 Deitatem,
3517 3769 3705 3836 primam

2184 3867 2248 3907 ac
2271 3855 2565 3910 secundam
2603 3857 2895 3926 proﬁteris,
2929 3874 3052 3912 cum
3085 3861 3421 3929 Apollinario
3440 3876 3509 3922 es,
3540 3856 3616 3926 qni
3643 3856 3710 3905 in-

2184 3945 2492 4011 confusam,
2529 3956 2691 4017 atque
2721 3948 3194 4019 incorruptibilem
3219 3961 3499 4018 ,naturam,
3534 3949 3578 4001 in
3617 3945 3708 4014 pri-

2185 4051 2354 4100 mam,
2386 4046 2440 4090 et
2469 4040 2792 4105 secundam,
2815 4049 2868 4092 et
2893 4042 3105 4095 tertiam
3137 4059 3443 4112 personam,
3466 4041 3705 4109 majorem,

2186 4129 2478 4194 minorem,
2511 4141 2563 4185 et
2609 4131 2786 4186 adhuc
2825 4134 2974 4189 mino
3006 4150 3090 4188 ein
3140 4136 3452 4192 subdividit.
3488 4133 3563 4186 ll.
3597 4132 3708 4184 Cum

2184 4219 2350 4273 Deum
2383 4236 2449 4275 ex
2481 4223 2773 4281 contrariis
2805 4224 3135 4293 quibusdam
3175 4226 3476 4282 visibilibus
3515 4231 3561 4275 et
3594 4218 3710 4273 invi-

2189 4311 2466 4376 sila’libns,
2497 4315 3080 4381 compn-heusibilibus
3104 4327 3158 4371 et
3191 4307 3713 4385 incomprehensibili-

505 4408 794 4469 eonvertit,
836 4416 890 4460 et
940 4422 1048 4459 non
1079 4405 1191 4459 vult
1238 4416 1467 4460 mortem
1517 4408 1838 4474 peccatoris,
1887 4409 1981 4479 sed
2023 4421 2080 4464 ut
2112 4401 2157 4461 D
2187 4404 2308 4462 bus.
2343 4419 2545 4457 commt
2569 4406 2894 4461 n.Cal!lllbl|S
2919 4415 2974 4462 et
3005 4406 3617 4462 incommunicabilibus,
3639 4415 3711 4453 δυο

505 4506 876 4558 convertatur,
911 4504 966 4548 et
1005 4495 1188 4548 vivat:
1224 4499 1267 4550 si
1312 4510 1418 4548 non
1469 4497 1744 4560 suaderis,
1798 4509 1946 4553 tuum
1978 4500 2081 4554 erit

505 4586 688 4640 animo
718 4585 960 4649 volvere,
1020 4583 1071 4637 in
1117 4595 1270 4655 quot,
1303 4597 1356 4639 et
1405 4597 1640 4655 quantas
1673 4588 1904 4644 haereses
1946 4589 2080 4643 inci-

503 4682 623 4740 das,
649 4677 742 4745 qni
770 4676 1064 4733 animabus
1092 4688 1145 4730 et
1177 4676 1270 4731 Dei
1305 4676 1560 4732 Ecclesia:
1605 4693 1838 4746 praeesse
1870 4679 2082 4735 institu-

506 4783 594 4824 tus
641 4786 736 4836 es,
777 4769 1025 4839 judiciis,
1072 4784 1194 4839 quis
1257 4770 1547 4825 int-flabilis
1597 4770 1684 4825 ille
1719 4773 1905 4838 novit,
1959 4771 2082 4827 licet

504 4871 724 4930 propter
769 4861 914 4917 illius
964 4863 1186 4916 nimiam
1223 4864 1594 4927 tolerantiam,
1643 4862 1913 4930 Ecclesia,
1963 4864 2082 4919 ani-

502 4968 714 5022 maeque
740 4954 837 5007 tibi
870 4955 1200 5009 concredita:
1227 4971 1332 5008 non
1363 4955 1507 5008 sint.
1528 4955 1729 5009 Omnes
1759 4955 1941 5023 itaque
1971 4955 2080 5010 ha”.-

503 5059 653 5099 reses
681 5060 774 5102 Der
803 5055 1023 5100 sanctos
1054 5043 1242 5100 Patres
1272 5046 1435 5100 morti
1462 5045 1693 5108 traditae,
1729 5046 2076 5114 abnlitaeque,

503 5139 648 5192 sicea
689 5152 816 5194 ossa
863 5137 1084 5191 reddita:
1121 5147 1271 5202 sunt,
1315 5137 1524 5206 absque
1559 5137 1839 5200 carnibus,
1874 5139 2080 5204 nervis,

501 5229 822 5300 reliquaque
864 5244 1148 5298 compage,
1186 5242 1314 5282 ecce
1348 5238 1402 5280 tu
1448 5227 1563 5296 ipse
1594 5229 1950 5297 regeneratis,
1979 5222 2077 5283 in-

502 5323 871 5391 stauratisque
936 5321 1122 5376 stultis
1179 5319 1288 5373 tuis
1341 5319 1712 5390 dogmatibus,
1772 5322 2072 5390 Spiritum,

502 5431 763 5479 carnem,
814 5424 976 5484 atque
1026 5412 1404 5482 compaginem
1461 5412 1816 5481 impertiens,
1866 5413 2077 5481 viwns,

506 5514 841 5573 animattnn,
893 5517 947 5562 et
1004 5521 1062 5562 se
1111 5495 1338 5560 movens
1391 5520 1593 5577 corpus
1642 5506 1925 5563 cll'ecisti:
1984 5523 2082 5577 pro

506 5604 688 5656 anima
751 5601 978 5655 deorum
1031 5598 1435 5653 multitudinem
1493 5598 1742 5666 habens,
1794 5599 2078 5669 ct‘igncm

506 5699 765 5749 advctsus
792 5692 884 5748 l)ci
909 5691 1204 5749 Ecclesium
1225 5691 1462 5760 spirans,
1489 5689 1645 5760 cujus
1664 5689 2078 5749 fundamentum

2184 4496 2488 4564 periorilius
2537 4507 2591 4550 et
2630 4498 2983 4554 inferioribus
3043 4502 3356 4572 componis,
3412 4515 3528 4552 cum
3573 4489 3711 4547 Paulo

2185 4587 2545 4642 Samosatcno
2591 4592 2885 4653 convenis,
2933 4591 3100 4645 Deum
3149 4587 3506 4662 compositum
3563 4593 3714 4637 astru-

2186 4689 2330 4730 ente.
2369 4677 2456 4731 12.
2495 4676 2628 4732 Cum
2664 4681 2744 4734 ais
2778 4679 2870 4733 Dei
2906 4679 3208 4735 Ecclesiam
3245 4683 3296 4735 in
3337 4678 3528 4734 Christi
3557 4676 3713 4727 lucar-

2187 4769 2408 4824 nationc
2454 4771 2750 4841 perfectam
2792 4789 2970 4826 rerum
3019 4775 3445 4844 theologicarum
3485 4766 3714 4838 cognitio-

2187 4876 2308 4913 nem
2343 4876 2447 4914 non
2491 4862 2768 4928 habuisse,
2795 4863 2888 4917 sed
2929 4881 3072 4920 nunc
3096 4867 3437 4935 postmodum
3460 4873 3543 4917 tua
3562 4865 3714 4915 aetate.

2187 4967 2310 5005 cum
2345 4951 2556 5008 Manete
2587 4958 2914 5019 concordas,
2947 4957 3191 5025 seipsum
3221 4957 3542 5010 Paracletum
3587 4960 3713 5003 assc-

2187 5051 2380 5110 rente;
2412 5046 2614 5098 etenim
2662 5046 2706 5099 si
2744 5043 2964 5100 Christo
3001 5047 3286 5102 inearnato
3331 5063 3421 5118 per
3457 5057 3572 5099 eum
3616 5051 3715 5107 pcr-

2186 5131 2324 5190 fecte
2363 5134 2660 5204 theologica
2704 5152 2810 5189 non
2853 5152 3046 5192 sumus
3091 5138 3349 5202 assecuti,
3395 5135 3484 5192 sed
3517 5145 3598 5188 tuo
3628 5130 3713 5182 hoc

2185 5238 2322 5291 εει-ο,
2364 5225 2714 5280 manifestum
2759 5237 2986 5298 apparet
3018 5244 3185 5284 unum
3221 5227 3494 5283 Trinitatis
3524 5239 3571 5279 te
3591 5234 3710 5282 esse.

2184 5318 2520 5372 Paracletum
2545 5320 2778 5384 scilicet,
2793 5330 2846 5374 et
2867 5335 2988 5390 quae
3009 5322 3231 5377 deerant
3254 5319 3387 5375 Filio
3405 5315 3711 5386 adimplesse-

2187 5412 2272 5466 l3.
2295 5410 2430 5466 Cum
2457 5411 2728 5466 hominem
2759 5413 3060 5468 increatum
3086 5430 3207 5471 esse
3230 5411 3525 5472 contendis,
3551 5407 3708 5460 eadem

2185 5519 2302 5574 qua:
2329 5512 2382 5558 et
2418 5502 2784 5559 Monmhclitae
2826 5506 3008 5560 dicis:
3060 5505 3329 5574 siquidem
3358 5503 3402 5558 si
3449 5501 3594 5554 homo
3641 5499 3710 5545 in-

2185 5606 2404 5650 creatns
2437 5608 2544 5663 est,
2574 5606 2628 5651 et
2653 5613 2782 5652 caro
2811 5598 3028 5653 Domini
3069 5601 3336 5663 increata,
3368 5606 3419 5651 et
3447 5587 3710 5646 secundum

2187 5696 2483 5758 utrumque
2526 5690 2828 5756 increatus,
2878 5698 2932 5746 et
2985 5692 3200 5759 cadem,
3257 5700 3309 5746 ct
3345 5702 3442 5742 una
3475 5683 3712 5737 voluntas.
