  <div class='ocr_page' id='page_1' title='image "/cluster/home/n/w/nwhite01/storage/ocr_20150623/150/hvd.32044073498826/440.png"; bbox 0 0 3956 6194; ppageno 0'>
   <div class='ocr_carea' id='block_1_1' title="bbox 319 265 432 332">
    <p class='ocr_par' dir='ltr' id='par_1_1' title="bbox 319 265 432 332">
     <span class='ocr_line' id='line_1_1' title="bbox 319 265 432 332; baseline 0.097 -11"><span class='ocrx_word' id='word_1_1' title='bbox 319 265 432 332; x_wconf 67' lang='lat'><strong>51&#39;9</strong></span> 
     </span>
    </p>
   </div>
   <div class='ocr_carea' id='block_1_2' title="bbox 319 475 1892 544">
    <p class='ocr_par' dir='ltr' id='par_1_2' title="bbox 319 475 1892 544">
     <span class='ocr_line' id='line_1_2' title="bbox 319 475 1892 544; baseline -0.001 -14"><span class='ocrx_word' id='word_1_2' title='bbox 319 478 480 539; x_wconf 87' lang='lat' dir='ltr'><strong>sitis;</strong></span> <span class='ocrx_word' id='word_1_3' title='bbox 516 491 642 528; x_wconf 89' lang='lat' dir='ltr'><strong>nam</strong></span> <span class='ocrx_word' id='word_1_4' title='bbox 692 475 737 528; x_wconf 88' lang='lat' dir='ltr'><strong>si</strong></span> <span class='ocrx_word' id='word_1_5' title='bbox 789 477 950 531; x_wconf 88' lang='lat' dir='ltr'><strong>homo</strong></span> <span class='ocrx_word' id='word_1_6' title='bbox 983 477 1280 544; x_wconf 88' lang='lat' dir='ltr'><strong>increatus,</strong></span> <span class='ocrx_word' id='word_1_7' title='bbox 1314 487 1366 531; x_wconf 91' lang='lat' dir='ltr'><strong>et</strong></span> <span class='ocrx_word' id='word_1_8' title='bbox 1416 477 1680 532; x_wconf 86' lang='lat' dir='ltr'><strong>Dominus</strong></span> <span class='ocrx_word' id='word_1_9' title='bbox 1726 477 1892 531; x_wconf 80' lang='lat' dir='ltr'><strong>veluti</strong></span> 
     </span>
    </p>
   </div>
   <div class='ocr_carea' id='block_1_3' title="bbox 324 565 1900 629">
    <p class='ocr_par' dir='ltr' id='par_1_3' title="bbox 324 565 1900 629">
     <span class='ocr_line' id='line_1_3' title="bbox 324 565 1900 629; baseline 0.003 -10"><span class='ocrx_word' id='word_1_10' title='bbox 324 568 490 619; x_wconf 80' lang='lat' dir='ltr'><strong>Immo</strong></span> <span class='ocrx_word' id='word_1_11' title='bbox 548 565 860 629; x_wconf 82' lang='lat' dir='ltr'><strong>increatus,</strong></span> <span class='ocrx_word' id='word_1_12' title='bbox 931 574 985 620; x_wconf 86' lang='lat' dir='ltr'><strong>et</strong></span> <span class='ocrx_word' id='word_1_13' title='bbox 1049 565 1192 622; x_wconf 88' lang='lat' dir='ltr'><strong>Deus</strong></span> <span class='ocrx_word' id='word_1_14' title='bbox 1257 568 1532 622; x_wconf 82' lang='lat' dir='ltr'><strong>increatns</strong></span> <span class='ocrx_word' id='word_1_15' title='bbox 1597 568 1900 623; x_wconf 85' lang='lat' dir='ltr'><strong>secundum</strong></span> 
     </span>
    </p>
   </div>
   <div class='ocr_carea' id='block_1_4' title="bbox 322 657 1897 723">
    <p class='ocr_par' dir='ltr' id='par_1_4' title="bbox 322 657 1897 723">
     <span class='ocr_line' id='line_1_4' title="bbox 322 657 1897 723; baseline 0.003 -15"><span class='ocrx_word' id='word_1_16' title='bbox 322 665 618 723; x_wconf 88' lang='lat' dir='ltr'><strong>utrumque</strong></span> <span class='ocrx_word' id='word_1_17' title='bbox 671 657 834 710; x_wconf 89' lang='lat' dir='ltr'><strong>unius</strong></span> <span class='ocrx_word' id='word_1_18' title='bbox 897 666 1104 712; x_wconf 70' lang='lat' dir='ltr'><strong>natura:</strong></span> <span class='ocrx_word' id='word_1_19' title='bbox 1140 659 1412 712; x_wconf 62' lang='lat' dir='ltr'><strong>increatae.</strong></span> <span class='ocrx_word' id='word_1_20' title='bbox 1455 658 1630 712; x_wconf 72' lang='lat' dir='ltr'><strong>15.1n</strong></span> <span class='ocrx_word' id='word_1_21' title='bbox 1687 659 1789 712; x_wconf 91' lang='lat' dir='ltr'><strong>hoc</strong></span> <span class='ocrx_word' id='word_1_22' title='bbox 1832 659 1897 712; x_wconf 91' lang='lat' dir='ltr'><strong>ad</strong></span> 
     </span>
    </p>
   </div>
   <div class='ocr_carea' id='block_1_5' title="bbox 321 745 1899 814">
    <p class='ocr_par' dir='ltr' id='par_1_5' title="bbox 321 745 1899 814">
     <span class='ocr_line' id='line_1_5' title="bbox 321 745 1899 814; baseline 0 -12"><span class='ocrx_word' id='word_1_23' title='bbox 321 747 650 802; x_wconf 81' lang='lat' dir='ltr'><strong>sententiam</strong></span> <span class='ocrx_word' id='word_1_24' title='bbox 690 745 1215 814; x_wconf 79' lang='lat' dir='ltr'><strong>Tlteopascltitarum</strong></span> <span class='ocrx_word' id='word_1_25' title='bbox 1248 748 1502 812; x_wconf 78' lang='lat' dir='ltr'><strong>accedis;</strong></span> <span class='ocrx_word' id='word_1_26' title='bbox 1551 764 1675 802; x_wconf 90' lang='lat' dir='ltr'><strong>nam</strong></span> <span class='ocrx_word' id='word_1_27' title='bbox 1728 752 1772 803; x_wconf 91' lang='lat' dir='ltr'><strong>si</strong></span> <span class='ocrx_word' id='word_1_28' title='bbox 1818 749 1899 802; x_wconf 90' lang='lat' dir='ltr'><strong>iu-</strong></span> 
     </span>
    </p>
   </div>
   <div class='ocr_carea' id='block_1_6' title="bbox 324 838 1900 902">
    <p class='ocr_par' dir='ltr' id='par_1_6' title="bbox 324 838 1900 902">
     <span class='ocr_line' id='line_1_6' title="bbox 324 838 1900 902; baseline -0.001 -9"><span class='ocrx_word' id='word_1_29' title='bbox 324 849 546 893; x_wconf 88' lang='lat' dir='ltr'><strong>creatus</strong></span> <span class='ocrx_word' id='word_1_30' title='bbox 576 838 846 892; x_wconf 80' lang='lat' dir='ltr'><strong>Dominus</strong></span> <span class='ocrx_word' id='word_1_31' title='bbox 878 847 937 892; x_wconf 92' lang='lat' dir='ltr'><strong>ut</strong></span> <span class='ocrx_word' id='word_1_32' title='bbox 971 841 1152 902; x_wconf 88' lang='lat' dir='ltr'><strong>homo,</strong></span> <span class='ocrx_word' id='word_1_33' title='bbox 1183 850 1234 894; x_wconf 93' lang='lat' dir='ltr'><strong>et</strong></span> <span class='ocrx_word' id='word_1_34' title='bbox 1274 855 1380 893; x_wconf 89' lang='lat' dir='ltr'><strong>una</strong></span> <span class='ocrx_word' id='word_1_35' title='bbox 1411 847 1606 893; x_wconf 91' lang='lat' dir='ltr'><strong>natura</strong></span> <span class='ocrx_word' id='word_1_36' title='bbox 1633 840 1686 894; x_wconf 89' lang='lat' dir='ltr'><strong>in</strong></span> <span class='ocrx_word' id='word_1_37' title='bbox 1718 855 1784 894; x_wconf 91' lang='lat' dir='ltr'><strong>eo</strong></span> <span class='ocrx_word' id='word_1_38' title='bbox 1816 841 1900 893; x_wconf 85' lang='lat' dir='ltr'><strong>itt-</strong></span> 
     </span>
    </p>
   </div>
   <div class='ocr_carea' id='block_1_7' title="bbox 323 930 1899 999">
    <p class='ocr_par' dir='ltr' id='par_1_7' title="bbox 323 930 1899 999">
     <span class='ocr_line' id='line_1_7' title="bbox 323 930 1899 999; baseline 0.001 -15"><span class='ocrx_word' id='word_1_39' title='bbox 323 937 532 994; x_wconf 86' lang='lat' dir='ltr'><strong>creata,</strong></span> <span class='ocrx_word' id='word_1_40' title='bbox 574 931 690 999; x_wconf 92' lang='lat' dir='ltr'><strong>ipsa</strong></span> <span class='ocrx_word' id='word_1_41' title='bbox 742 939 936 984; x_wconf 89' lang='lat' dir='ltr'><strong>natura</strong></span> <span class='ocrx_word' id='word_1_42' title='bbox 973 930 1214 984; x_wconf 85' lang='lat' dir='ltr'><strong>increata</strong></span> <span class='ocrx_word' id='word_1_43' title='bbox 1255 930 1310 984; x_wconf 91' lang='lat' dir='ltr'><strong>in</strong></span> <span class='ocrx_word' id='word_1_44' title='bbox 1366 946 1529 993; x_wconf 71' lang='lat' dir='ltr'><strong>cruce</strong></span> <span class='ocrx_word' id='word_1_45' title='bbox 1580 945 1740 997; x_wconf 84' lang='lat' dir='ltr'><strong>passa</strong></span> <span class='ocrx_word' id='word_1_46' title='bbox 1795 940 1899 986; x_wconf 72' lang='lat' dir='ltr'><strong>est.</strong></span> 
     </span>
    </p>
   </div>
   <div class='ocr_carea' id='block_1_8' title="bbox 326 1019 1902 1090">
    <p class='ocr_par' dir='ltr' id='par_1_8' title="bbox 326 1019 1902 1090">
     <span class='ocr_line' id='line_1_8' title="bbox 326 1019 1902 1090; baseline 0.001 -16"><span class='ocrx_word' id='word_1_47' title='bbox 326 1020 418 1075; x_wconf 73' lang='grc'><strong>16.</strong></span> <span class='ocrx_word' id='word_1_48' title='bbox 455 1019 526 1074; x_wconf 85' lang='lat' dir='ltr'><strong>Es</strong></span> <span class='ocrx_word' id='word_1_49' title='bbox 561 1029 613 1072; x_wconf 87' lang='lat' dir='ltr'><strong>et</strong></span> <span class='ocrx_word' id='word_1_50' title='bbox 636 1021 687 1072; x_wconf 91' lang='lat' dir='ltr'><strong>in</strong></span> <span class='ocrx_word' id='word_1_51' title='bbox 713 1021 1324 1090; x_wconf 78' lang='lat' dir='ltr'><strong>Aphlltartodocitarutn</strong></span> <span class='ocrx_word' id='word_1_52' title='bbox 1355 1023 1546 1077; x_wconf 71' lang='lat' dir='ltr'><strong>haeresi</strong></span> <span class='ocrx_word' id='word_1_53' title='bbox 1575 1023 1823 1087; x_wconf 70' lang='lat' dir='ltr'><strong>;&#39;etettim</strong></span> <span class='ocrx_word' id='word_1_54' title='bbox 1855 1022 1902 1076; x_wconf 84' lang='lat' dir='ltr'><strong>si</strong></span> 
     </span>
    </p>
   </div>
   <div class='ocr_carea' id='block_1_9' title="bbox 322 1111 1905 1177">
    <p class='ocr_par' dir='ltr' id='par_1_9' title="bbox 322 1111 1905 1177">
     <span class='ocr_line' id='line_1_9' title="bbox 322 1111 1905 1177; baseline -0.001 -11"><span class='ocrx_word' id='word_1_55' title='bbox 322 1113 516 1167; x_wconf 72' lang='lat' dir='ltr'><strong>eadem</strong></span> <span class='ocrx_word' id='word_1_56' title='bbox 550 1122 765 1177; x_wconf 87' lang='lat' dir='ltr'><strong>natura,</strong></span> <span class='ocrx_word' id='word_1_57' title='bbox 799 1121 853 1166; x_wconf 92' lang='lat' dir='ltr'><strong>et</strong></span> <span class='ocrx_word' id='word_1_58' title='bbox 905 1128 1008 1166; x_wconf 87' lang='lat' dir='ltr'><strong>una</strong></span> <span class='ocrx_word' id='word_1_59' title='bbox 1047 1113 1102 1166; x_wconf 91' lang='lat' dir='ltr'><strong>in</strong></span> <span class='ocrx_word' id='word_1_60' title='bbox 1141 1111 1368 1166; x_wconf 86' lang='lat' dir='ltr'><strong>Domino</strong></span> <span class='ocrx_word' id='word_1_61' title='bbox 1417 1114 1682 1176; x_wconf 88' lang='lat' dir='ltr'><strong>incrcata,</strong></span> <span class='ocrx_word' id='word_1_62' title='bbox 1720 1122 1774 1166; x_wconf 91' lang='lat' dir='ltr'><strong>et</strong></span> <span class='ocrx_word' id='word_1_63' title='bbox 1818 1112 1905 1165; x_wconf 78' lang='lat' dir='ltr'><strong>in-</strong></span> 
     </span>
    </p>
   </div>
   <div class='ocr_carea' id='block_1_10' title="bbox 328 1206 1906 1279">
    <p class='ocr_par' dir='ltr' id='par_1_10' title="bbox 328 1206 1906 1279">
     <span class='ocr_line' id='line_1_10' title="bbox 328 1206 1906 1279; baseline -0.003 -15"><span class='ocrx_word' id='word_1_64' title='bbox 328 1207 702 1279; x_wconf 88' lang='lat' dir='ltr'><strong>corruptibilis</strong></span> <span class='ocrx_word' id='word_1_65' title='bbox 734 1209 786 1260; x_wconf 91' lang='lat' dir='ltr'><strong>in</strong></span> <span class='ocrx_word' id='word_1_66' title='bbox 817 1208 1073 1276; x_wconf 85' lang='lat' dir='ltr'><strong>passione</strong></span> <span class='ocrx_word' id='word_1_67' title='bbox 1112 1217 1166 1261; x_wconf 92' lang='lat' dir='ltr'><strong>et</strong></span> <span class='ocrx_word' id='word_1_68' title='bbox 1194 1223 1376 1262; x_wconf 85' lang='lat' dir='ltr'><strong>cruce.</strong></span> <span class='ocrx_word' id='word_1_69' title='bbox 1413 1208 1502 1262; x_wconf 80' lang='lat' dir='ltr'><strong>l7.</strong></span> <span class='ocrx_word' id='word_1_70' title='bbox 1531 1206 1716 1277; x_wconf 83' lang='lat' dir='ltr'><strong>Neque</strong></span> <span class='ocrx_word' id='word_1_71' title='bbox 1744 1206 1795 1260; x_wconf 91' lang='lat' dir='ltr'><strong>in</strong></span> <span class='ocrx_word' id='word_1_72' title='bbox 1842 1221 1906 1261; x_wconf 86' lang='lat' dir='ltr'><strong>eo</strong></span> 
     </span>
    </p>
   </div>
   <div class='ocr_carea' id='block_1_11' title="bbox 330 1297 1908 1364">
    <p class='ocr_par' dir='ltr' id='par_1_11' title="bbox 330 1297 1908 1364">
     <span class='ocr_line' id='line_1_11' title="bbox 330 1297 1908 1364; baseline -0.002 -7"><span class='ocrx_word' id='word_1_73' title='bbox 330 1301 520 1357; x_wconf 85' lang='lat' dir='ltr'><strong>diﬁ‘ers</strong></span> <span class='ocrx_word' id='word_1_74' title='bbox 565 1300 632 1354; x_wconf 84' lang='lat' dir='ltr'><strong>al)</strong></span> <span class='ocrx_word' id='word_1_75' title='bbox 679 1297 1068 1364; x_wconf 82' lang='lat' dir='ltr'><strong>lconoclastis;</strong></span> <span class='ocrx_word' id='word_1_76' title='bbox 1127 1316 1252 1354; x_wconf 91' lang='lat' dir='ltr'><strong>nam</strong></span> <span class='ocrx_word' id='word_1_77' title='bbox 1289 1301 1332 1355; x_wconf 88' lang='lat' dir='ltr'><strong>si</strong></span> <span class='ocrx_word' id='word_1_78' title='bbox 1381 1301 1656 1354; x_wconf 90' lang='lat' dir='ltr'><strong>increatus</strong></span> <span class='ocrx_word' id='word_1_79' title='bbox 1693 1309 1775 1355; x_wconf 89' lang='lat' dir='ltr'><strong>est</strong></span> <span class='ocrx_word' id='word_1_80' title='bbox 1804 1300 1908 1354; x_wconf 87' lang='lat' dir='ltr'><strong>Do-</strong></span> 
     </span>
    </p>
   </div>
   <div class='ocr_carea' id='block_1_12' title="bbox 333 1393 1907 1462">
    <p class='ocr_par' dir='ltr' id='par_1_12' title="bbox 333 1393 1907 1462">
     <span class='ocr_line' id='line_1_12' title="bbox 333 1393 1907 1462; baseline -0.003 -14"><span class='ocrx_word' id='word_1_81' title='bbox 333 1393 538 1455; x_wconf 87' lang='lat' dir='ltr'><strong>minus,</strong></span> <span class='ocrx_word' id='word_1_82' title='bbox 574 1400 636 1446; x_wconf 89' lang='lat' dir='ltr'><strong>ut</strong></span> <span class='ocrx_word' id='word_1_83' title='bbox 666 1393 848 1457; x_wconf 87' lang='lat' dir='ltr'><strong>homo,</strong></span> <span class='ocrx_word' id='word_1_84' title='bbox 874 1401 927 1446; x_wconf 88' lang='lat' dir='ltr'><strong>et</strong></span> <span class='ocrx_word' id='word_1_85' title='bbox 952 1393 1484 1461; x_wconf 73' lang='lat' dir='ltr'><strong>incircumscriptus,</strong></span> <span class='ocrx_word' id='word_1_86' title='bbox 1515 1400 1907 1462; x_wconf 69' lang='lat' dir='ltr'><strong>proptereaque</strong></span> 
     </span>
    </p>
   </div>
   <div class='ocr_carea' id='block_1_13' title="bbox 342 1482 1910 1553">
    <p class='ocr_par' dir='ltr' id='par_1_13' title="bbox 342 1482 1910 1553">
     <span class='ocr_line' id='line_1_13' title="bbox 342 1482 1910 1553; baseline -0.002 -16"><span class='ocrx_word' id='word_1_87' title='bbox 342 1499 438 1552; x_wconf 87' lang='lat' dir='ltr'><strong>per</strong></span> <span class='ocrx_word' id='word_1_88' title='bbox 477 1492 528 1536; x_wconf 90' lang='lat' dir='ltr'><strong>te</strong></span> <span class='ocrx_word' id='word_1_89' title='bbox 563 1498 742 1552; x_wconf 86' lang='lat' dir='ltr'><strong>neque</strong></span> <span class='ocrx_word' id='word_1_90' title='bbox 788 1483 1024 1553; x_wconf 84' lang='lat' dir='ltr'><strong>imagine</strong></span> <span class='ocrx_word' id='word_1_91' title='bbox 1069 1482 1455 1552; x_wconf 80' lang='lat' dir='ltr'><strong>exprimendus</strong></span> <span class='ocrx_word' id='word_1_92' title='bbox 1481 1493 1584 1544; x_wconf 87' lang='lat' dir='ltr'><strong>est,</strong></span> <span class='ocrx_word' id='word_1_93' title='bbox 1614 1484 1717 1536; x_wconf 87' lang='lat' dir='ltr'><strong>hoc</strong></span> <span class='ocrx_word' id='word_1_94' title='bbox 1749 1498 1910 1537; x_wconf 76' lang='lat' dir='ltr'><strong>vene-</strong></span> 
     </span>
    </p>
   </div>
   <div class='ocr_carea' id='block_1_14' title="bbox 332 1575 1910 1644">
    <p class='ocr_par' dir='ltr' id='par_1_14' title="bbox 332 1575 1910 1644">
     <span class='ocr_line' id='line_1_14' title="bbox 332 1575 1910 1644; baseline 0.001 -16"><span class='ocrx_word' id='word_1_95' title='bbox 332 1575 626 1628; x_wconf 79' lang='lat' dir='ltr'><strong>rantlarttm</strong></span> <span class='ocrx_word' id='word_1_96' title='bbox 681 1575 984 1644; x_wconf 81' lang='lat' dir='ltr'><strong>imaginum</strong></span> <span class='ocrx_word' id='word_1_97' title='bbox 1041 1575 1246 1629; x_wconf 79' lang='lat' dir='ltr'><strong>cultum</strong></span> <span class='ocrx_word' id='word_1_98' title='bbox 1303 1576 1564 1630; x_wconf 84' lang='lat' dir='ltr'><strong>tlestruis.</strong></span> <span class='ocrx_word' id='word_1_99' title='bbox 1612 1575 1910 1630; x_wconf 53' lang='lat' dir='ltr'><strong>i8.vFacis</strong></span> 
     </span>
    </p>
   </div>
   <div class='ocr_carea' id='block_1_15' title="bbox 330 1667 1911 1739">
    <p class='ocr_par' dir='ltr' id='par_1_15' title="bbox 330 1667 1911 1739">
     <span class='ocr_line' id='line_1_15' title="bbox 330 1667 1911 1739; baseline -0.001 -17"><span class='ocrx_word' id='word_1_100' title='bbox 330 1683 458 1722; x_wconf 81' lang='lat' dir='ltr'><strong>Cum</strong></span> <span class='ocrx_word' id='word_1_101' title='bbox 510 1667 854 1723; x_wconf 77' lang='lat' dir='ltr'><strong>Massalianis</strong></span> <span class='ocrx_word' id='word_1_102' title='bbox 902 1670 955 1722; x_wconf 89' lang='lat' dir='ltr'><strong>in</strong></span> <span class='ocrx_word' id='word_1_103' title='bbox 989 1670 1186 1739; x_wconf 88' lang='lat' dir='ltr'><strong>scipsis</strong></span> <span class='ocrx_word' id='word_1_104' title='bbox 1221 1669 1534 1723; x_wconf 77' lang='lat' dir='ltr'><strong>universam</strong></span> <span class='ocrx_word' id='word_1_105' title='bbox 1583 1667 1677 1723; x_wconf 85' lang='lat' dir='ltr'><strong>Dei</strong></span> <span class='ocrx_word' id='word_1_106' title='bbox 1724 1682 1911 1724; x_wconf 82' lang='lat' dir='ltr'><strong>essen-</strong></span> 
     </span>
    </p>
   </div>
   <div class='ocr_carea' id='block_1_16' title="bbox 331 1759 1910 1827">
    <p class='ocr_par' dir='ltr' id='par_1_16' title="bbox 331 1759 1910 1827">
     <span class='ocr_line' id='line_1_16' title="bbox 331 1759 1910 1827; baseline 0 -14"><span class='ocrx_word' id='word_1_107' title='bbox 331 1759 466 1813; x_wconf 82' lang='lat' dir='ltr'><strong>tiam</strong></span> <span class='ocrx_word' id='word_1_108' title='bbox 495 1760 695 1814; x_wconf 83' lang='lat' dir='ltr'><strong>habere</strong></span> <span class='ocrx_word' id='word_1_109' title='bbox 718 1759 1122 1814; x_wconf 67' lang='lat' dir='ltr'><strong>clamitantibus</strong></span> <span class='ocrx_word' id='word_1_110' title='bbox 1148 1778 1163 1827; x_wconf 91' lang='lat'><strong>;</strong></span> <span class='ocrx_word' id='word_1_111' title='bbox 1195 1761 1417 1824; x_wconf 89' lang='lat' dir='ltr'><strong>etenim,</strong></span> <span class='ocrx_word' id='word_1_112' title='bbox 1450 1761 1494 1814; x_wconf 93' lang='lat' dir='ltr'><strong>si</strong></span> <span class='ocrx_word' id='word_1_113' title='bbox 1531 1760 1805 1815; x_wconf 90' lang='lat' dir='ltr'><strong>increatus</strong></span> <span class='ocrx_word' id='word_1_114' title='bbox 1828 1770 1910 1814; x_wconf 89' lang='lat' dir='ltr'><strong>est</strong></span> 
     </span>
    </p>
   </div>
   <div class='ocr_carea' id='block_1_17' title="bbox 333 1850 1908 1921">
    <p class='ocr_par' dir='ltr' id='par_1_17' title="bbox 333 1850 1908 1921">
     <span class='ocr_line' id='line_1_17' title="bbox 333 1850 1908 1921; baseline 0 -17"><span class='ocrx_word' id='word_1_115' title='bbox 333 1850 504 1904; x_wconf 88' lang='lat' dir='ltr'><strong>homo</strong></span> <span class='ocrx_word' id='word_1_116' title='bbox 530 1862 582 1904; x_wconf 87' lang='lat' dir='ltr'><strong>et</strong></span> <span class='ocrx_word' id='word_1_117' title='bbox 611 1865 954 1920; x_wconf 78' lang='lat' dir='ltr'><strong>quaecunque</strong></span> <span class='ocrx_word' id='word_1_118' title='bbox 1006 1851 1241 1904; x_wconf 82' lang='lat' dir='ltr'><strong>divinam</strong></span> <span class='ocrx_word' id='word_1_119' title='bbox 1274 1862 1525 1906; x_wconf 89' lang='lat' dir='ltr'><strong>naturam</strong></span> <span class='ocrx_word' id='word_1_120' title='bbox 1563 1865 1908 1921; x_wconf 80' lang='lat' dir='ltr'><strong>consequun-</strong></span> 
     </span>
    </p>
   </div>
   <div class='ocr_carea' id='block_1_18' title="bbox 336 1941 1911 2010">
    <p class='ocr_par' dir='ltr' id='par_1_18' title="bbox 336 1941 1911 2010">
     <span class='ocr_line' id='line_1_18' title="bbox 336 1941 1911 2010; baseline 0.001 -15"><span class='ocrx_word' id='word_1_121' title='bbox 336 1951 449 2008; x_wconf 84' lang='lat' dir='ltr'><strong>tur,</strong></span> <span class='ocrx_word' id='word_1_122' title='bbox 487 1943 668 1994; x_wconf 84' lang='lat' dir='ltr'><strong>omnia</strong></span> <span class='ocrx_word' id='word_1_123' title='bbox 705 1957 798 2010; x_wconf 87' lang='lat' dir='ltr'><strong>per</strong></span> <span class='ocrx_word' id='word_1_124' title='bbox 838 1941 1070 2009; x_wconf 82' lang='lat' dir='ltr'><strong>gratiam</strong></span> <span class='ocrx_word' id='word_1_125' title='bbox 1125 1943 1365 1997; x_wconf 85' lang='lat' dir='ltr'><strong>increato</strong></span> <span class='ocrx_word' id='word_1_126' title='bbox 1401 1943 1696 2004; x_wconf 88' lang='lat' dir='ltr'><strong>accedunt,</strong></span> <span class='ocrx_word' id='word_1_127' title='bbox 1748 1945 1808 1996; x_wconf 90' lang='lat' dir='ltr'><strong>ﬁt</strong></span> <span class='ocrx_word' id='word_1_128' title='bbox 1856 1951 1911 1997; x_wconf 91' lang='lat' dir='ltr'><strong>et</strong></span> 
     </span>
    </p>
   </div>
   <div class='ocr_carea' id='block_1_19' title="bbox 335 2034 1912 2104">
    <p class='ocr_par' dir='ltr' id='par_1_19' title="bbox 335 2034 1912 2104">
     <span class='ocr_line' id='line_1_19' title="bbox 335 2034 1912 2104; baseline 0.003 -18"><span class='ocrx_word' id='word_1_129' title='bbox 335 2049 434 2104; x_wconf 90' lang='lat' dir='ltr'><strong>per</strong></span> <span class='ocrx_word' id='word_1_130' title='bbox 465 2043 515 2088; x_wconf 84' lang='lat' dir='ltr'><strong>te</strong></span> <span class='ocrx_word' id='word_1_131' title='bbox 546 2035 781 2088; x_wconf 83' lang='lat' dir='ltr'><strong>essentia</strong></span> <span class='ocrx_word' id='word_1_132' title='bbox 818 2034 932 2087; x_wconf 84' lang='lat' dir='ltr'><strong>Dei.</strong></span> <span class='ocrx_word' id='word_1_133' title='bbox 967 2035 1050 2091; x_wconf 77' lang='lat'><strong>19.</strong></span> <span class='ocrx_word' id='word_1_134' title='bbox 1088 2034 1222 2090; x_wconf 91' lang='lat' dir='ltr'><strong>Cum</strong></span> <span class='ocrx_word' id='word_1_135' title='bbox 1266 2036 1318 2090; x_wconf 92' lang='lat' dir='ltr'><strong>in</strong></span> <span class='ocrx_word' id='word_1_136' title='bbox 1355 2036 1566 2092; x_wconf 84' lang='lat' dir='ltr'><strong>Deitate</strong></span> <span class='ocrx_word' id='word_1_137' title='bbox 1599 2035 1740 2092; x_wconf 89' lang='lat' dir='ltr'><strong>duas</strong></span> <span class='ocrx_word' id='word_1_138' title='bbox 1784 2051 1912 2091; x_wconf 88' lang='lat' dir='ltr'><strong>cau-</strong></span> 
     </span>
    </p>
   </div>
   <div class='ocr_carea' id='block_1_20' title="bbox 334 2125 1912 2197">
    <p class='ocr_par' dir='ltr' id='par_1_20' title="bbox 334 2125 1912 2197">
     <span class='ocr_line' id='line_1_20' title="bbox 334 2125 1912 2197; baseline -0.001 -17"><span class='ocrx_word' id='word_1_139' title='bbox 334 2139 451 2190; x_wconf 81' lang='lat' dir='ltr'><strong>sas,</strong></span> <span class='ocrx_word' id='word_1_140' title='bbox 490 2132 543 2179; x_wconf 89' lang='lat' dir='ltr'><strong>et</strong></span> <span class='ocrx_word' id='word_1_141' title='bbox 574 2125 682 2179; x_wconf 93' lang='lat' dir='ltr'><strong>duo</strong></span> <span class='ocrx_word' id='word_1_142' title='bbox 709 2126 970 2196; x_wconf 63' lang='lat' dir='ltr'><strong>principia</strong></span> <span class='ocrx_word' id='word_1_143' title='bbox 1001 2125 1279 2192; x_wconf 89' lang='lat' dir='ltr'><strong>adstruas,</strong></span> <span class='ocrx_word' id='word_1_144' title='bbox 1322 2142 1543 2181; x_wconf 88' lang='lat' dir='ltr'><strong>causam</strong></span> <span class='ocrx_word' id='word_1_145' title='bbox 1591 2127 1810 2197; x_wconf 81' lang='lat' dir='ltr'><strong>quidem</strong></span> <span class='ocrx_word' id='word_1_146' title='bbox 1857 2131 1912 2180; x_wconf 86' lang='lat' dir='ltr'><strong>et</strong></span> 
     </span>
    </p>
   </div>
   <div class='ocr_carea' id='block_1_21' title="bbox 338 2215 1912 2288">
    <p class='ocr_par' dir='ltr' id='par_1_21' title="bbox 338 2215 1912 2288">
     <span class='ocr_line' id='line_1_21' title="bbox 338 2215 1912 2288; baseline 0 -19"><span class='ocrx_word' id='word_1_147' title='bbox 338 2216 631 2288; x_wconf 87' lang='lat' dir='ltr'><strong>pricipium</strong></span> <span class='ocrx_word' id='word_1_148' title='bbox 666 2215 813 2280; x_wconf 81' lang='lat' dir='ltr'><strong>Filii,</strong></span> <span class='ocrx_word' id='word_1_149' title='bbox 843 2227 897 2270; x_wconf 90' lang='lat' dir='ltr'><strong>et</strong></span> <span class='ocrx_word' id='word_1_150' title='bbox 924 2215 1161 2287; x_wconf 86' lang='lat' dir='ltr'><strong>Spiritus</strong></span> <span class='ocrx_word' id='word_1_151' title='bbox 1201 2216 1442 2279; x_wconf 86' lang='lat' dir='ltr'><strong>Patrem,</strong></span> <span class='ocrx_word' id='word_1_152' title='bbox 1489 2218 1590 2272; x_wconf 90' lang='lat' dir='ltr'><strong>tria</strong></span> <span class='ocrx_word' id='word_1_153' title='bbox 1623 2231 1750 2272; x_wconf 84' lang='lat' dir='ltr'><strong>vero</strong></span> <span class='ocrx_word' id='word_1_154' title='bbox 1780 2231 1912 2272; x_wconf 88' lang='lat' dir='ltr'><strong>cau-</strong></span> 
     </span>
    </p>
   </div>
   <div class='ocr_carea' id='block_1_22' title="bbox 336 2306 1911 2376">
    <p class='ocr_par' dir='ltr' id='par_1_22' title="bbox 336 2306 1911 2376">
     <span class='ocr_line' id='line_1_22' title="bbox 336 2306 1911 2376; baseline -0.002 -12"><span class='ocrx_word' id='word_1_155' title='bbox 336 2322 455 2364; x_wconf 87' lang='lat' dir='ltr'><strong>sam</strong></span> <span class='ocrx_word' id='word_1_156' title='bbox 502 2315 558 2360; x_wconf 92' lang='lat' dir='ltr'><strong>et</strong></span> <span class='ocrx_word' id='word_1_157' title='bbox 615 2306 946 2376; x_wconf 85' lang='lat' dir='ltr'><strong>principium</strong></span> <span class='ocrx_word' id='word_1_158' title='bbox 989 2307 1351 2375; x_wconf 87' lang='lat' dir='ltr'><strong>operationis,</strong></span> <span class='ocrx_word' id='word_1_159' title='bbox 1402 2321 1512 2360; x_wconf 90' lang='lat' dir='ltr'><strong>non</strong></span> <span class='ocrx_word' id='word_1_160' title='bbox 1570 2307 1831 2362; x_wconf 87' lang='lat' dir='ltr'><strong>abhorres</strong></span> <span class='ocrx_word' id='word_1_161' title='bbox 1881 2322 1911 2361; x_wconf 91' lang='lat' dir='ltr'><strong>a</strong></span> 
     </span>
    </p>
   </div>
   <div class='ocr_carea' id='block_1_23' title="bbox 337 2397 1912 2470">
    <p class='ocr_par' dir='ltr' id='par_1_23' title="bbox 337 2397 1912 2470">
     <span class='ocr_line' id='line_1_23' title="bbox 337 2397 1912 2470; baseline 0.001 -19"><span class='ocrx_word' id='word_1_162' title='bbox 337 2397 572 2462; x_wconf 82' lang='lat' dir='ltr'><strong>Latinis,</strong></span> <span class='ocrx_word' id='word_1_163' title='bbox 606 2398 658 2450; x_wconf 91' lang='lat' dir='ltr'><strong>in</strong></span> <span class='ocrx_word' id='word_1_164' title='bbox 700 2398 993 2452; x_wconf 86' lang='lat' dir='ltr'><strong>Divinitate</strong></span> <span class='ocrx_word' id='word_1_165' title='bbox 1018 2398 1153 2452; x_wconf 89' lang='lat' dir='ltr'><strong>duas</strong></span> <span class='ocrx_word' id='word_1_166' title='bbox 1181 2413 1400 2463; x_wconf 78' lang='lat' dir='ltr'><strong>causas,</strong></span> <span class='ocrx_word' id='word_1_167' title='bbox 1430 2408 1483 2452; x_wconf 91' lang='lat' dir='ltr'><strong>et</strong></span> <span class='ocrx_word' id='word_1_168' title='bbox 1511 2398 1618 2452; x_wconf 89' lang='lat' dir='ltr'><strong>duo</strong></span> <span class='ocrx_word' id='word_1_169' title='bbox 1649 2399 1912 2470; x_wconf 88' lang='lat' dir='ltr'><strong>principia</strong></span> 
     </span>
    </p>
   </div>
   <div class='ocr_carea' id='block_1_24' title="bbox 337 2478 1918 2558">
    <p class='ocr_par' dir='ltr' id='par_1_24' title="bbox 337 2478 1918 2558">
     <span class='ocr_line' id='line_1_24' title="bbox 337 2478 1918 2558; baseline 0.001 -17"><span class='ocrx_word' id='word_1_170' title='bbox 337 2488 706 2558; x_wconf 81' lang='lat' dir='ltr'><strong>ponentibus;</strong></span> <span class='ocrx_word' id='word_1_171' title='bbox 758 2503 922 2540; x_wconf 88' lang='lat' dir='ltr'><strong>unam</strong></span> <span class='ocrx_word' id='word_1_172' title='bbox 973 2501 1195 2542; x_wconf 85' lang='lat' dir='ltr'><strong>causam</strong></span> <span class='ocrx_word' id='word_1_173' title='bbox 1238 2485 1502 2550; x_wconf 49' lang='lat' dir='ltr'><strong>Filii,,£t</strong></span> <span class='ocrx_word' id='word_1_174' title='bbox 1542 2478 1778 2557; x_wconf 81' lang='lat' dir='ltr'><strong>Spiritus</strong></span> <span class='ocrx_word' id='word_1_175' title='bbox 1817 2488 1918 2543; x_wconf 59' lang='lat' dir='ltr'><strong>Pan</strong></span> 
     </span>
    </p>
   </div>
   <div class='ocr_carea' id='block_1_25' title="bbox 341 2570 1914 2645">
    <p class='ocr_par' dir='ltr' id='par_1_25' title="bbox 341 2570 1914 2645">
     <span class='ocr_line' id='line_1_25' title="bbox 341 2570 1914 2645; baseline 0.002 -16"><span class='ocrx_word' id='word_1_176' title='bbox 341 2587 504 2640; x_wconf 85' lang='lat' dir='ltr'><strong>trem,</strong></span> <span class='ocrx_word' id='word_1_177' title='bbox 532 2585 588 2629; x_wconf 90' lang='lat' dir='ltr'><strong>et</strong></span> <span class='ocrx_word' id='word_1_178' title='bbox 622 2574 784 2628; x_wconf 87' lang='lat' dir='ltr'><strong>aliam</strong></span> <span class='ocrx_word' id='word_1_179' title='bbox 815 2591 1038 2630; x_wconf 89' lang='lat' dir='ltr'><strong>causam</strong></span> <span class='ocrx_word' id='word_1_180' title='bbox 1071 2570 1580 2645; x_wconf 61' lang='lat' dir='ltr'><strong>Spiritus’P&#39;atrem,</strong></span> <span class='ocrx_word' id='word_1_181' title='bbox 1611 2585 1662 2630; x_wconf 92' lang='lat' dir='ltr'><strong>et</strong></span> <span class='ocrx_word' id='word_1_182' title='bbox 1694 2575 1914 2644; x_wconf 88' lang='lat' dir='ltr'><strong>Filium,</strong></span> 
     </span>
    </p>
   </div>
   <div class='ocr_carea' id='block_1_26' title="bbox 339 2651 1918 2737">
    <p class='ocr_par' dir='ltr' id='par_1_26' title="bbox 339 2651 1918 2737">
     <span class='ocr_line' id='line_1_26' title="bbox 339 2651 1918 2737; baseline 0.001 -16"><span class='ocrx_word' id='word_1_183' title='bbox 339 2680 566 2721; x_wconf 87' lang='lat' dir='ltr'><strong>causam</strong></span> <span class='ocrx_word' id='word_1_184' title='bbox 603 2675 657 2720; x_wconf 91' lang='lat' dir='ltr'><strong>et</strong></span> <span class='ocrx_word' id='word_1_185' title='bbox 703 2665 1059 2735; x_wconf 89' lang='lat' dir='ltr'><strong>principium,</strong></span> <span class='ocrx_word' id='word_1_186' title='bbox 1091 2665 1331 2730; x_wconf 86' lang='lat' dir='ltr'><strong>Patrem,</strong></span> <span class='ocrx_word' id='word_1_187' title='bbox 1367 2651 1587 2721; x_wconf 75' lang='lat' dir='ltr'><strong>causam</strong></span> <span class='ocrx_word' id='word_1_188' title='bbox 1621 2675 1674 2722; x_wconf 90' lang='lat' dir='ltr'><strong>et</strong></span> <span class='ocrx_word' id='word_1_189' title='bbox 1720 2667 1918 2737; x_wconf 88' lang='lat' dir='ltr'><strong>princi-</strong></span> 
     </span>
    </p>
   </div>
   <div class='ocr_carea' id='block_1_27' title="bbox 341 2759 1918 2831">
    <p class='ocr_par' dir='ltr' id='par_1_27' title="bbox 341 2759 1918 2831">
     <span class='ocr_line' id='line_1_27' title="bbox 341 2759 1918 2831; baseline 0.004 -20"><span class='ocrx_word' id='word_1_190' title='bbox 341 2761 491 2829; x_wconf 84' lang='lat' dir='ltr'><strong>pium</strong></span> <span class='ocrx_word' id='word_1_191' title='bbox 543 2759 757 2814; x_wconf 84' lang='lat' dir='ltr'><strong>Patrem</strong></span> <span class='ocrx_word' id='word_1_192' title='bbox 814 2773 870 2815; x_wconf 82' lang='lat' dir='ltr'><strong>et</strong></span> <span class='ocrx_word' id='word_1_193' title='bbox 913 2759 1131 2816; x_wconf 88' lang='lat' dir='ltr'><strong>Filium.</strong></span> <span class='ocrx_word' id='word_1_194' title='bbox 1197 2760 1318 2816; x_wconf 74' lang='lat' dir='ltr'><strong>Haec</strong></span> <span class='ocrx_word' id='word_1_195' title='bbox 1372 2762 1555 2831; x_wconf 83' lang='lat' dir='ltr'><strong>itaque</strong></span> <span class='ocrx_word' id='word_1_196' title='bbox 1589 2762 1768 2828; x_wconf 35' lang='lat' dir='ltr'><strong>,veluti</strong></span> <span class='ocrx_word' id='word_1_197' title='bbox 1819 2761 1918 2817; x_wconf 91' lang='lat' dir='ltr'><strong>do-</strong></span> 
     </span>
    </p>
   </div>
   <div class='ocr_carea' id='block_1_28' title="bbox 339 2852 1918 2924">
    <p class='ocr_par' dir='ltr' id='par_1_28' title="bbox 339 2852 1918 2924">
     <span class='ocr_line' id='line_1_28' title="bbox 339 2852 1918 2924; baseline 0.001 -18"><span class='ocrx_word' id='word_1_198' title='bbox 339 2861 521 2924; x_wconf 83' lang='lat' dir='ltr'><strong>gmata</strong></span> <span class='ocrx_word' id='word_1_199' title='bbox 550 2860 832 2914; x_wconf 84' lang='lat' dir='ltr'><strong>astruens,</strong></span> <span class='ocrx_word' id='word_1_200' title='bbox 881 2861 934 2906; x_wconf 88' lang='lat' dir='ltr'><strong>et</strong></span> <span class='ocrx_word' id='word_1_201' title='bbox 972 2855 1150 2921; x_wconf 87' lang='lat' dir='ltr'><strong>palam</strong></span> <span class='ocrx_word' id='word_1_202' title='bbox 1196 2852 1431 2907; x_wconf 90' lang='lat' dir='ltr'><strong>edocens</strong></span> <span class='ocrx_word' id='word_1_203' title='bbox 1481 2853 1573 2909; x_wconf 86' lang='lat' dir='ltr'><strong>Dei</strong></span> <span class='ocrx_word' id='word_1_204' title='bbox 1625 2854 1918 2908; x_wconf 82' lang='lat' dir='ltr'><strong>Ecelesiam</strong></span> 
     </span>
    </p>
   </div>
   <div class='ocr_carea' id='block_1_29' title="bbox 341 2941 1922 3012">
    <p class='ocr_par' dir='ltr' id='par_1_29' title="bbox 341 2941 1922 3012">
     <span class='ocr_line' id='line_1_29' title="bbox 341 2941 1922 3012; baseline 0.001 -16"><span class='ocrx_word' id='word_1_205' title='bbox 341 2941 632 3012; x_wconf 83' lang='lat' dir='ltr'><strong>perturbas</strong></span> <span class='ocrx_word' id='word_1_206' title='bbox 692 2941 952 3011; x_wconf 89' lang='lat' dir='ltr'><strong>paciﬁcus</strong></span> <span class='ocrx_word' id='word_1_207' title='bbox 997 2941 1192 3012; x_wconf 71' lang='lat' dir='ltr'><strong>praesul</strong></span> <span class='ocrx_word' id='word_1_208' title='bbox 1236 2951 1288 2996; x_wconf 89' lang='lat' dir='ltr'><strong>et</strong></span> <span class='ocrx_word' id='word_1_209' title='bbox 1326 2941 1534 3011; x_wconf 86' lang='lat' dir='ltr'><strong>paciﬁci</strong></span> <span class='ocrx_word' id='word_1_210' title='bbox 1574 2944 1922 2998; x_wconf 65' lang='lat' dir='ltr'><strong>auditorne-</strong></span> 
     </span>
    </p>
   </div>
   <div class='ocr_carea' id='block_1_30' title="bbox 340 3031 1920 3102">
    <p class='ocr_par' dir='ltr' id='par_1_30' title="bbox 340 3031 1920 3102">
     <span class='ocr_line' id='line_1_30' title="bbox 340 3031 1920 3102; baseline 0.002 -16"><span class='ocrx_word' id='word_1_211' title='bbox 340 3049 464 3087; x_wconf 87' lang='lat' dir='ltr'><strong>rum</strong></span> <span class='ocrx_word' id='word_1_212' title='bbox 475 3045 648 3086; x_wconf 84' lang='lat' dir='ltr'><strong>tamen</strong></span> <span class='ocrx_word' id='word_1_213' title='bbox 670 3032 910 3088; x_wconf 80' lang='lat' dir='ltr'><strong>funditus</strong></span> <span class='ocrx_word' id='word_1_214' title='bbox 929 3049 1031 3087; x_wconf 82' lang='lat' dir='ltr'><strong>non</strong></span> <span class='ocrx_word' id='word_1_215' title='bbox 1049 3041 1281 3087; x_wconf 83' lang='lat' dir='ltr'><strong>evertes.</strong></span> <span class='ocrx_word' id='word_1_216' title='bbox 1306 3031 1437 3086; x_wconf 88' lang='lat' dir='ltr'><strong>Fide</strong></span> <span class='ocrx_word' id='word_1_217' title='bbox 1451 3032 1593 3087; x_wconf 89' lang='lat' dir='ltr'><strong>enim</strong></span> <span class='ocrx_word' id='word_1_218' title='bbox 1613 3035 1807 3102; x_wconf 80' lang='lat' dir='ltr'><strong>dignus</strong></span> <span class='ocrx_word' id='word_1_219' title='bbox 1819 3045 1920 3096; x_wconf 90' lang='lat' dir='ltr'><strong>est.</strong></span> 
     </span>
    </p>
   </div>
   <div class='ocr_carea' id='block_1_31' title="bbox 343 3124 1923 3206">
    <p class='ocr_par' dir='ltr' id='par_1_31' title="bbox 343 3124 1923 3206">
     <span class='ocr_line' id='line_1_31' title="bbox 343 3124 1923 3206; baseline 0.001 -29"><span class='ocrx_word' id='word_1_220' title='bbox 343 3126 436 3194; x_wconf 89' lang='lat' dir='ltr'><strong>qui</strong></span> <span class='ocrx_word' id='word_1_221' title='bbox 455 3125 730 3194; x_wconf 88' lang='lat' dir='ltr'><strong>promisit,</strong></span> <span class='ocrx_word' id='word_1_222' title='bbox 756 3141 932 3196; x_wconf 90' lang='lat' dir='ltr'><strong>neque</strong></span> <span class='ocrx_word' id='word_1_223' title='bbox 950 3135 1131 3194; x_wconf 85' lang='lat' dir='ltr'><strong>portas</strong></span> <span class='ocrx_word' id='word_1_224' title='bbox 1151 3124 1309 3206; x_wconf 49' lang='lat' dir='ltr'><strong>iri-lori</strong></span> <span class='ocrx_word' id='word_1_225' title='bbox 1333 3125 1710 3194; x_wconf 70' lang='lat' dir='ltr'><strong>praevalituras</strong></span> <span class='ocrx_word' id='word_1_226' title='bbox 1732 3125 1923 3180; x_wconf 88' lang='lat' dir='ltr'><strong>adver-</strong></span> 
     </span>
    </p>
   </div>
   <div class='ocr_carea' id='block_1_32' title="bbox 344 3214 1924 3287">
    <p class='ocr_par' dir='ltr' id='par_1_32' title="bbox 344 3214 1924 3287">
     <span class='ocr_line' id='line_1_32' title="bbox 344 3214 1924 3287; baseline -0.002 -14"><span class='ocrx_word' id='word_1_227' title='bbox 344 3232 441 3273; x_wconf 88' lang='lat' dir='ltr'><strong>sus</strong></span> <span class='ocrx_word' id='word_1_228' title='bbox 467 3233 610 3280; x_wconf 88' lang='lat' dir='ltr'><strong>eam,</strong></span> <span class='ocrx_word' id='word_1_229' title='bbox 644 3233 816 3287; x_wconf 92' lang='lat' dir='ltr'><strong>neque</strong></span> <span class='ocrx_word' id='word_1_230' title='bbox 839 3218 1212 3272; x_wconf 73' lang='lat' dir='ltr'><strong>haereticorum</strong></span> <span class='ocrx_word' id='word_1_231' title='bbox 1239 3231 1334 3270; x_wconf 86' lang='lat' dir='ltr'><strong>ora</strong></span> <span class='ocrx_word' id='word_1_232' title='bbox 1358 3214 1656 3271; x_wconf 70' lang='lat' dir='ltr'><strong>eﬁ&#39;raenata.</strong></span> <span class='ocrx_word' id='word_1_233' title='bbox 1684 3215 1762 3271; x_wconf 84' lang='lat' dir='ltr'><strong>Ne</strong></span> <span class='ocrx_word' id='word_1_234' title='bbox 1777 3216 1924 3271; x_wconf 80' lang='lat' dir='ltr'><strong>exal-</strong></span> 
     </span>
    </p>
   </div>
   <div class='ocr_carea' id='block_1_33' title="bbox 345 3309 1927 3380">
    <p class='ocr_par' dir='ltr' id='par_1_33' title="bbox 345 3309 1927 3380">
     <span class='ocr_line' id='line_1_33' title="bbox 345 3309 1927 3380; baseline -0.002 -14"><span class='ocrx_word' id='word_1_235' title='bbox 345 3312 598 3366; x_wconf 77' lang='lat' dir='ltr'><strong>teuturin</strong></span> <span class='ocrx_word' id='word_1_236' title='bbox 618 3311 952 3378; x_wconf 81' lang='lat' dir='ltr'><strong>semetipsis,</strong></span> <span class='ocrx_word' id='word_1_237' title='bbox 982 3310 1075 3380; x_wconf 86' lang='lat' dir='ltr'><strong>qui</strong></span> <span class='ocrx_word' id='word_1_238' title='bbox 1103 3320 1447 3379; x_wconf 78' lang='lat' dir='ltr'><strong>exasperant.</strong></span> <span class='ocrx_word' id='word_1_239' title='bbox 1477 3309 1728 3364; x_wconf 89' lang='lat' dir='ltr'><strong>Aliorum</strong></span> <span class='ocrx_word' id='word_1_240' title='bbox 1761 3309 1927 3363; x_wconf 80' lang='lat' dir='ltr'><strong>infor-</strong></span> 
     </span>
    </p>
   </div>
   <div class='ocr_carea' id='block_1_34' title="bbox 344 3401 1926 3473">
    <p class='ocr_par' dir='ltr' id='par_1_34' title="bbox 344 3401 1926 3473">
     <span class='ocr_line' id='line_1_34' title="bbox 344 3401 1926 3473; baseline 0.001 -16"><span class='ocrx_word' id='word_1_241' title='bbox 344 3403 492 3457; x_wconf 87' lang='lat' dir='ltr'><strong>tuuis</strong></span> <span class='ocrx_word' id='word_1_242' title='bbox 504 3402 733 3467; x_wconf 89' lang='lat' dir='ltr'><strong>discant,</strong></span> <span class='ocrx_word' id='word_1_243' title='bbox 751 3411 1088 3470; x_wconf 72' lang='lat' dir='ltr'><strong>nccmortem</strong></span> <span class='ocrx_word' id='word_1_244' title='bbox 1101 3403 1349 3466; x_wconf 85' lang='lat' dir='ltr'><strong>subeant,</strong></span> <span class='ocrx_word' id='word_1_245' title='bbox 1368 3401 1568 3456; x_wconf 90' lang='lat' dir='ltr'><strong>dictum</strong></span> <span class='ocrx_word' id='word_1_246' title='bbox 1587 3401 1926 3473; x_wconf 84' lang='lat' dir='ltr'><strong>estGregorii</strong></span> 
     </span>
    </p>
   </div>
   <div class='ocr_carea' id='block_1_35' title="bbox 343 3491 1927 3562">
    <p class='ocr_par' dir='ltr' id='par_1_35' title="bbox 343 3491 1927 3562">
     <span class='ocr_line' id='line_1_35' title="bbox 343 3491 1927 3562; baseline 0.003 -16"><span class='ocrx_word' id='word_1_247' title='bbox 343 3491 630 3562; x_wconf 83' lang='lat' dir='ltr'><strong>Theologi;</strong></span> <span class='ocrx_word' id='word_1_248' title='bbox 655 3507 830 3562; x_wconf 89' lang='lat' dir='ltr'><strong>neque</strong></span> <span class='ocrx_word' id='word_1_249' title='bbox 843 3491 985 3546; x_wconf 90' lang='lat' dir='ltr'><strong>enim</strong></span> <span class='ocrx_word' id='word_1_250' title='bbox 1001 3505 1184 3546; x_wconf 88' lang='lat' dir='ltr'><strong>moras</strong></span> <span class='ocrx_word' id='word_1_251' title='bbox 1197 3491 1430 3561; x_wconf 86' lang='lat' dir='ltr'><strong>ponetad</strong></span> <span class='ocrx_word' id='word_1_252' title='bbox 1445 3492 1807 3548; x_wconf 82' lang='lat' dir='ltr'><strong>abscindenda</strong></span> <span class='ocrx_word' id='word_1_253' title='bbox 1820 3495 1927 3550; x_wconf 72' lang='lat' dir='ltr'><strong>hte—</strong></span> 
     </span>
    </p>
   </div>
   <div class='ocr_carea' id='block_1_36' title="bbox 347 3583 1928 3655">
    <p class='ocr_par' dir='ltr' id='par_1_36' title="bbox 347 3583 1928 3655">
     <span class='ocr_line' id='line_1_36' title="bbox 347 3583 1928 3655; baseline 0.001 -17"><span class='ocrx_word' id='word_1_254' title='bbox 347 3587 639 3639; x_wconf 85' lang='lat' dir='ltr'><strong>reticorum</strong></span> <span class='ocrx_word' id='word_1_255' title='bbox 667 3586 869 3655; x_wconf 80' lang='lat' dir='ltr'><strong>capita,</strong></span> <span class='ocrx_word' id='word_1_256' title='bbox 907 3583 1177 3639; x_wconf 70' lang='lat' dir='ltr'><strong>Ecclesias</strong></span> <span class='ocrx_word' id='word_1_257' title='bbox 1199 3584 1292 3647; x_wconf 87' lang='lat' dir='ltr'><strong>Dei</strong></span> <span class='ocrx_word' id='word_1_258' title='bbox 1326 3584 1840 3650; x_wconf 90' lang='lat' dir='ltr'><strong>interturbantium,</strong></span> <span class='ocrx_word' id='word_1_259' title='bbox 1874 3595 1928 3640; x_wconf 90' lang='lat' dir='ltr'><strong>et</strong></span> 
     </span>
    </p>
   </div>
   <div class='ocr_carea' id='block_1_37' title="bbox 347 3675 1924 3743">
    <p class='ocr_par' dir='ltr' id='par_1_37' title="bbox 347 3675 1924 3743">
     <span class='ocr_line' id='line_1_37' title="bbox 347 3675 1924 3743; baseline 0.001 -13"><span class='ocrx_word' id='word_1_260' title='bbox 347 3694 511 3731; x_wconf 81' lang='lat' dir='ltr'><strong>unam</strong></span> <span class='ocrx_word' id='word_1_261' title='bbox 530 3677 792 3733; x_wconf 88' lang='lat' dir='ltr'><strong>Deitatem</strong></span> <span class='ocrx_word' id='word_1_262' title='bbox 817 3678 872 3732; x_wconf 91' lang='lat' dir='ltr'><strong>in</strong></span> <span class='ocrx_word' id='word_1_263' title='bbox 897 3678 1033 3733; x_wconf 89' lang='lat' dir='ltr'><strong>duas</strong></span> <span class='ocrx_word' id='word_1_264' title='bbox 1055 3675 1433 3740; x_wconf 85' lang='lat' dir='ltr'><strong>dividentium,</strong></span> <span class='ocrx_word' id='word_1_265' title='bbox 1451 3675 1693 3732; x_wconf 85' lang='lat' dir='ltr'><strong>abscissa</strong></span> <span class='ocrx_word' id='word_1_266' title='bbox 1714 3675 1892 3732; x_wconf 82' lang='lat' dir='ltr'><strong>Deitas</strong></span> <span class='ocrx_word' id='word_1_267' title='bbox 1907 3717 1924 3743; x_wconf 93' lang='lat'><strong>,</strong></span> 
     </span>
    </p>
   </div>
   <div class='ocr_carea' id='block_1_38' title="bbox 348 3764 1926 3837">
    <p class='ocr_par' dir='ltr' id='par_1_38' title="bbox 348 3764 1926 3837">
     <span class='ocr_line' id='line_1_38' title="bbox 348 3764 1926 3837; baseline 0.001 -18"><span class='ocrx_word' id='word_1_268' title='bbox 348 3767 695 3837; x_wconf 86' lang='lat' dir='ltr'><strong>pessimeque</strong></span> <span class='ocrx_word' id='word_1_269' title='bbox 715 3769 886 3822; x_wconf 82' lang='lat' dir='ltr'><strong>divisa</strong></span> <span class='ocrx_word' id='word_1_270' title='bbox 911 3768 963 3821; x_wconf 94' lang='lat' dir='ltr'><strong>in</strong></span> <span class='ocrx_word' id='word_1_271' title='bbox 992 3766 1172 3836; x_wconf 83' lang='lat' dir='ltr'><strong>majus</strong></span> <span class='ocrx_word' id='word_1_272' title='bbox 1189 3776 1246 3821; x_wconf 91' lang='lat' dir='ltr'><strong>et</strong></span> <span class='ocrx_word' id='word_1_273' title='bbox 1270 3769 1468 3830; x_wconf 89' lang='lat' dir='ltr'><strong>minus,</strong></span> <span class='ocrx_word' id='word_1_274' title='bbox 1490 3764 1704 3821; x_wconf 88' lang='lat' dir='ltr'><strong>visibile</strong></span> <span class='ocrx_word' id='word_1_275' title='bbox 1718 3775 1772 3822; x_wconf 90' lang='lat' dir='ltr'><strong>et</strong></span> <span class='ocrx_word' id='word_1_276' title='bbox 1788 3766 1926 3821; x_wconf 84' lang='lat' dir='ltr'><strong>invi-</strong></span> 
     </span>
    </p>
   </div>
   <div class='ocr_carea' id='block_1_39' title="bbox 350 3855 1925 3922">
    <p class='ocr_par' dir='ltr' id='par_1_39' title="bbox 350 3855 1925 3922">
     <span class='ocr_line' id='line_1_39' title="bbox 350 3855 1925 3922; baseline -0.002 -9"><span class='ocrx_word' id='word_1_277' title='bbox 350 3859 545 3922; x_wconf 85' lang='lat' dir='ltr'><strong>sibile,</strong></span> <span class='ocrx_word' id='word_1_278' title='bbox 600 3859 1055 3914; x_wconf 87' lang='lat' dir='ltr'><strong>communicabile</strong></span> <span class='ocrx_word' id='word_1_279' title='bbox 1104 3867 1157 3912; x_wconf 88' lang='lat' dir='ltr'><strong>et</strong></span> <span class='ocrx_word' id='word_1_280' title='bbox 1195 3855 1730 3912; x_wconf 88' lang='lat' dir='ltr'><strong>incommunicabile.</strong></span> <span class='ocrx_word' id='word_1_281' title='bbox 1778 3855 1925 3911; x_wconf 85' lang='lat' dir='ltr'><strong>Licet</strong></span> 
     </span>
    </p>
   </div>
   <div class='ocr_carea' id='block_1_40' title="bbox 351 3949 1928 4021">
    <p class='ocr_par' dir='ltr' id='par_1_40' title="bbox 351 3949 1928 4021">
     <span class='ocr_line' id='line_1_40' title="bbox 351 3949 1928 4021; baseline -0.001 -17"><span class='ocrx_word' id='word_1_282' title='bbox 351 3954 498 4006; x_wconf 84' lang='lat' dir='ltr'><strong>cuitu</strong></span> <span class='ocrx_word' id='word_1_283' title='bbox 536 3962 754 4021; x_wconf 84' lang='lat' dir='ltr'><strong>propter</strong></span> <span class='ocrx_word' id='word_1_284' title='bbox 784 3951 1093 4019; x_wconf 88' lang='lat' dir='ltr'><strong>iniquitates</strong></span> <span class='ocrx_word' id='word_1_285' title='bbox 1121 3958 1336 4003; x_wconf 82' lang='lat' dir='ltr'><strong>nostras</strong></span> <span class='ocrx_word' id='word_1_286' title='bbox 1367 3949 1666 4010; x_wconf 77' lang='lat' dir='ltr'><strong>tradantur,</strong></span> <span class='ocrx_word' id='word_1_287' title='bbox 1697 3962 1928 4016; x_wconf 88' lang='lat' dir='ltr'><strong>namque</strong></span> 
     </span>
    </p>
   </div>
   <div class='ocr_carea' id='block_1_41' title="bbox 354 4038 1924 4111">
    <p class='ocr_par' dir='ltr' id='par_1_41' title="bbox 354 4038 1924 4111">
     <span class='ocr_line' id='line_1_41' title="bbox 354 4038 1924 4111; baseline -0.003 -14"><span class='ocrx_word' id='word_1_288' title='bbox 354 4043 813 4111; x_wconf 76' lang='lat' dir='ltr'><strong>quemadmodum</strong></span> <span class='ocrx_word' id='word_1_289' title='bbox 845 4042 1007 4095; x_wconf 81' lang='lat' dir='ltr'><strong>rebus</strong></span> <span class='ocrx_word' id='word_1_290' title='bbox 1047 4039 1209 4094; x_wconf 88' lang='lat' dir='ltr'><strong>etiam</strong></span> <span class='ocrx_word' id='word_1_291' title='bbox 1239 4039 1291 4092; x_wconf 92' lang='lat' dir='ltr'><strong>in</strong></span> <span class='ocrx_word' id='word_1_292' title='bbox 1329 4039 1451 4093; x_wconf 91' lang='lat' dir='ltr'><strong>aliis</strong></span> <span class='ocrx_word' id='word_1_293' title='bbox 1494 4038 1674 4092; x_wconf 83' lang='lat' dir='ltr'><strong>traditi</strong></span> <span class='ocrx_word' id='word_1_294' title='bbox 1716 4053 1924 4104; x_wconf 90' lang='lat' dir='ltr'><strong>sumus,</strong></span> 
     </span>
    </p>
   </div>
   <div class='ocr_carea' id='block_1_42' title="bbox 357 4129 1926 4198">
    <p class='ocr_par' dir='ltr' id='par_1_42' title="bbox 357 4129 1926 4198">
     <span class='ocr_line' id='line_1_42' title="bbox 357 4129 1926 4198; baseline -0.004 -8"><span class='ocrx_word' id='word_1_295' title='bbox 357 4135 713 4190; x_wconf 80' lang='lat' dir='ltr'><strong>nihilominus</strong></span> <span class='ocrx_word' id='word_1_296' title='bbox 737 4131 919 4187; x_wconf 88' lang='lat' dir='ltr'><strong>nonad</strong></span> <span class='ocrx_word' id='word_1_297' title='bbox 939 4133 1094 4184; x_wconf 90' lang='lat' dir='ltr'><strong>ﬁnem</strong></span> <span class='ocrx_word' id='word_1_298' title='bbox 1125 4144 1294 4198; x_wconf 90' lang='lat' dir='ltr'><strong>usque</strong></span> <span class='ocrx_word' id='word_1_299' title='bbox 1319 4143 1454 4183; x_wconf 88' lang='lat' dir='ltr'><strong>nova</strong></span> <span class='ocrx_word' id='word_1_300' title='bbox 1481 4129 1609 4182; x_wconf 90' lang='lat' dir='ltr'><strong>Sion</strong></span> <span class='ocrx_word' id='word_1_301' title='bbox 1629 4129 1926 4194; x_wconf 85' lang='lat' dir='ltr'><strong>deseretur,</strong></span> 
     </span>
    </p>
   </div>
   <div class='ocr_carea' id='block_1_43' title="bbox 358 4220 1928 4294">
    <p class='ocr_par' dir='ltr' id='par_1_43' title="bbox 358 4220 1928 4294">
     <span class='ocr_line' id='line_1_43' title="bbox 358 4220 1928 4294; baseline -0.003 -13"><span class='ocrx_word' id='word_1_302' title='bbox 358 4225 564 4281; x_wconf 74' lang='lat' dir='ltr'><strong>tlltriSIi</strong></span> <span class='ocrx_word' id='word_1_303' title='bbox 594 4240 814 4294; x_wconf 75' lang='lat' dir='ltr'><strong>spon3a,</strong></span> <span class='ocrx_word' id='word_1_304' title='bbox 843 4223 935 4277; x_wconf 73' lang='lat' dir='ltr'><strong>Dt‘i</strong></span> <span class='ocrx_word' id='word_1_305' title='bbox 960 4221 1386 4284; x_wconf 84' lang='lat' dir='ltr'><strong>Ecclesia,illius</strong></span> <span class='ocrx_word' id='word_1_306' title='bbox 1414 4220 1679 4290; x_wconf 84' lang='lat' dir='ltr'><strong>sanguine</strong></span> <span class='ocrx_word' id='word_1_307' title='bbox 1709 4221 1928 4276; x_wconf 80' lang='lat' dir='ltr'><strong>rubefa-</strong></span> 
     </span>
    </p>
   </div>
   <div class='ocr_carea' id='block_1_44' title="bbox 361 4312 1926 4384">
    <p class='ocr_par' dir='ltr' id='par_1_44' title="bbox 361 4312 1926 4384">
     <span class='ocr_line' id='line_1_44' title="bbox 361 4312 1926 4384; baseline -0.003 -12"><span class='ocrx_word' id='word_1_308' title='bbox 361 4329 473 4380; x_wconf 91' lang='lat' dir='ltr'><strong>cta,</strong></span> <span class='ocrx_word' id='word_1_309' title='bbox 503 4327 557 4371; x_wconf 88' lang='lat' dir='ltr'><strong>et</strong></span> <span class='ocrx_word' id='word_1_310' title='bbox 588 4325 946 4384; x_wconf 67' lang='lat' dir='ltr'><strong>expurgatau</strong></span> <span class='ocrx_word' id='word_1_311' title='bbox 991 4312 1130 4368; x_wconf 83' lang='lat' dir='ltr'><strong>Ecce</strong></span> <span class='ocrx_word' id='word_1_312' title='bbox 1165 4314 1340 4384; x_wconf 88' lang='lat' dir='ltr'><strong>enim,</strong></span> <span class='ocrx_word' id='word_1_313' title='bbox 1371 4317 1467 4382; x_wconf 88' lang='lat' dir='ltr'><strong>ait,</strong></span> <span class='ocrx_word' id='word_1_314' title='bbox 1487 4328 1587 4383; x_wconf 78' lang='lat' dir='ltr'><strong>ego</strong></span> <span class='ocrx_word' id='word_1_315' title='bbox 1621 4313 1821 4370; x_wconf 87' lang='lat' dir='ltr'><strong>tradidi</strong></span> <span class='ocrx_word' id='word_1_316' title='bbox 1854 4323 1926 4378; x_wconf 91' lang='lat' dir='ltr'><strong>te,</strong></span> 
     </span>
    </p>
   </div>
   <div class='ocr_carea' id='block_1_45' title="bbox 1482 269 2434 358">
    <p class='ocr_par' dir='ltr' id='par_1_45' title="bbox 1482 269 2434 358">
     <span class='ocr_line' id='line_1_45' title="bbox 1482 269 2434 358; baseline -0.003 -27"><span class='ocrx_word' id='word_1_317' title='bbox 1482 269 1926 358; x_wconf 66' lang='lat' dir='ltr'><strong>GRAiCQliUM</strong></span> <span class='ocrx_word' id='word_1_318' title='bbox 1957 270 2434 331; x_wconf 69' lang='lat' dir='ltr'><strong>SENTENTLE.</strong></span> 
     </span>
    </p>
   </div>
   <div class='ocr_carea' id='block_1_46' title="bbox 286 383 3681 455">
    <p class='ocr_par' dir='ltr' id='par_1_46' title="bbox 286 383 3681 455">
     <span class='ocr_line' id='line_1_46' title="bbox 286 383 3681 455; baseline -0.001 -17"><span class='ocrx_word' id='word_1_319' title='bbox 286 429 288 431; x_wconf 39' lang='lat'><strong>,</strong></span> <span class='ocrx_word' id='word_1_320' title='bbox 320 386 408 438; x_wconf 74' lang='lat' dir='ltr'><strong>M.</strong></span> <span class='ocrx_word' id='word_1_321' title='bbox 444 384 498 437; x_wconf 87' lang='lat' dir='ltr'><strong>In</strong></span> <span class='ocrx_word' id='word_1_322' title='bbox 531 397 598 436; x_wconf 91' lang='lat' dir='ltr'><strong>eo</strong></span> <span class='ocrx_word' id='word_1_323' title='bbox 627 399 758 437; x_wconf 83' lang='lat' dir='ltr'><strong>sane</strong></span> <span class='ocrx_word' id='word_1_324' title='bbox 785 385 1138 440; x_wconf 62' lang='lat' dir='ltr'><strong>concorditer</strong></span> <span class='ocrx_word' id='word_1_325' title='bbox 1165 386 1421 454; x_wconf 81' lang='lat' dir='ltr'><strong>congruis</strong></span> <span class='ocrx_word' id='word_1_326' title='bbox 1449 401 1568 441; x_wconf 90' lang='lat' dir='ltr'><strong>cum</strong></span> <span class='ocrx_word' id='word_1_327' title='bbox 1603 385 1901 455; x_wconf 80' lang='lat' dir='ltr'><strong>MonOphy-</strong></span> <span class='ocrx_word' id='word_1_328' title='bbox 1933 389 1977 444; x_wconf 80' lang='grc' dir='ltr'><strong>Α</strong></span> <span class='ocrx_word' id='word_1_329' title='bbox 2009 394 2059 438; x_wconf 88' lang='lat' dir='ltr'><strong>ta</strong></span> <span class='ocrx_word' id='word_1_330' title='bbox 2091 389 2427 446; x_wconf 80' lang='lat' dir='ltr'><strong>refellentes,</strong></span> <span class='ocrx_word' id='word_1_331' title='bbox 2485 384 2629 438; x_wconf 88' lang='lat' dir='ltr'><strong>hunc</strong></span> <span class='ocrx_word' id='word_1_332' title='bbox 2661 384 2714 438; x_wconf 92' lang='lat' dir='ltr'><strong>in</strong></span> <span class='ocrx_word' id='word_1_333' title='bbox 2740 384 2960 438; x_wconf 83' lang='lat' dir='ltr'><strong>modum</strong></span> <span class='ocrx_word' id='word_1_334' title='bbox 2986 383 3360 453; x_wconf 72' lang='lat' dir='ltr'><strong>prmdiramus,</strong></span> <span class='ocrx_word' id='word_1_335' title='bbox 3388 383 3480 436; x_wconf 86' lang='lat' dir='ltr'><strong>sed</strong></span> <span class='ocrx_word' id='word_1_336' title='bbox 3527 393 3582 436; x_wconf 89' lang='lat' dir='ltr'><strong>et</strong></span> <span class='ocrx_word' id='word_1_337' title='bbox 3679 401 3681 404; x_wconf 60' lang='grc' dir='ltr'><strong>ί</strong></span> 
     </span>
    </p>
   </div>
   <div class='ocr_carea' id='block_1_47' title="bbox 3475 268 3580 332">
    <p class='ocr_par' dir='ltr' id='par_1_47' title="bbox 3475 268 3580 332">
     <span class='ocr_line' id='line_1_47' title="bbox 3475 268 3580 332; baseline -0.019 0"><span class='ocrx_word' id='word_1_338' title='bbox 3475 268 3580 332; x_wconf 75' lang='lat'><strong>870</strong></span> 
     </span>
    </p>
   </div>
   <div class='ocr_carea' id='block_1_48' title="bbox 1999 472 3578 545">
    <p class='ocr_par' dir='ltr' id='par_1_48' title="bbox 1999 472 3578 545">
     <span class='ocr_line' id='line_1_48' title="bbox 1999 472 3578 545; baseline -0.002 -16"><span class='ocrx_word' id='word_1_339' title='bbox 1999 475 2334 545; x_wconf 87' lang='lat' dir='ltr'><strong>proﬁtemur.</strong></span> <span class='ocrx_word' id='word_1_340' title='bbox 2358 475 2644 530; x_wconf 87' lang='lat' dir='ltr'><strong>Credimus</strong></span> <span class='ocrx_word' id='word_1_341' title='bbox 2665 476 2718 528; x_wconf 91' lang='lat' dir='ltr'><strong>in</strong></span> <span class='ocrx_word' id='word_1_342' title='bbox 2741 475 2978 537; x_wconf 81' lang='lat' dir='ltr'><strong>Patrem,</strong></span> <span class='ocrx_word' id='word_1_343' title='bbox 3000 473 3218 535; x_wconf 86' lang='lat' dir='ltr'><strong>Filium,</strong></span> <span class='ocrx_word' id='word_1_344' title='bbox 3245 485 3294 528; x_wconf 89' lang='lat' dir='ltr'><strong>et</strong></span> <span class='ocrx_word' id='word_1_345' title='bbox 3319 472 3578 541; x_wconf 59' lang='lat' dir='ltr'><strong>Spisitum</strong></span> 
     </span>
    </p>
   </div>
   <div class='ocr_carea' id='block_1_49' title="bbox 2002 567 3580 637">
    <p class='ocr_par' dir='ltr' id='par_1_49' title="bbox 2002 567 3580 637">
     <span class='ocr_line' id='line_1_49' title="bbox 2002 567 3580 637; baseline -0.003 -15"><span class='ocrx_word' id='word_1_346' title='bbox 2002 576 2276 631; x_wconf 83' lang='lat' dir='ltr'><strong>sanctum,</strong></span> <span class='ocrx_word' id='word_1_347' title='bbox 2311 577 2419 622; x_wconf 86' lang='lat' dir='ltr'><strong>tres</strong></span> <span class='ocrx_word' id='word_1_348' title='bbox 2445 569 2822 637; x_wconf 75' lang='lat' dir='ltr'><strong>proprietates,</strong></span> <span class='ocrx_word' id='word_1_349' title='bbox 2858 583 3020 620; x_wconf 88' lang='lat' dir='ltr'><strong>unam</strong></span> <span class='ocrx_word' id='word_1_350' title='bbox 3072 567 3338 621; x_wconf 90' lang='lat' dir='ltr'><strong>Deitatem</strong></span> <span class='ocrx_word' id='word_1_351' title='bbox 3371 581 3386 630; x_wconf 90' lang='lat'><strong>;</strong></span> <span class='ocrx_word' id='word_1_352' title='bbox 3475 575 3580 618; x_wconf 79' lang='lat' dir='ltr'><strong>tres</strong></span> 
     </span>
    </p>
   </div>
   <div class='ocr_carea' id='block_1_50' title="bbox 2001 659 3579 730">
    <p class='ocr_par' dir='ltr' id='par_1_50' title="bbox 2001 659 3579 730">
     <span class='ocr_line' id='line_1_50' title="bbox 2001 659 3579 730; baseline -0.003 -16"><span class='ocrx_word' id='word_1_353' title='bbox 2001 659 2346 730; x_wconf 74' lang='lat' dir='ltr'><strong>hypostases,</strong></span> <span class='ocrx_word' id='word_1_354' title='bbox 2381 676 2542 714; x_wconf 87' lang='lat' dir='ltr'><strong>unam</strong></span> <span class='ocrx_word' id='word_1_355' title='bbox 2583 659 2888 724; x_wconf 81' lang='lat' dir='ltr'><strong>Deitatem;</strong></span> <span class='ocrx_word' id='word_1_356' title='bbox 2932 670 3041 714; x_wconf 87' lang='lat' dir='ltr'><strong>tres</strong></span> <span class='ocrx_word' id='word_1_357' title='bbox 3073 674 3356 729; x_wconf 85' lang='lat' dir='ltr'><strong>personas,</strong></span> <span class='ocrx_word' id='word_1_358' title='bbox 3417 673 3579 711; x_wconf 89' lang='lat' dir='ltr'><strong>unam</strong></span> 
     </span>
    </p>
   </div>
   <div class='ocr_carea' id='block_1_51' title="bbox 2000 749 3575 817">
    <p class='ocr_par' dir='ltr' id='par_1_51' title="bbox 2000 749 3575 817">
     <span class='ocr_line' id='line_1_51' title="bbox 2000 749 3575 817; baseline -0.004 -13"><span class='ocrx_word' id='word_1_359' title='bbox 2000 750 2286 811; x_wconf 88' lang='lat' dir='ltr'><strong>Deitatcm.</strong></span> <span class='ocrx_word' id='word_1_360' title='bbox 2324 767 2484 805; x_wconf 86' lang='lat' dir='ltr'><strong>unam</strong></span> <span class='ocrx_word' id='word_1_361' title='bbox 2521 752 2839 817; x_wconf 86' lang='lat' dir='ltr'><strong>essentiam,</strong></span> <span class='ocrx_word' id='word_1_362' title='bbox 2874 768 3036 805; x_wconf 89' lang='lat' dir='ltr'><strong>unam</strong></span> <span class='ocrx_word' id='word_1_363' title='bbox 3065 761 3340 815; x_wconf 82' lang='lat' dir='ltr'><strong>naturam,</strong></span> <span class='ocrx_word' id='word_1_364' title='bbox 3364 749 3575 814; x_wconf 72' lang='lat' dir='ltr'><strong>simpli-</strong></span> 
     </span>
    </p>
   </div>
   <div class='ocr_carea' id='block_1_52' title="bbox 2005 841 3578 912">
    <p class='ocr_par' dir='ltr' id='par_1_52' title="bbox 2005 841 3578 912">
     <span class='ocr_line' id='line_1_52' title="bbox 2005 841 3578 912; baseline -0.006 -17"><span class='ocrx_word' id='word_1_365' title='bbox 2005 842 2468 912; x_wconf 63' lang='lat' dir='ltr'><strong>cennzequalem,</strong></span> <span class='ocrx_word' id='word_1_366' title='bbox 2531 843 2844 908; x_wconf 80' lang='lat' dir='ltr'><strong>indivisam,</strong></span> <span class='ocrx_word' id='word_1_367' title='bbox 2896 841 3261 905; x_wconf 81' lang='lat' dir='ltr'><strong>inconfnsam,</strong></span> <span class='ocrx_word' id='word_1_368' title='bbox 3335 841 3578 900; x_wconf 72' lang='lat' dir='ltr'><strong>nuit-am,</strong></span> 
     </span>
    </p>
   </div>
   <div class='ocr_carea' id='block_1_53' title="bbox 2003 932 3584 1000">
    <p class='ocr_par' dir='ltr' id='par_1_53' title="bbox 2003 932 3584 1000">
     <span class='ocr_line' id='line_1_53' title="bbox 2003 932 3584 1000; baseline -0.003 -14"><span class='ocrx_word' id='word_1_369' title='bbox 2003 932 2322 988; x_wconf 86' lang='lat' dir='ltr'><strong>Trinitatem</strong></span> <span class='ocrx_word' id='word_1_370' title='bbox 2359 935 2412 988; x_wconf 92' lang='lat' dir='ltr'><strong>in</strong></span> <span class='ocrx_word' id='word_1_371' title='bbox 2447 937 2677 1000; x_wconf 88' lang='lat' dir='ltr'><strong>unitate,</strong></span> <span class='ocrx_word' id='word_1_372' title='bbox 2722 947 2776 989; x_wconf 88' lang='lat' dir='ltr'><strong>et</strong></span> <span class='ocrx_word' id='word_1_373' title='bbox 2797 936 3053 990; x_wconf 91' lang='lat' dir='ltr'><strong>unitatem</strong></span> <span class='ocrx_word' id='word_1_374' title='bbox 3089 935 3140 988; x_wconf 93' lang='lat' dir='ltr'><strong>in</strong></span> <span class='ocrx_word' id='word_1_375' title='bbox 3169 932 3434 986; x_wconf 86' lang='lat' dir='ltr'><strong>Trinitate</strong></span> <span class='ocrx_word' id='word_1_376' title='bbox 3455 933 3584 985; x_wconf 87' lang='lat' dir='ltr'><strong>ado-</strong></span> 
     </span>
    </p>
   </div>
   <div class='ocr_carea' id='block_1_54' title="bbox 2004 1025 3567 1090">
    <p class='ocr_par' dir='ltr' id='par_1_54' title="bbox 2004 1025 3567 1090">
     <span class='ocr_line' id='line_1_54' title="bbox 2004 1025 3567 1090; baseline -0.003 -11"><span class='ocrx_word' id='word_1_377' title='bbox 2004 1031 2205 1090; x_wconf 84' lang='lat' dir='ltr'><strong>ratam,</strong></span> <span class='ocrx_word' id='word_1_378' title='bbox 2233 1035 2286 1079; x_wconf 91' lang='lat' dir='ltr'><strong>et</strong></span> <span class='ocrx_word' id='word_1_379' title='bbox 2311 1025 2535 1080; x_wconf 83' lang='lat' dir='ltr'><strong>cultam.</strong></span> <span class='ocrx_word' id='word_1_380' title='bbox 2558 1027 2750 1080; x_wconf 87' lang='lat' dir='ltr'><strong>Alieno</strong></span> <span class='ocrx_word' id='word_1_381' title='bbox 2780 1040 2908 1080; x_wconf 83' lang='lat' dir='ltr'><strong>vero</strong></span> <span class='ocrx_word' id='word_1_382' title='bbox 2935 1041 3040 1080; x_wconf 92' lang='lat' dir='ltr'><strong>non</strong></span> <span class='ocrx_word' id='word_1_383' title='bbox 3061 1026 3303 1079; x_wconf 89' lang='lat' dir='ltr'><strong>animum</strong></span> <span class='ocrx_word' id='word_1_384' title='bbox 3325 1025 3567 1078; x_wconf 89' lang='lat' dir='ltr'><strong>intende-</strong></span> 
     </span>
    </p>
   </div>
   <div class='ocr_carea' id='block_1_55' title="bbox 2005 1119 3580 1190">
    <p class='ocr_par' dir='ltr' id='par_1_55' title="bbox 2005 1119 3580 1190">
     <span class='ocr_line' id='line_1_55' title="bbox 2005 1119 3580 1190; baseline 0.002 -21"><span class='ocrx_word' id='word_1_385' title='bbox 2005 1131 2127 1172; x_wconf 87' lang='lat' dir='ltr'><strong>mus</strong></span> <span class='ocrx_word' id='word_1_386' title='bbox 2157 1138 2173 1190; x_wconf 87' lang='lat'><strong>;</strong></span> <span class='ocrx_word' id='word_1_387' title='bbox 2211 1135 2383 1188; x_wconf 88' lang='lat' dir='ltr'><strong>neque</strong></span> <span class='ocrx_word' id='word_1_388' title='bbox 2403 1120 2546 1173; x_wconf 78' lang='lat' dir='ltr'><strong>enim</strong></span> <span class='ocrx_word' id='word_1_389' title='bbox 2579 1133 2765 1172; x_wconf 87' lang='lat' dir='ltr'><strong>vocem</strong></span> <span class='ocrx_word' id='word_1_390' title='bbox 2795 1119 3094 1173; x_wconf 89' lang='lat' dir='ltr'><strong>alienorum</strong></span> <span class='ocrx_word' id='word_1_391' title='bbox 3124 1120 3275 1186; x_wconf 88' lang='lat' dir='ltr'><strong>sequi</strong></span> <span class='ocrx_word' id='word_1_392' title='bbox 3304 1120 3580 1184; x_wconf 83' lang='lat' dir='ltr'><strong>novimus;</strong></span> 
     </span>
    </p>
   </div>
   <div class='ocr_carea' id='block_1_56' title="bbox 2007 1209 3581 1283">
    <p class='ocr_par' dir='ltr' id='par_1_56' title="bbox 2007 1209 3581 1283">
     <span class='ocr_line' id='line_1_56' title="bbox 2007 1209 3581 1283; baseline -0.003 -17"><span class='ocrx_word' id='word_1_393' title='bbox 2007 1225 2188 1283; x_wconf 78' lang='lat' dir='ltr'><strong>neque</strong></span> <span class='ocrx_word' id='word_1_394' title='bbox 2224 1222 2297 1275; x_wconf 91' lang='lat' dir='ltr'><strong>te,</strong></span> <span class='ocrx_word' id='word_1_395' title='bbox 2331 1213 2422 1282; x_wconf 90' lang='lat' dir='ltr'><strong>qui</strong></span> <span class='ocrx_word' id='word_1_396' title='bbox 2480 1210 2794 1279; x_wconf 60' lang='lat' dir='ltr'><strong>pra‘donum</strong></span> <span class='ocrx_word' id='word_1_397' title='bbox 2828 1211 3001 1265; x_wconf 91' lang='lat' dir='ltr'><strong>instar</strong></span> <span class='ocrx_word' id='word_1_398' title='bbox 3031 1209 3581 1273; x_wconf 84' lang='lat' dir='ltr'><strong>aliundeintrnderis,</strong></span> 
     </span>
    </p>
   </div>
   <div class='ocr_carea' id='block_1_57' title="bbox 2003 1300 3582 1373">
    <p class='ocr_par' dir='ltr' id='par_1_57' title="bbox 2003 1300 3582 1373">
     <span class='ocr_line' id='line_1_57' title="bbox 2003 1300 3582 1373; baseline -0.006 -12"><span class='ocrx_word' id='word_1_399' title='bbox 2003 1317 2058 1362; x_wconf 92' lang='lat' dir='ltr'><strong>et</strong></span> <span class='ocrx_word' id='word_1_400' title='bbox 2089 1321 2196 1360; x_wconf 91' lang='lat' dir='ltr'><strong>non</strong></span> <span class='ocrx_word' id='word_1_401' title='bbox 2231 1320 2325 1373; x_wconf 87' lang='lat' dir='ltr'><strong>per</strong></span> <span class='ocrx_word' id='word_1_402' title='bbox 2355 1312 2569 1373; x_wconf 91' lang='lat' dir='ltr'><strong>portam</strong></span> <span class='ocrx_word' id='word_1_403' title='bbox 2613 1301 2666 1352; x_wconf 89' lang='lat' dir='ltr'><strong>in</strong></span> <span class='ocrx_word' id='word_1_404' title='bbox 2708 1301 2890 1352; x_wconf 82' lang='lat' dir='ltr'><strong>ovium</strong></span> <span class='ocrx_word' id='word_1_405' title='bbox 2923 1300 3134 1353; x_wconf 85' lang='lat' dir='ltr'><strong>caulam</strong></span> <span class='ocrx_word' id='word_1_406' title='bbox 3156 1300 3582 1368; x_wconf 82' lang='lat' dir='ltr'><strong>ingrederis.Sie</strong></span> 
     </span>
    </p>
   </div>
   <div class='ocr_carea' id='block_1_58' title="bbox 2007 1391 3586 1468">
    <p class='ocr_par' dir='ltr' id='par_1_58' title="bbox 2007 1391 3586 1468">
     <span class='ocr_line' id='line_1_58' title="bbox 2007 1391 3586 1468; baseline -0.004 -17"><span class='ocrx_word' id='word_1_407' title='bbox 2007 1411 2170 1468; x_wconf 88' lang='lat' dir='ltr'><strong>porro</strong></span> <span class='ocrx_word' id='word_1_408' title='bbox 2214 1395 2526 1453; x_wconf 85' lang='lat' dir='ltr'><strong>adorantes,</strong></span> <span class='ocrx_word' id='word_1_409' title='bbox 2584 1391 2664 1448; x_wconf 91' lang='lat' dir='ltr'><strong>sic</strong></span> <span class='ocrx_word' id='word_1_410' title='bbox 2709 1401 2978 1454; x_wconf 86' lang='lat' dir='ltr'><strong>tenentes,</strong></span> <span class='ocrx_word' id='word_1_411' title='bbox 3030 1400 3083 1445; x_wconf 90' lang='lat' dir='ltr'><strong>et</strong></span> <span class='ocrx_word' id='word_1_412' title='bbox 3135 1393 3215 1446; x_wconf 83' lang='lat' dir='ltr'><strong>s&#39;c</strong></span> <span class='ocrx_word' id='word_1_413' title='bbox 3265 1399 3586 1444; x_wconf 73' lang='lat' dir='ltr'><strong>venerantes</strong></span> 
     </span>
    </p>
   </div>
   <div class='ocr_carea' id='block_1_59' title="bbox 2010 1481 3588 1552">
    <p class='ocr_par' dir='ltr' id='par_1_59' title="bbox 2010 1481 3588 1552">
     <span class='ocr_line' id='line_1_59' title="bbox 2010 1481 3588 1552; baseline -0.006 -10"><span class='ocrx_word' id='word_1_414' title='bbox 2010 1488 2224 1542; x_wconf 91' lang='lat' dir='ltr'><strong>unicam</strong></span> <span class='ocrx_word' id='word_1_415' title='bbox 2266 1485 2324 1538; x_wconf 91' lang='lat' dir='ltr'><strong>in</strong></span> <span class='ocrx_word' id='word_1_416' title='bbox 2358 1484 2528 1538; x_wconf 83' lang='lat' dir='ltr'><strong>tribus</strong></span> <span class='ocrx_word' id='word_1_417' title='bbox 2545 1481 2795 1552; x_wconf 85' lang='lat' dir='ltr'><strong>personis</strong></span> <span class='ocrx_word' id='word_1_418' title='bbox 2818 1481 3414 1549; x_wconf 84' lang='lat' dir='ltr'><strong>Deitatcm,promissis</strong></span> <span class='ocrx_word' id='word_1_419' title='bbox 3467 1496 3588 1533; x_wconf 82' lang='lat' dir='ltr'><strong>cer-</strong></span> 
     </span>
    </p>
   </div>
   <div class='ocr_carea' id='block_1_60' title="bbox 2009 1561 3586 1641">
    <p class='ocr_par' dir='ltr' id='par_1_60' title="bbox 2009 1561 3586 1641">
     <span class='ocr_line' id='line_1_60' title="bbox 2009 1561 3586 1641; baseline -0.006 -8"><span class='ocrx_word' id='word_1_420' title='bbox 2009 1580 2081 1635; x_wconf 91' lang='lat' dir='ltr'><strong>tis</strong></span> <span class='ocrx_word' id='word_1_421' title='bbox 2110 1561 2554 1639; x_wconf 86' lang='lat' dir='ltr'><strong>constabilimur,</strong></span> <span class='ocrx_word' id='word_1_422' title='bbox 2586 1590 2704 1629; x_wconf 89' lang='lat' dir='ltr'><strong>eam</strong></span> <span class='ocrx_word' id='word_1_423' title='bbox 2741 1589 2842 1630; x_wconf 88' lang='lat' dir='ltr'><strong>nos</strong></span> <span class='ocrx_word' id='word_1_424' title='bbox 2903 1572 3215 1641; x_wconf 75' lang='lat' dir='ltr'><strong>perfectius,</strong></span> <span class='ocrx_word' id='word_1_425' title='bbox 3281 1583 3334 1626; x_wconf 89' lang='lat' dir='ltr'><strong>et</strong></span> <span class='ocrx_word' id='word_1_426' title='bbox 3393 1573 3586 1641; x_wconf 87' lang='lat' dir='ltr'><strong>purius</strong></span> 
     </span>
    </p>
   </div>
   <div class='ocr_carea' id='block_1_61' title="bbox 2011 1661 3583 1737">
    <p class='ocr_par' dir='ltr' id='par_1_61' title="bbox 2011 1661 3583 1737">
     <span class='ocr_line' id='line_1_61' title="bbox 2011 1661 3583 1737; baseline -0.007 -13"><span class='ocrx_word' id='word_1_427' title='bbox 2011 1670 2250 1734; x_wconf 83' lang='lat' dir='ltr'><strong>visuros,</strong></span> <span class='ocrx_word' id='word_1_428' title='bbox 2277 1683 2385 1723; x_wconf 89' lang='lat' dir='ltr'><strong>non</strong></span> <span class='ocrx_word' id='word_1_429' title='bbox 2420 1668 2472 1721; x_wconf 91' lang='lat' dir='ltr'><strong>iu</strong></span> <span class='ocrx_word' id='word_1_430' title='bbox 2505 1666 2815 1737; x_wconf 65' lang='lat' dir='ltr'><strong>enigmate,</strong></span> <span class='ocrx_word' id='word_1_431' title='bbox 2842 1663 2935 1718; x_wconf 89' lang='lat' dir='ltr'><strong>sed</strong></span> <span class='ocrx_word' id='word_1_432' title='bbox 2980 1663 3118 1718; x_wconf 82' lang='lat' dir='ltr'><strong>facie</strong></span> <span class='ocrx_word' id='word_1_433' title='bbox 3148 1663 3214 1715; x_wconf 90' lang='lat' dir='ltr'><strong>ad</strong></span> <span class='ocrx_word' id='word_1_434' title='bbox 3243 1661 3462 1718; x_wconf 80' lang='lat' dir='ltr'><strong>faciem.</strong></span> <span class='ocrx_word' id='word_1_435' title='bbox 3528 1661 3583 1713; x_wconf 89' lang='lat' dir='ltr'><strong>itt</strong></span> 
     </span>
    </p>
   </div>
   <div class='ocr_carea' id='block_1_62' title="bbox 1937 1738 3585 1835">
    <p class='ocr_par' dir='ltr' id='par_1_62' title="bbox 1937 1738 3585 1835">
     <span class='ocr_line' id='line_1_62' title="bbox 1937 1738 3585 1835; baseline -0.009 -14"><span class='ocrx_word' id='word_1_436' title='bbox 1937 1738 1985 1799; x_wconf 76' lang='grc' dir='ltr'><strong>Β</strong></span> <span class='ocrx_word' id='word_1_437' title='bbox 2013 1763 2106 1820; x_wconf 89' lang='lat' dir='ltr'><strong>illo</strong></span> <span class='ocrx_word' id='word_1_438' title='bbox 2137 1759 2430 1835; x_wconf 74' lang='lat' dir='ltr'><strong>immortali</strong></span> <span class='ocrx_word' id='word_1_439' title='bbox 2467 1773 2655 1828; x_wconf 85' lang='lat' dir='ltr'><strong>regno,</strong></span> <span class='ocrx_word' id='word_1_440' title='bbox 2689 1757 3034 1826; x_wconf 90' lang='lat' dir='ltr'><strong>etjustorum</strong></span> <span class='ocrx_word' id='word_1_441' title='bbox 3072 1755 3327 1809; x_wconf 87' lang='lat' dir='ltr'><strong>l&#39;rttitione</strong></span> <span class='ocrx_word' id='word_1_442' title='bbox 3375 1771 3390 1808; x_wconf 88' lang='lat'><strong>:</strong></span> <span class='ocrx_word' id='word_1_443' title='bbox 3429 1753 3585 1823; x_wconf 86' lang='lat' dir='ltr'><strong>cujus</strong></span> 
     </span>
    </p>
   </div>
   <div class='ocr_carea' id='block_1_63' title="bbox 2011 1843 3582 1921">
    <p class='ocr_par' dir='ltr' id='par_1_63' title="bbox 2011 1843 3582 1921">
     <span class='ocr_line' id='line_1_63' title="bbox 2011 1843 3582 1921; baseline -0.01 -12"><span class='ocrx_word' id='word_1_444' title='bbox 2011 1853 2240 1909; x_wconf 81' lang='lat' dir='ltr'><strong>visionis</strong></span> <span class='ocrx_word' id='word_1_445' title='bbox 2270 1851 2474 1905; x_wconf 89' lang='lat' dir='ltr'><strong>utinam</strong></span> <span class='ocrx_word' id='word_1_446' title='bbox 2509 1849 2610 1919; x_wconf 92' lang='lat' dir='ltr'><strong>ipsi</strong></span> <span class='ocrx_word' id='word_1_447' title='bbox 2647 1849 2941 1921; x_wconf 86' lang='lat' dir='ltr'><strong>participes</strong></span> <span class='ocrx_word' id='word_1_448' title='bbox 2963 1847 3283 1910; x_wconf 79' lang='lat' dir='ltr'><strong>eﬁiciamur,</strong></span> <span class='ocrx_word' id='word_1_449' title='bbox 3311 1855 3363 1898; x_wconf 89' lang='lat' dir='ltr'><strong>et</strong></span> <span class='ocrx_word' id='word_1_450' title='bbox 3387 1854 3436 1898; x_wconf 88' lang='lat' dir='ltr'><strong>te</strong></span> <span class='ocrx_word' id='word_1_451' title='bbox 3479 1843 3582 1896; x_wconf 90' lang='lat' dir='ltr'><strong>ali-</strong></span> 
     </span>
    </p>
   </div>
   <div class='ocr_carea' id='block_1_64' title="bbox 2013 1937 3580 2016">
    <p class='ocr_par' dir='ltr' id='par_1_64' title="bbox 2013 1937 3580 2016">
     <span class='ocr_line' id='line_1_64' title="bbox 2013 1937 3580 2016; baseline -0.006 -17"><span class='ocrx_word' id='word_1_452' title='bbox 2013 1946 2231 2016; x_wconf 86' lang='lat' dir='ltr'><strong>quando</strong></span> <span class='ocrx_word' id='word_1_453' title='bbox 2261 1945 2543 2014; x_wconf 73' lang='lat' dir='ltr'><strong>pceniteat,</strong></span> <span class='ocrx_word' id='word_1_454' title='bbox 2572 1941 2765 2012; x_wconf 87' lang='lat' dir='ltr'><strong>gratia,</strong></span> <span class='ocrx_word' id='word_1_455' title='bbox 2794 1949 2846 1995; x_wconf 84' lang='lat' dir='ltr'><strong>et</strong></span> <span class='ocrx_word' id='word_1_456' title='bbox 2874 1939 3266 1996; x_wconf 83' lang='lat' dir='ltr'><strong>misericordia.</strong></span> <span class='ocrx_word' id='word_1_457' title='bbox 3299 1945 3352 1992; x_wconf 91' lang='lat' dir='ltr'><strong>et</strong></span> <span class='ocrx_word' id='word_1_458' title='bbox 3380 1937 3544 1990; x_wconf 88' lang='lat' dir='ltr'><strong>Imma</strong></span> <span class='ocrx_word' id='word_1_459' title='bbox 3565 1965 3580 1976; x_wconf 85' lang='lat'><strong>-</strong></span> 
     </span>
    </p>
   </div>
   <div class='ocr_carea' id='block_1_65' title="bbox 2012 2030 3587 2094">
    <p class='ocr_par' dir='ltr' id='par_1_65' title="bbox 2012 2030 3587 2094">
     <span class='ocr_line' id='line_1_65' title="bbox 2012 2030 3587 2094; baseline -0.01 0"><span class='ocrx_word' id='word_1_460' title='bbox 2012 2039 2180 2094; x_wconf 90' lang='lat' dir='ltr'><strong>nitate</strong></span> <span class='ocrx_word' id='word_1_461' title='bbox 2211 2035 2421 2090; x_wconf 84' lang='lat' dir='ltr'><strong>Domini</strong></span> <span class='ocrx_word' id='word_1_462' title='bbox 2447 2034 2614 2088; x_wconf 90' lang='lat' dir='ltr'><strong>nostri</strong></span> <span class='ocrx_word' id='word_1_463' title='bbox 2673 2031 2802 2087; x_wconf 81' lang='lat' dir='ltr'><strong>Jesu</strong></span> <span class='ocrx_word' id='word_1_464' title='bbox 2842 2031 3066 2091; x_wconf 87' lang='lat' dir='ltr'><strong>Christi,</strong></span> <span class='ocrx_word' id='word_1_465' title='bbox 3103 2031 3188 2084; x_wconf 93' lang='lat' dir='ltr'><strong>cui</strong></span> <span class='ocrx_word' id='word_1_466' title='bbox 3215 2030 3440 2084; x_wconf 83' lang='lat' dir='ltr'><strong>addecet</strong></span> <span class='ocrx_word' id='word_1_467' title='bbox 3467 2043 3587 2080; x_wconf 77' lang='lat' dir='ltr'><strong>om-</strong></span> 
     </span>
    </p>
   </div>
   <div class='ocr_carea' id='block_1_66' title="bbox 2012 2119 3584 2199">
    <p class='ocr_par' dir='ltr' id='par_1_66' title="bbox 2012 2119 3584 2199">
     <span class='ocr_line' id='line_1_66' title="bbox 2012 2119 3584 2199; baseline -0.008 -15"><span class='ocrx_word' id='word_1_468' title='bbox 2012 2130 2098 2185; x_wconf 88' lang='lat' dir='ltr'><strong>nis</strong></span> <span class='ocrx_word' id='word_1_469' title='bbox 2133 2127 2326 2199; x_wconf 70' lang='lat' dir='ltr'><strong>glosia,</strong></span> <span class='ocrx_word' id='word_1_470' title='bbox 2358 2127 2552 2191; x_wconf 79' lang='lat' dir='ltr'><strong>honor,</strong></span> <span class='ocrx_word' id='word_1_471' title='bbox 2577 2134 2629 2180; x_wconf 90' lang='lat' dir='ltr'><strong>et</strong></span> <span class='ocrx_word' id='word_1_472' title='bbox 2655 2125 2924 2190; x_wconf 86' lang='lat' dir='ltr'><strong>adoratio,</strong></span> <span class='ocrx_word' id='word_1_473' title='bbox 2980 2139 3102 2177; x_wconf 88' lang='lat' dir='ltr'><strong>eum</strong></span> <span class='ocrx_word' id='word_1_474' title='bbox 3168 2122 3409 2189; x_wconf 87' lang='lat' dir='ltr'><strong>ejusdem</strong></span> <span class='ocrx_word' id='word_1_475' title='bbox 3463 2119 3584 2174; x_wconf 83' lang='lat' dir='ltr'><strong>sine</strong></span> 
     </span>
    </p>
   </div>
   <div class='ocr_carea' id='block_1_67' title="bbox 2013 2213 3572 2292">
    <p class='ocr_par' dir='ltr' id='par_1_67' title="bbox 2013 2213 3572 2292">
     <span class='ocr_line' id='line_1_67' title="bbox 2013 2213 3572 2292; baseline -0.005 -18"><span class='ocrx_word' id='word_1_476' title='bbox 2013 2221 2280 2292; x_wconf 86' lang='lat' dir='ltr'><strong>principio</strong></span> <span class='ocrx_word' id='word_1_477' title='bbox 2311 2218 2494 2283; x_wconf 84' lang='lat' dir='ltr'><strong>Patre,</strong></span> <span class='ocrx_word' id='word_1_478' title='bbox 2527 2219 2642 2273; x_wconf 87' lang='lat' dir='ltr'><strong>sola</strong></span> <span class='ocrx_word' id='word_1_479' title='bbox 2675 2224 2922 2277; x_wconf 87' lang='lat' dir='ltr'><strong>causa,et</strong></span> <span class='ocrx_word' id='word_1_480' title='bbox 2957 2215 3330 2280; x_wconf 86' lang='lat' dir='ltr'><strong>sanctissimo,</strong></span> <span class='ocrx_word' id='word_1_481' title='bbox 3360 2221 3412 2268; x_wconf 89' lang='lat' dir='ltr'><strong>et</strong></span> <span class='ocrx_word' id='word_1_482' title='bbox 3468 2213 3572 2267; x_wconf 82' lang='lat' dir='ltr'><strong>bo-</strong></span> 
     </span>
    </p>
   </div>
   <div class='ocr_carea' id='block_1_68' title="bbox 2014 2308 3577 2379">
    <p class='ocr_par' dir='ltr' id='par_1_68' title="bbox 2014 2308 3577 2379">
     <span class='ocr_line' id='line_1_68' title="bbox 2014 2308 3577 2379; baseline -0.003 -10"><span class='ocrx_word' id='word_1_483' title='bbox 2014 2329 2105 2378; x_wconf 89' lang='lat' dir='ltr'><strong>no,</strong></span> <span class='ocrx_word' id='word_1_484' title='bbox 2131 2322 2185 2368; x_wconf 90' lang='lat' dir='ltr'><strong>et</strong></span> <span class='ocrx_word' id='word_1_485' title='bbox 2212 2313 2428 2367; x_wconf 84' lang='lat' dir='ltr'><strong>viviﬁco</strong></span> <span class='ocrx_word' id='word_1_486' title='bbox 2455 2311 2599 2366; x_wconf 92' lang='lat' dir='ltr'><strong>illius</strong></span> <span class='ocrx_word' id='word_1_487' title='bbox 2623 2310 2852 2379; x_wconf 68' lang='lat' dir='ltr'><strong>Spiritu,</strong></span> <span class='ocrx_word' id='word_1_488' title='bbox 2874 2309 2964 2363; x_wconf 92' lang='lat' dir='ltr'><strong>uni</strong></span> <span class='ocrx_word' id='word_1_489' title='bbox 2996 2317 3048 2362; x_wconf 81' lang='lat' dir='ltr'><strong>et</strong></span> <span class='ocrx_word' id='word_1_490' title='bbox 3073 2308 3318 2364; x_wconf 82' lang='lat' dir='ltr'><strong>indivisae</strong></span> <span class='ocrx_word' id='word_1_491' title='bbox 3355 2309 3577 2373; x_wconf 89' lang='lat' dir='ltr'><strong>Deitati,</strong></span> 
     </span>
    </p>
   </div>
   <div class='ocr_carea' id='block_1_69' title="bbox 2016 2401 3578 2474">
    <p class='ocr_par' dir='ltr' id='par_1_69' title="bbox 2016 2401 3578 2474">
     <span class='ocr_line' id='line_1_69' title="bbox 2016 2401 3578 2474; baseline -0.004 -12"><span class='ocrx_word' id='word_1_492' title='bbox 2016 2423 2187 2474; x_wconf 82' lang='lat' dir='ltr'><strong>nunc,</strong></span> <span class='ocrx_word' id='word_1_493' title='bbox 2222 2415 2275 2461; x_wconf 86' lang='lat' dir='ltr'><strong>et</strong></span> <span class='ocrx_word' id='word_1_494' title='bbox 2308 2420 2544 2474; x_wconf 87' lang='lat' dir='ltr'><strong>semper,</strong></span> <span class='ocrx_word' id='word_1_495' title='bbox 2579 2413 2626 2458; x_wconf 91' lang='lat' dir='ltr'><strong>et</strong></span> <span class='ocrx_word' id='word_1_496' title='bbox 2666 2403 2948 2456; x_wconf 72' lang='lat' dir='ltr'><strong>in&#39;stecula</strong></span> <span class='ocrx_word' id='word_1_497' title='bbox 2973 2401 3316 2456; x_wconf 74' lang='lat' dir='ltr'><strong>smeulorum.</strong></span> <span class='ocrx_word' id='word_1_498' title='bbox 3349 2401 3578 2458; x_wconf 62' lang='lat' dir='ltr'><strong>Amen.»</strong></span> 
     </span>
    </p>
   </div>
   <div class='ocr_carea' id='block_1_70' title="bbox 2015 2491 3589 2564">
    <p class='ocr_par' dir='ltr' id='par_1_70' title="bbox 2015 2491 3589 2564">
     <span class='ocr_line' id='line_1_70' title="bbox 2015 2491 3589 2564; baseline -0.004 -12"><span class='ocrx_word' id='word_1_499' title='bbox 2015 2496 2167 2552; x_wconf 78' lang='lat' dir='ltr'><strong>Alter</strong></span> <span class='ocrx_word' id='word_1_500' title='bbox 2200 2505 2327 2552; x_wconf 87' lang='lat' dir='ltr'><strong>est:</strong></span> <span class='ocrx_word' id='word_1_501' title='bbox 2395 2496 2460 2548; x_wconf 86' lang='grc' dir='ltr'><strong>Ἦ</strong></span> <span class='ocrx_word' id='word_1_502' title='bbox 2493 2494 2592 2563; x_wconf 84' lang='grc' dir='ltr'>μὲν</span> <span class='ocrx_word' id='word_1_503' title='bbox 2646 2494 2799 2564; x_wconf 81' lang='grc' dir='ltr'><strong>παρᾶ</strong></span> <span class='ocrx_word' id='word_1_504' title='bbox 2831 2491 2925 2546; x_wconf 87' lang='grc' dir='ltr'><strong>τοῦ</strong></span> <span class='ocrx_word' id='word_1_505' title='bbox 2956 2493 3159 2562; x_wconf 80' lang='grc' dir='ltr'>Κυρίου</span> <span class='ocrx_word' id='word_1_506' title='bbox 3215 2493 3375 2560; x_wconf 75' lang='grc' dir='ltr'>ἡμῶν</span> <span class='ocrx_word' id='word_1_507' title='bbox 3414 2493 3589 2560; x_wconf 86' lang='grc' dir='ltr'>Ἰησοῦ</span> 
     </span>
    </p>
   </div>
   <div class='ocr_carea' id='block_1_71' title="bbox 2016 2583 3589 2660">
    <p class='ocr_par' dir='ltr' id='par_1_71' title="bbox 2016 2583 3589 2660">
     <span class='ocr_line' id='line_1_71' title="bbox 2016 2583 3589 2660; baseline -0.005 -16"><span class='ocrx_word' id='word_1_508' title='bbox 2016 2587 2274 2660; x_wconf 85' lang='grc' dir='ltr'>Χριστοῦ,</span> <span class='ocrx_word' id='word_1_509' title='bbox 2306 2587 2400 2641; x_wconf 69' lang='grc' dir='ltr'><strong>καὶ</strong></span> <span class='ocrx_word' id='word_1_510' title='bbox 2431 2586 2536 2638; x_wconf 78' lang='grc' dir='ltr'>τῶν</span> <span class='ocrx_word' id='word_1_511' title='bbox 2569 2586 2740 2652; x_wconf 76' lang='grc' dir='ltr'>ἁγίων</span> <span class='ocrx_word' id='word_1_512' title='bbox 2781 2583 3060 2654; x_wconf 82' lang='grc' dir='ltr'><strong>μαθητῶν,</strong></span> <span class='ocrx_word' id='word_1_513' title='bbox 3123 2583 3220 2636; x_wconf 70' lang='grc' dir='ltr'><strong>καὶ</strong></span> <span class='ocrx_word' id='word_1_514' title='bbox 3274 2583 3589 2637; x_wconf 76' lang='grc' dir='ltr'><strong>ἀποστόλων</strong></span> 
     </span>
    </p>
   </div>
   <div class='ocr_carea' id='block_1_72' title="bbox 2017 2674 3592 2747">
    <p class='ocr_par' dir='ltr' id='par_1_72' title="bbox 2017 2674 3592 2747">
     <span class='ocr_line' id='line_1_72' title="bbox 2017 2674 3592 2747; baseline -0.004 -13"><span class='ocrx_word' id='word_1_515' title='bbox 2017 2680 2206 2744; x_wconf 79' lang='grc' dir='ltr'>αὑτοῦ,</span> <span class='ocrx_word' id='word_1_516' title='bbox 2238 2677 2461 2732; x_wconf 77' lang='grc' dir='ltr'>καὶτῶν</span> <span class='ocrx_word' id='word_1_517' title='bbox 2488 2677 2648 2747; x_wconf 85' lang='grc' dir='ltr'>ίερῶν</span> <span class='ocrx_word' id='word_1_518' title='bbox 2675 2675 2994 2744; x_wconf 74' lang='grc' dir='ltr'><strong>προφητῶν,</strong></span> <span class='ocrx_word' id='word_1_519' title='bbox 3019 2674 3111 2727; x_wconf 71' lang='grc' dir='ltr'><strong>καὶ</strong></span> <span class='ocrx_word' id='word_1_520' title='bbox 3139 2675 3247 2727; x_wconf 84' lang='grc' dir='ltr'>τῶν</span> <span class='ocrx_word' id='word_1_521' title='bbox 3272 2675 3434 2728; x_wconf 84' lang='grc' dir='ltr'>Θείων</span> <span class='ocrx_word' id='word_1_522' title='bbox 3462 2693 3592 2728; x_wconf 83' lang='grc' dir='ltr'>συν-</span> 
     </span>
    </p>
   </div>
   <div class='ocr_carea' id='block_1_73' title="bbox 2019 2765 3595 2834">
    <p class='ocr_par' dir='ltr' id='par_1_73' title="bbox 2019 2765 3595 2834">
     <span class='ocr_line' id='line_1_73' title="bbox 2019 2765 3595 2834; baseline -0.003 -12"><span class='ocrx_word' id='word_1_523' title='bbox 2019 2769 2174 2829; x_wconf 81' lang='grc' dir='ltr'>όδων.</span> <span class='ocrx_word' id='word_1_524' title='bbox 2208 2770 2300 2822; x_wconf 71' lang='grc' dir='ltr'><strong>καὶ</strong></span> <span class='ocrx_word' id='word_1_525' title='bbox 2329 2769 2547 2821; x_wconf 86' lang='grc' dir='ltr'>πάντων</span> <span class='ocrx_word' id='word_1_526' title='bbox 2577 2767 2685 2819; x_wconf 82' lang='grc' dir='ltr'>τῶν</span> <span class='ocrx_word' id='word_1_527' title='bbox 2721 2765 2995 2834; x_wconf 71' lang='grc' dir='ltr'>Θεοφόρων</span> <span class='ocrx_word' id='word_1_528' title='bbox 3025 2765 3302 2834; x_wconf 72' lang='grc' dir='ltr'>Πατέριυν,</span> <span class='ocrx_word' id='word_1_529' title='bbox 3334 2768 3425 2817; x_wconf 72' lang='grc' dir='ltr'><strong>καὶ</strong></span> <span class='ocrx_word' id='word_1_530' title='bbox 3449 2766 3595 2818; x_wconf 65' lang='grc' dir='ltr'>διξα-</span> 
     </span>
    </p>
   </div>
   <div class='ocr_carea' id='block_1_74' title="bbox 2023 2855 3589 2929">
    <p class='ocr_par' dir='ltr' id='par_1_74' title="bbox 2023 2855 3589 2929">
     <span class='ocr_line' id='line_1_74' title="bbox 2023 2855 3589 2929; baseline -0.003 -17"><span class='ocrx_word' id='word_1_531' title='bbox 2023 2859 2239 2913; x_wconf 81' lang='grc' dir='ltr'>σκάλων</span> <span class='ocrx_word' id='word_1_532' title='bbox 2273 2857 2644 2929; x_wconf 73' lang='grc' dir='ltr'><strong>παραδοθεῖσα</strong></span> <span class='ocrx_word' id='word_1_533' title='bbox 2674 2856 2861 2920; x_wconf 77' lang='grc' dir='ltr'>πίστις</span> <span class='ocrx_word' id='word_1_534' title='bbox 2898 2858 3032 2925; x_wconf 83' lang='grc' dir='ltr'>ἡμῖν</span> <span class='ocrx_word' id='word_1_535' title='bbox 3062 2857 3156 2908; x_wconf 72' lang='grc' dir='ltr'><strong>καὶ</strong></span> <span class='ocrx_word' id='word_1_536' title='bbox 3193 2855 3440 2909; x_wconf 77' lang='grc' dir='ltr'>εὐσέϐεια</span> <span class='ocrx_word' id='word_1_537' title='bbox 3482 2858 3589 2908; x_wconf 72' lang='grc' dir='ltr'><strong>πᾶ-</strong></span> 
     </span>
    </p>
   </div>
   <div class='ocr_carea' id='block_1_75' title="bbox 2023 2947 3587 3020">
    <p class='ocr_par' dir='ltr' id='par_1_75' title="bbox 2023 2947 3587 3020">
     <span class='ocr_line' id='line_1_75' title="bbox 2023 2947 3587 3020; baseline -0.003 -15"><span class='ocrx_word' id='word_1_538' title='bbox 2023 2951 2107 3005; x_wconf 90' lang='grc' dir='ltr'><strong>σίν</strong></span> <span class='ocrx_word' id='word_1_539' title='bbox 2131 2953 2247 3006; x_wconf 79' lang='grc' dir='ltr'>ἐστι</span> <span class='ocrx_word' id='word_1_540' title='bbox 2277 2950 2542 3020; x_wconf 65' lang='grc' dir='ltr'>πρόδηλος</span> <span class='ocrx_word' id='word_1_541' title='bbox 2564 2951 2658 3004; x_wconf 70' lang='grc' dir='ltr'><strong>καὶ</strong></span> <span class='ocrx_word' id='word_1_542' title='bbox 2677 2950 2886 3019; x_wconf 69' lang='grc' dir='ltr'>φανερὰ</span> <span class='ocrx_word' id='word_1_543' title='bbox 2911 2951 3026 3010; x_wconf 80' lang='grc' dir='ltr'>τοῖς</span> <span class='ocrx_word' id='word_1_544' title='bbox 3055 2947 3375 3018; x_wconf 80' lang='grc' dir='ltr'><strong>μετέχουσιν</strong></span> <span class='ocrx_word' id='word_1_545' title='bbox 3399 2949 3587 3015; x_wconf 70' lang='grc' dir='ltr'>αὒτῖς.</span> 
     </span>
    </p>
   </div>
   <div class='ocr_carea' id='block_1_76' title="bbox 2026 3036 3590 3128">
    <p class='ocr_par' dir='ltr' id='par_1_76' title="bbox 2026 3036 3590 3128">
     <span class='ocr_line' id='line_1_76' title="bbox 2026 3036 3590 3128; baseline -0.003 -31"><span class='ocrx_word' id='word_1_546' title='bbox 2026 3042 2442 3128; x_wconf 43' lang='grc' dir='ltr'>Πανταχοῦχὰρ</span> <span class='ocrx_word' id='word_1_547' title='bbox 2477 3042 2818 3124; x_wconf 78' lang='grc' dir='ltr'>όμο).ογεῖται</span> <span class='ocrx_word' id='word_1_548' title='bbox 2859 3036 2938 3102; x_wconf 76' lang='grc' dir='ltr'>εἷς</span> <span class='ocrx_word' id='word_1_549' title='bbox 2971 3041 3104 3103; x_wconf 80' lang='grc' dir='ltr'>Θεὸς</span> <span class='ocrx_word' id='word_1_550' title='bbox 3133 3040 3590 3105; x_wconf 81' lang='grc' dir='ltr'>τρισυπόστατο·,</span> 
     </span>
    </p>
   </div>
   <div class='ocr_carea' id='block_1_77' title="bbox 1984 3126 3595 3204">
    <p class='ocr_par' dir='ltr' id='par_1_77' title="bbox 1984 3126 3595 3204">
     <span class='ocr_line' id='line_1_77' title="bbox 1984 3126 3595 3204; baseline -0.003 -17"><span class='ocrx_word' id='word_1_551' title='bbox 1984 3126 1994 3152; x_wconf 72' lang='grc'><strong><em>³</em></strong></span> <span class='ocrx_word' id='word_1_552' title='bbox 2025 3136 2118 3188; x_wconf 77' lang='grc' dir='ltr'><strong>καὶ</strong></span> <span class='ocrx_word' id='word_1_553' title='bbox 2148 3126 2376 3204; x_wconf 71' lang='grc' dir='ltr'>ποιητὴς</span> <span class='ocrx_word' id='word_1_554' title='bbox 2403 3132 2614 3202; x_wconf 77' lang='grc' dir='ltr'>ὁρατῶν</span> <span class='ocrx_word' id='word_1_555' title='bbox 2648 3149 2706 3184; x_wconf 88' lang='grc' dir='ltr'><strong>τε</strong></span> <span class='ocrx_word' id='word_1_556' title='bbox 2741 3131 2961 3184; x_wconf 82' lang='grc' dir='ltr'>πάντων</span> <span class='ocrx_word' id='word_1_557' title='bbox 2996 3130 3089 3182; x_wconf 72' lang='grc' dir='ltr'><strong>καὶ</strong></span> <span class='ocrx_word' id='word_1_558' title='bbox 3120 3130 3387 3197; x_wconf 71' lang='grc' dir='ltr'>ἀοράτων.</span> <span class='ocrx_word' id='word_1_559' title='bbox 3421 3131 3496 3192; x_wconf 83' lang='grc' dir='ltr'>ὡς</span> <span class='ocrx_word' id='word_1_560' title='bbox 3537 3133 3595 3182; x_wconf 80' lang='grc' dir='ltr'>ἐν</span> 
     </span>
    </p>
   </div>
   <div class='ocr_carea' id='block_1_78' title="bbox 2022 3221 3592 3296">
    <p class='ocr_par' dir='ltr' id='par_1_78' title="bbox 2022 3221 3592 3296">
     <span class='ocr_line' id='line_1_78' title="bbox 2022 3221 3592 3296; baseline -0.006 -15"><span class='ocrx_word' id='word_1_561' title='bbox 2022 3227 2102 3296; x_wconf 81' lang='grc' dir='ltr'>τῷ</span> <span class='ocrx_word' id='word_1_562' title='bbox 2128 3227 2266 3296; x_wconf 84' lang='grc' dir='ltr'>ἁγίῳ</span> <span class='ocrx_word' id='word_1_563' title='bbox 2300 3225 2400 3294; x_wconf 85' lang='grc' dir='ltr'>τῆς</span> <span class='ocrx_word' id='word_1_564' title='bbox 2432 3224 2669 3287; x_wconf 85' lang='grc' dir='ltr'>πίστεως</span> <span class='ocrx_word' id='word_1_565' title='bbox 2705 3222 2959 3293; x_wconf 77' lang='grc' dir='ltr'>συμϐόλῳ</span> <span class='ocrx_word' id='word_1_566' title='bbox 2987 3221 3359 3291; x_wconf 81' lang='grc' dir='ltr'>ὁμολογεῖται.</span> <span class='ocrx_word' id='word_1_567' title='bbox 3381 3223 3592 3293; x_wconf 78' lang='grc' dir='ltr'>Πατὴρ,</span> 
     </span>
    </p>
   </div>
   <div class='ocr_carea' id='block_1_79' title="bbox 2025 3311 3594 3386">
    <p class='ocr_par' dir='ltr' id='par_1_79' title="bbox 2025 3311 3594 3386">
     <span class='ocr_line' id='line_1_79' title="bbox 2025 3311 3594 3386; baseline -0.005 -16"><span class='ocrx_word' id='word_1_568' title='bbox 2025 3318 2175 3384; x_wconf 77' lang='grc' dir='ltr'>Υἱὸς,</span> <span class='ocrx_word' id='word_1_569' title='bbox 2215 3316 2309 3370; x_wconf 76' lang='grc' dir='ltr'><strong>καὶ</strong></span> <span class='ocrx_word' id='word_1_570' title='bbox 2336 3315 2560 3386; x_wconf 80' lang='grc' dir='ltr'><strong>Πνεῦμα</strong></span> <span class='ocrx_word' id='word_1_571' title='bbox 2593 3315 2770 3384; x_wconf 75' lang='grc' dir='ltr'>ἅγιον,</span> <span class='ocrx_word' id='word_1_572' title='bbox 2791 3315 2940 3382; x_wconf 75' lang='grc' dir='ltr'>τρεῖς</span> <span class='ocrx_word' id='word_1_573' title='bbox 2973 3313 3318 3377; x_wconf 81' lang='grc' dir='ltr'>ὑποστάσεις,</span> <span class='ocrx_word' id='word_1_574' title='bbox 3349 3311 3449 3381; x_wconf 86' lang='grc' dir='ltr'><strong>μία</strong></span> <span class='ocrx_word' id='word_1_575' title='bbox 3473 3311 3594 3364; x_wconf 80' lang='grc' dir='ltr'>θεό-</span> 
     </span>
    </p>
   </div>
   <div class='ocr_carea' id='block_1_80' title="bbox 2024 3402 3597 3480">
    <p class='ocr_par' dir='ltr' id='par_1_80' title="bbox 2024 3402 3597 3480">
     <span class='ocr_line' id='line_1_80' title="bbox 2024 3402 3597 3480; baseline -0.007 -16"><span class='ocrx_word' id='word_1_576' title='bbox 2024 3427 2122 3480; x_wconf 83' lang='grc' dir='ltr'><strong>της</strong></span> <span class='ocrx_word' id='word_1_577' title='bbox 2155 3408 2322 3476; x_wconf 82' lang='grc' dir='ltr'>ἁπλῆ.</span> <span class='ocrx_word' id='word_1_578' title='bbox 2365 3407 2616 3476; x_wconf 76' lang='grc' dir='ltr'>ἀόρατος,</span> <span class='ocrx_word' id='word_1_579' title='bbox 2671 3403 2930 3466; x_wconf 78' lang='grc' dir='ltr'>ἀνείδεος,</span> <span class='ocrx_word' id='word_1_580' title='bbox 2966 3403 3397 3472; x_wconf 74' lang='grc' dir='ltr'>ἀσχημάτιστος,</span> <span class='ocrx_word' id='word_1_581' title='bbox 3459 3402 3597 3469; x_wconf 80' lang='grc' dir='ltr'><strong>ἀμέ-</strong></span> 
     </span>
    </p>
   </div>
   <div class='ocr_carea' id='block_1_81' title="bbox 2029 3491 3594 3571">
    <p class='ocr_par' dir='ltr' id='par_1_81' title="bbox 2029 3491 3594 3571">
     <span class='ocr_line' id='line_1_81' title="bbox 2029 3491 3594 3571; baseline -0.007 -18"><span class='ocrx_word' id='word_1_582' title='bbox 2029 3516 2231 3571; x_wconf 73' lang='grc' dir='ltr'>ριστος,</span> <span class='ocrx_word' id='word_1_583' title='bbox 2288 3498 2614 3567; x_wconf 80' lang='grc' dir='ltr'>ἀδιαίρετος,</span> <span class='ocrx_word' id='word_1_584' title='bbox 2679 3492 2957 3565; x_wconf 76' lang='grc' dir='ltr'><strong>πανταχοῦ</strong></span> <span class='ocrx_word' id='word_1_585' title='bbox 3019 3509 3078 3545; x_wconf 89' lang='grc' dir='ltr'><strong>τε</strong></span> <span class='ocrx_word' id='word_1_586' title='bbox 3127 3492 3378 3561; x_wconf 75' lang='grc' dir='ltr'>παροῦσα</span> <span class='ocrx_word' id='word_1_587' title='bbox 3405 3491 3498 3545; x_wconf 76' lang='grc' dir='ltr'><strong>καὶ</strong></span> <span class='ocrx_word' id='word_1_588' title='bbox 3530 3495 3594 3542; x_wconf 77' lang='grc' dir='ltr'><strong>τὰ</strong></span> 
     </span>
    </p>
   </div>
   <div class='ocr_carea' id='block_1_82' title="bbox 2027 3583 3592 3658">
    <p class='ocr_par' dir='ltr' id='par_1_82' title="bbox 2027 3583 3592 3658">
     <span class='ocr_line' id='line_1_82' title="bbox 2027 3583 3592 3658; baseline -0.005 -15"><span class='ocrx_word' id='word_1_589' title='bbox 2027 3592 2205 3643; x_wconf 79' lang='grc' dir='ltr'>πάντα</span> <span class='ocrx_word' id='word_1_590' title='bbox 2232 3586 2542 3658; x_wconf 82' lang='grc' dir='ltr'>πληροῦσα,</span> <span class='ocrx_word' id='word_1_591' title='bbox 2587 3586 2681 3639; x_wconf 69' lang='grc' dir='ltr'><strong>καὶ</strong></span> <span class='ocrx_word' id='word_1_592' title='bbox 2710 3586 2889 3637; x_wconf 83' lang='grc' dir='ltr'>πάντα</span> <span class='ocrx_word' id='word_1_593' title='bbox 2914 3583 3237 3653; x_wconf 74' lang='grc' dir='ltr'>ὲνεργοῦσα.</span> <span class='ocrx_word' id='word_1_594' title='bbox 3285 3585 3362 3637; x_wconf 82' lang='grc' dir='ltr'><strong>Οὐ</strong></span> <span class='ocrx_word' id='word_1_595' title='bbox 3395 3585 3592 3654; x_wconf 83' lang='grc' dir='ltr'>μικρὸν</span> 
     </span>
    </p>
   </div>
   <div class='ocr_carea' id='block_1_83' title="bbox 2025 3676 3593 3750">
    <p class='ocr_par' dir='ltr' id='par_1_83' title="bbox 2025 3676 3593 3750">
     <span class='ocr_line' id='line_1_83' title="bbox 2025 3676 3593 3750; baseline -0.005 -16"><span class='ocrx_word' id='word_1_596' title='bbox 2025 3682 2085 3734; x_wconf 69' lang='grc' dir='ltr'>ιν</span> <span class='ocrx_word' id='word_1_597' title='bbox 2117 3680 2302 3750; x_wconf 71' lang='grc' dir='ltr'>ἐκείνῃ</span> <span class='ocrx_word' id='word_1_598' title='bbox 2341 3681 2434 3732; x_wconf 83' lang='grc' dir='ltr'><strong>καὶ</strong></span> <span class='ocrx_word' id='word_1_599' title='bbox 2467 3677 2631 3747; x_wconf 80' lang='grc' dir='ltr'>μέγα,</span> <span class='ocrx_word' id='word_1_600' title='bbox 2661 3677 2780 3730; x_wconf 64' lang='grc' dir='ltr'><strong>οὐδὲ</strong></span> <span class='ocrx_word' id='word_1_601' title='bbox 2823 3676 3076 3742; x_wconf 73' lang='grc' dir='ltr'>ἀνισότης</span> <span class='ocrx_word' id='word_1_602' title='bbox 3113 3676 3205 3726; x_wconf 76' lang='grc' dir='ltr'><strong>καὶ</strong></span> <span class='ocrx_word' id='word_1_603' title='bbox 3245 3676 3593 3743; x_wconf 76' lang='grc' dir='ltr'>ἀνομοιότης,</span> 
     </span>
    </p>
   </div>
   <div class='ocr_carea' id='block_1_84' title="bbox 2028 3764 3594 3838">
    <p class='ocr_par' dir='ltr' id='par_1_84' title="bbox 2028 3764 3594 3838">
     <span class='ocr_line' id='line_1_84' title="bbox 2028 3764 3594 3838; baseline -0.008 -10"><span class='ocrx_word' id='word_1_604' title='bbox 2028 3774 2163 3828; x_wconf 81' lang='grc' dir='ltr'>ἀλλὰ</span> <span class='ocrx_word' id='word_1_605' title='bbox 2197 3773 2345 3825; x_wconf 85' lang='grc' dir='ltr'>πᾶσα</span> <span class='ocrx_word' id='word_1_606' title='bbox 2379 3768 2559 3838; x_wconf 74' lang='grc' dir='ltr'>ἰσότης</span> <span class='ocrx_word' id='word_1_607' title='bbox 2589 3769 2683 3820; x_wconf 80' lang='grc' dir='ltr'><strong>καὶ</strong></span> <span class='ocrx_word' id='word_1_608' title='bbox 2731 3769 3006 3836; x_wconf 74' lang='grc' dir='ltr'>ὁμοιότης.</span> <span class='ocrx_word' id='word_1_609' title='bbox 3037 3765 3188 3833; x_wconf 80' lang='grc' dir='ltr'>Αὕτη</span> <span class='ocrx_word' id='word_1_610' title='bbox 3209 3764 3300 3818; x_wconf 84' lang='grc' dir='ltr'><strong>οῦν</strong></span> <span class='ocrx_word' id='word_1_611' title='bbox 3331 3766 3363 3836; x_wconf 80' lang='grc' dir='ltr'><strong>ἠ</strong></span> <span class='ocrx_word' id='word_1_612' title='bbox 3414 3767 3594 3826; x_wconf 73' lang='grc' dir='ltr'>πίστις</span> 
     </span>
    </p>
   </div>
   <div class='ocr_carea' id='block_1_85' title="bbox 2027 3857 3600 3938">
    <p class='ocr_par' dir='ltr' id='par_1_85' title="bbox 2027 3857 3600 3938">
     <span class='ocr_line' id='line_1_85' title="bbox 2027 3857 3600 3938; baseline -0.007 -19"><span class='ocrx_word' id='word_1_613' title='bbox 2027 3866 2124 3935; x_wconf 86' lang='grc' dir='ltr'>τῆς</span> <span class='ocrx_word' id='word_1_614' title='bbox 2155 3864 2316 3929; x_wconf 79' lang='grc' dir='ltr'>ἁγίας</span> <span class='ocrx_word' id='word_1_615' title='bbox 2341 3861 2433 3938; x_wconf 73' lang='grc' dir='ltr'><strong>τοῦ</strong></span> <span class='ocrx_word' id='word_1_616' title='bbox 2473 3857 2607 3912; x_wconf 88' lang='grc' dir='ltr'>Θεοῦ</span> <span class='ocrx_word' id='word_1_617' title='bbox 2640 3857 2939 3924; x_wconf 79' lang='grc' dir='ltr'>καθολικῆς</span> <span class='ocrx_word' id='word_1_618' title='bbox 2967 3858 3062 3910; x_wconf 72' lang='grc' dir='ltr'><strong>καὶ</strong></span> <span class='ocrx_word' id='word_1_619' title='bbox 3091 3857 3458 3923; x_wconf 77' lang='grc' dir='ltr'>ἁποστολικῆς</span> <span class='ocrx_word' id='word_1_620' title='bbox 3480 3857 3600 3908; x_wconf 78' lang='grc' dir='ltr'><strong>Ἐκ-</strong></span> 
     </span>
    </p>
   </div>
   <div class='ocr_carea' id='block_1_86' title="bbox 2030 3947 3600 4026">
    <p class='ocr_par' dir='ltr' id='par_1_86' title="bbox 2030 3947 3600 4026">
     <span class='ocr_line' id='line_1_86' title="bbox 2030 3947 3600 4026; baseline -0.008 -16"><span class='ocrx_word' id='word_1_621' title='bbox 2030 3955 2259 4026; x_wconf 83' lang='grc' dir='ltr'>κλησίας</span> <span class='ocrx_word' id='word_1_622' title='bbox 2295 3951 2381 4004; x_wconf 83' lang='grc' dir='ltr'><strong>διὰ</strong></span> <span class='ocrx_word' id='word_1_623' title='bbox 2415 3951 2512 4021; x_wconf 79' lang='grc' dir='ltr'>μὲν</span> <span class='ocrx_word' id='word_1_624' title='bbox 2549 3949 2610 4002; x_wconf 79' lang='grc' dir='ltr'>τὸ</span> <span class='ocrx_word' id='word_1_625' title='bbox 2638 3948 3068 4019; x_wconf 74' lang='grc' dir='ltr'>τρισυτιόστατον</span> <span class='ocrx_word' id='word_1_626' title='bbox 3117 3951 3214 4017; x_wconf 81' lang='grc' dir='ltr'>τῆς</span> <span class='ocrx_word' id='word_1_627' title='bbox 3254 3947 3508 4015; x_wconf 81' lang='grc' dir='ltr'>Θεότητος</span> <span class='ocrx_word' id='word_1_628' title='bbox 3539 3948 3600 3998; x_wconf 75' lang='grc' dir='ltr'>τὸ</span> 
     </span>
    </p>
   </div>
   <div class='ocr_carea' id='block_1_87' title="bbox 2031 4042 3598 4118">
    <p class='ocr_par' dir='ltr' id='par_1_87' title="bbox 2031 4042 3598 4118">
     <span class='ocr_line' id='line_1_87' title="bbox 2031 4042 3598 4118; baseline -0.007 -17"><span class='ocrx_word' id='word_1_629' title='bbox 2031 4048 2286 4118; x_wconf 84' lang='grc' dir='ltr'>φρόνημα</span> <span class='ocrx_word' id='word_1_630' title='bbox 2315 4045 2424 4098; x_wconf 83' lang='grc' dir='ltr'>τῶν</span> <span class='ocrx_word' id='word_1_631' title='bbox 2477 4044 2745 4097; x_wconf 82' lang='grc' dir='ltr'>Ἰουδαίων</span> <span class='ocrx_word' id='word_1_632' title='bbox 2779 4042 3098 4106; x_wconf 77' lang='grc' dir='ltr'>κατέϐαλεν,</span> <span class='ocrx_word' id='word_1_633' title='bbox 3130 4042 3326 4104; x_wconf 75' lang='grc' dir='ltr'>οἵτινες</span> <span class='ocrx_word' id='word_1_634' title='bbox 3373 4058 3598 4093; x_wconf 79' lang='grc' dir='ltr'>πιστευ-</span> 
     </span>
    </p>
   </div>
   <div class='ocr_carea' id='block_1_88' title="bbox 2030 4131 3598 4206">
    <p class='ocr_par' dir='ltr' id='par_1_88' title="bbox 2030 4131 3598 4206">
     <span class='ocr_line' id='line_1_88' title="bbox 2030 4131 3598 4206; baseline -0.008 -12"><span class='ocrx_word' id='word_1_635' title='bbox 2030 4157 2146 4196; x_wconf 88' lang='grc' dir='ltr'>ουσι</span> <span class='ocrx_word' id='word_1_636' title='bbox 2171 4141 2266 4192; x_wconf 79' lang='grc' dir='ltr'><strong>καὶ</strong></span> <span class='ocrx_word' id='word_1_637' title='bbox 2282 4137 2604 4206; x_wconf 78' lang='grc' dir='ltr'>ὁμολογοῦσι</span> <span class='ocrx_word' id='word_1_638' title='bbox 2635 4135 2786 4198; x_wconf 70' lang='grc' dir='ltr'>Θεὸν,</span> <span class='ocrx_word' id='word_1_639' title='bbox 2818 4135 2877 4187; x_wconf 81' lang='grc' dir='ltr'>οὑ</span> <span class='ocrx_word' id='word_1_640' title='bbox 2910 4133 3342 4204; x_wconf 81' lang='grc' dir='ltr'>τρισυπόστατον</span> <span class='ocrx_word' id='word_1_641' title='bbox 3359 4133 3436 4195; x_wconf 81' lang='grc' dir='ltr'>δὲ,</span> <span class='ocrx_word' id='word_1_642' title='bbox 3461 4131 3598 4185; x_wconf 79' lang='grc' dir='ltr'><strong>ἀλλὰ</strong></span> 
     </span>
    </p>
   </div>
   <div class='ocr_carea' id='block_1_89' title="bbox 2034 4225 3601 4303">
    <p class='ocr_par' dir='ltr' id='par_1_89' title="bbox 2034 4225 3601 4303">
     <span class='ocr_line' id='line_1_89' title="bbox 2034 4225 3601 4303; baseline -0.007 -18"><span class='ocrx_word' id='word_1_643' title='bbox 2034 4233 2476 4303; x_wconf 85' lang='grc' dir='ltr'>μονοπρόσωπον·</span> <span class='ocrx_word' id='word_1_644' title='bbox 2505 4230 2592 4282; x_wconf 77' lang='grc' dir='ltr'>διὰ</span> <span class='ocrx_word' id='word_1_645' title='bbox 2617 4228 2673 4281; x_wconf 83' lang='grc' dir='ltr'><strong>δὲ</strong></span> <span class='ocrx_word' id='word_1_646' title='bbox 2697 4226 2755 4280; x_wconf 83' lang='grc' dir='ltr'>τὸ</span> <span class='ocrx_word' id='word_1_647' title='bbox 2779 4225 3064 4296; x_wconf 74' lang='grc' dir='ltr'>μοναδικδν</span> <span class='ocrx_word' id='word_1_648' title='bbox 3092 4227 3260 4291; x_wconf 71' lang='grc' dir='ltr'>αὐτῆς</span> <span class='ocrx_word' id='word_1_649' title='bbox 3285 4226 3377 4279; x_wconf 74' lang='grc' dir='ltr'><strong>καὶ</strong></span> <span class='ocrx_word' id='word_1_650' title='bbox 3403 4225 3601 4294; x_wconf 76' lang='grc' dir='ltr'>ἀμέρι-</span> 
     </span>
    </p>
   </div>
   <div class='ocr_carea' id='block_1_90' title="bbox 2035 4317 3601 4394">
    <p class='ocr_par' dir='ltr' id='par_1_90' title="bbox 2035 4317 3601 4394">
     <span class='ocr_line' id='line_1_90' title="bbox 2035 4317 3601 4394; baseline -0.008 -16"><span class='ocrx_word' id='word_1_651' title='bbox 2035 4341 2158 4378; x_wconf 92' lang='grc' dir='ltr'>στον</span> <span class='ocrx_word' id='word_1_652' title='bbox 2184 4323 2282 4394; x_wconf 80' lang='grc' dir='ltr'>τὴν</span> <span class='ocrx_word' id='word_1_653' title='bbox 2315 4321 2424 4375; x_wconf 86' lang='grc' dir='ltr'><strong>τῶν</strong></span> <span class='ocrx_word' id='word_1_654' title='bbox 2463 4320 2732 4390; x_wconf 76' lang='grc' dir='ltr'>Ἑλλήνων</span> <span class='ocrx_word' id='word_1_655' title='bbox 2765 4317 3056 4372; x_wconf 83' lang='grc' dir='ltr'>πολυθεῖαν</span> <span class='ocrx_word' id='word_1_656' title='bbox 3075 4317 3350 4387; x_wconf 71' lang='grc' dir='ltr'>ἀπήλασε,</span> <span class='ocrx_word' id='word_1_657' title='bbox 3389 4319 3482 4372; x_wconf 78' lang='grc' dir='ltr'><strong>καὶ</strong></span> <span class='ocrx_word' id='word_1_658' title='bbox 3505 4321 3601 4385; x_wconf 73' lang='grc' dir='ltr'>τὴν</span> 
     </span>
    </p>
   </div>
   <div class='ocr_carea' id='block_1_91' title="bbox 361 4407 1919 4485">
    <p class='ocr_par' dir='ltr' id='par_1_91' title="bbox 361 4407 1919 4480">
     <span class='ocr_line' id='line_1_91' title="bbox 361 4407 1919 4480; baseline -0.002 -15"><span class='ocrx_word' id='word_1_659' title='bbox 361 4422 415 4465; x_wconf 91' lang='lat' dir='ltr'><strong>et</strong></span> <span class='ocrx_word' id='word_1_660' title='bbox 437 4425 537 4480; x_wconf 89' lang='lat' dir='ltr'><strong>ego</strong></span> <span class='ocrx_word' id='word_1_661' title='bbox 566 4423 724 4475; x_wconf 79' lang='lat' dir='ltr'><strong>opem</strong></span> <span class='ocrx_word' id='word_1_662' title='bbox 763 4407 930 4462; x_wconf 77' lang='lat' dir='ltr'><strong>feram</strong></span> <span class='ocrx_word' id='word_1_663' title='bbox 960 4407 1093 4476; x_wconf 65' lang='lat' dir='ltr'><strong>tibi;</strong></span> <span class='ocrx_word' id='word_1_664' title='bbox 1123 4411 1174 4462; x_wconf 80' lang='lat' dir='ltr'><strong>In</strong></span> <span class='ocrx_word' id='word_1_665' title='bbox 1196 4425 1358 4479; x_wconf 87' lang='lat' dir='ltr'><strong>parvo</strong></span> <span class='ocrx_word' id='word_1_666' title='bbox 1395 4409 1576 4464; x_wconf 82' lang='lat' dir='ltr'><strong>furore</strong></span> <span class='ocrx_word' id='word_1_667' title='bbox 1607 4407 1919 4478; x_wconf 83' lang='lat' dir='ltr'><strong>percusiste,</strong></span> 
     </span>
    </p>
   </div>
   <div class='ocr_carea' id='block_1_92' title="bbox 2020 4407 3598 4485">
    <p class='ocr_par' dir='ltr' id='par_1_92' title="bbox 2045 4410 3598 4485">
     <span class='ocr_line' id='line_1_92' title="bbox 2045 4410 3598 4485; baseline -0.006 -15"><span class='ocrx_word' id='word_1_668' title='bbox 2045 4415 2277 4485; x_wconf 83' lang='grc' dir='ltr'>Ἀρείου,</span> <span class='ocrx_word' id='word_1_669' title='bbox 2329 4412 2424 4466; x_wconf 80' lang='grc' dir='ltr'><strong>καὶ</strong></span> <span class='ocrx_word' id='word_1_670' title='bbox 2463 4410 2733 4481; x_wconf 82' lang='grc' dir='ltr'>Εὐνομίου</span> <span class='ocrx_word' id='word_1_671' title='bbox 2767 4412 2873 4464; x_wconf 80' lang='grc' dir='ltr'>τῶν</span> <span class='ocrx_word' id='word_1_672' title='bbox 2900 4410 3078 4464; x_wconf 82' lang='grc' dir='ltr'>ἀθέων</span> <span class='ocrx_word' id='word_1_673' title='bbox 3107 4410 3401 4480; x_wconf 84' lang='grc' dir='ltr'>αίρετικῶν</span> <span class='ocrx_word' id='word_1_674' title='bbox 3430 4427 3598 4462; x_wconf 55' lang='grc' dir='ltr'>κατε-</span> 
     </span>
    </p>
   </div>
   <div class='ocr_carea' id='block_1_93' title="bbox 362 4497 1930 4570">
    <p class='ocr_par' dir='ltr' id='par_1_93' title="bbox 362 4497 1930 4570">
     <span class='ocr_line' id='line_1_93' title="bbox 362 4497 1930 4570; baseline -0.004 -12"><span class='ocrx_word' id='word_1_675' title='bbox 362 4514 415 4559; x_wconf 89' lang='lat' dir='ltr'><strong>et</strong></span> <span class='ocrx_word' id='word_1_676' title='bbox 469 4504 521 4556; x_wconf 93' lang='lat' dir='ltr'><strong>in</strong></span> <span class='ocrx_word' id='word_1_677' title='bbox 557 4500 887 4567; x_wconf 86' lang='lat' dir='ltr'><strong>sempiterna</strong></span> <span class='ocrx_word' id='word_1_678' title='bbox 934 4501 1307 4556; x_wconf 85' lang='lat' dir='ltr'><strong>misericordia</strong></span> <span class='ocrx_word' id='word_1_679' title='bbox 1341 4501 1653 4570; x_wconf 82' lang='lat' dir='ltr'><strong>gloriﬁcabo</strong></span> <span class='ocrx_word' id='word_1_680' title='bbox 1688 4511 1758 4554; x_wconf 83' lang='lat' dir='ltr'><strong>te.</strong></span> <span class='ocrx_word' id='word_1_681' title='bbox 1797 4519 1816 4552; x_wconf 73' lang='grc' dir='ltr'><strong>ι</strong></span> <span class='ocrx_word' id='word_1_682' title='bbox 1850 4497 1930 4553; x_wconf 83' lang='grc' dir='ltr'>ιιι-</span> 
     </span>
    </p>
   </div>
   <div class='ocr_carea' id='block_1_94' title="bbox 362 4594 1933 4664">
    <p class='ocr_par' dir='ltr' id='par_1_94' title="bbox 362 4594 1933 4664">
     <span class='ocr_line' id='line_1_94' title="bbox 362 4594 1933 4664; baseline -0.004 -14"><span class='ocrx_word' id='word_1_683' title='bbox 362 4595 623 4650; x_wconf 86' lang='lat' dir='ltr'><strong>credibile</strong></span> <span class='ocrx_word' id='word_1_684' title='bbox 649 4604 755 4664; x_wconf 87' lang='lat' dir='ltr'><strong>est,</strong></span> <span class='ocrx_word' id='word_1_685' title='bbox 784 4601 989 4663; x_wconf 89' lang='lat' dir='ltr'><strong>quanto</strong></span> <span class='ocrx_word' id='word_1_686' title='bbox 1037 4594 1335 4664; x_wconf 90' lang='lat' dir='ltr'><strong>punitiouis</strong></span> <span class='ocrx_word' id='word_1_687' title='bbox 1376 4609 1683 4648; x_wconf 89' lang='lat' dir='ltr'><strong>mensuram</strong></span> <span class='ocrx_word' id='word_1_688' title='bbox 1719 4599 1933 4647; x_wconf 86' lang='lat' dir='ltr'><strong>anteeat</strong></span> 
     </span>
    </p>
   </div>
   <div class='ocr_carea' id='block_1_95' title="bbox 365 4685 1935 4752">
    <p class='ocr_par' dir='ltr' id='par_1_95' title="bbox 365 4685 1935 4752">
     <span class='ocr_line' id='line_1_95' title="bbox 365 4685 1935 4752; baseline -0.006 -6"><span class='ocrx_word' id='word_1_689' title='bbox 365 4693 699 4748; x_wconf 81' lang='lat' dir='ltr'><strong>humanitas.</strong></span> <span class='ocrx_word' id='word_1_690' title='bbox 726 4710 746 4744; x_wconf 85' lang='grc'><strong>‹</strong></span> <span class='ocrx_word' id='word_1_691' title='bbox 765 4690 1034 4747; x_wconf 79' lang='lat' dir='ltr'><strong>Modicum</strong></span> <span class='ocrx_word' id='word_1_692' title='bbox 1062 4690 1228 4752; x_wconf 92' lang='lat' dir='ltr'><strong>enim,</strong></span> <span class='ocrx_word' id='word_1_693' title='bbox 1255 4687 1351 4750; x_wconf 84' lang='lat' dir='ltr'><strong>ait,</strong></span> <span class='ocrx_word' id='word_1_694' title='bbox 1376 4685 1763 4741; x_wconf 67' lang='lat' dir='ltr'><strong>hatreditabitis</strong></span> <span class='ocrx_word' id='word_1_695' title='bbox 1782 4698 1935 4738; x_wconf 90' lang='lat' dir='ltr'><strong>mon-</strong></span> 
     </span>
    </p>
   </div>
   <div class='ocr_carea' id='block_1_96' title="bbox 365 4775 1932 4847">
    <p class='ocr_par' dir='ltr' id='par_1_96' title="bbox 365 4775 1932 4847">
     <span class='ocr_line' id='line_1_96' title="bbox 365 4775 1932 4847; baseline -0.006 -8"><span class='ocrx_word' id='word_1_696' title='bbox 365 4793 470 4840; x_wconf 87' lang='lat' dir='ltr'><strong>tem</strong></span> <span class='ocrx_word' id='word_1_697' title='bbox 511 4792 766 4841; x_wconf 85' lang='lat' dir='ltr'><strong>sanctum</strong></span> <span class='ocrx_word' id='word_1_698' title='bbox 797 4798 977 4837; x_wconf 87' lang='lat' dir='ltr'><strong>meum</strong></span> <span class='ocrx_word' id='word_1_699' title='bbox 1020 4780 1337 4846; x_wconf 86' lang='lat' dir='ltr'><strong>;modicum</strong></span> <span class='ocrx_word' id='word_1_700' title='bbox 1393 4777 1534 4847; x_wconf 84' lang='lat' dir='ltr'><strong>apud</strong></span> <span class='ocrx_word' id='word_1_701' title='bbox 1598 4775 1932 4844; x_wconf 85' lang='lat' dir='ltr'><strong>alienigenas</strong></span> 
     </span>
    </p>
   </div>
   <div class='ocr_carea' id='block_1_97' title="bbox 363 4869 1930 4945">
    <p class='ocr_par' dir='ltr' id='par_1_97' title="bbox 363 4869 1930 4945">
     <span class='ocr_line' id='line_1_97' title="bbox 363 4869 1930 4945; baseline -0.008 -13"><span class='ocrx_word' id='word_1_702' title='bbox 363 4892 490 4932; x_wconf 88' lang='lat' dir='ltr'><strong>arca</strong></span> <span class='ocrx_word' id='word_1_703' title='bbox 521 4892 537 4931; x_wconf 90' lang='lat'><strong>:</strong></span> <span class='ocrx_word' id='word_1_704' title='bbox 571 4891 721 4931; x_wconf 89' lang='lat' dir='ltr'><strong>nunc</strong></span> <span class='ocrx_word' id='word_1_705' title='bbox 759 4873 1037 4945; x_wconf 89' lang='lat' dir='ltr'><strong>paululum</strong></span> <span class='ocrx_word' id='word_1_706' title='bbox 1067 4873 1121 4926; x_wconf 93' lang='lat' dir='ltr'><strong>in</strong></span> <span class='ocrx_word' id='word_1_707' title='bbox 1142 4872 1317 4926; x_wconf 79' lang='lat' dir='ltr'><strong>aliena</strong></span> <span class='ocrx_word' id='word_1_708' title='bbox 1346 4869 1672 4924; x_wconf 88' lang='lat' dir='ltr'><strong>insolentius</strong></span> <span class='ocrx_word' id='word_1_709' title='bbox 1706 4875 1758 4922; x_wconf 91' lang='lat' dir='ltr'><strong>te</strong></span> <span class='ocrx_word' id='word_1_710' title='bbox 1783 4881 1930 4935; x_wconf 85' lang='lat' dir='ltr'><strong>gere,</strong></span> 
     </span>
    </p>
   </div>
   <div class='ocr_carea' id='block_1_98' title="bbox 363 4957 1934 5038">
    <p class='ocr_par' dir='ltr' id='par_1_98' title="bbox 363 4957 1934 5038">
     <span class='ocr_line' id='line_1_98' title="bbox 363 4957 1934 5038; baseline -0.01 -14"><span class='ocrx_word' id='word_1_711' title='bbox 363 4981 417 5025; x_wconf 89' lang='lat' dir='ltr'><strong>et</strong></span> <span class='ocrx_word' id='word_1_712' title='bbox 440 4968 639 5038; x_wconf 85' lang='lat' dir='ltr'><strong>placita</strong></span> <span class='ocrx_word' id='word_1_713' title='bbox 661 4961 1336 5036; x_wconf 80' lang='lat' dir='ltr'><strong>exple;quemadmodum</strong></span> <span class='ocrx_word' id='word_1_714' title='bbox 1379 4958 1526 5014; x_wconf 89' lang='lat' dir='ltr'><strong>enim</strong></span> <span class='ocrx_word' id='word_1_715' title='bbox 1582 4972 1668 5012; x_wconf 88' lang='lat' dir='ltr'><strong>me</strong></span> <span class='ocrx_word' id='word_1_716' title='bbox 1736 4957 1934 5026; x_wconf 74' lang='lat' dir='ltr'><strong>ejiccte</strong></span> 
     </span>
    </p>
   </div>
   <div class='ocr_carea' id='block_1_99' title="bbox 366 5047 1922 5126">
    <p class='ocr_par' dir='ltr' id='par_1_99' title="bbox 366 5047 1922 5126">
     <span class='ocr_line' id='line_1_99' title="bbox 366 5047 1922 5126; baseline -0.01 -11"><span class='ocrx_word' id='word_1_717' title='bbox 366 5062 547 5115; x_wconf 87' lang='lat' dir='ltr'><strong>conati</strong></span> <span class='ocrx_word' id='word_1_718' title='bbox 570 5059 725 5124; x_wconf 88' lang='lat' dir='ltr'><strong>estis,</strong></span> <span class='ocrx_word' id='word_1_719' title='bbox 750 5059 824 5112; x_wconf 87' lang='lat' dir='ltr'><strong>ita</strong></span> <span class='ocrx_word' id='word_1_720' title='bbox 847 5067 897 5111; x_wconf 90' lang='lat' dir='ltr'><strong>et</strong></span> <span class='ocrx_word' id='word_1_721' title='bbox 931 5057 1044 5126; x_wconf 83' lang='lat' dir='ltr'><strong>ipse</strong></span> <span class='ocrx_word' id='word_1_722' title='bbox 1073 5054 1283 5123; x_wconf 86' lang='lat' dir='ltr'><strong>ejiciam</strong></span> <span class='ocrx_word' id='word_1_723' title='bbox 1313 5067 1430 5117; x_wconf 87' lang='lat' dir='ltr'><strong>vos,</strong></span> <span class='ocrx_word' id='word_1_724' title='bbox 1459 5050 1591 5104; x_wconf 88' lang='lat' dir='ltr'><strong>dicit</strong></span> <span class='ocrx_word' id='word_1_725' title='bbox 1659 5047 1922 5102; x_wconf 91' lang='lat' dir='ltr'><strong>Dominus</strong></span> 
     </span>
    </p>
   </div>
   <div class='ocr_carea' id='block_1_100' title="bbox 365 5141 1934 5214">
    <p class='ocr_par' dir='ltr' id='par_1_100' title="bbox 365 5141 1934 5214">
     <span class='ocr_line' id='line_1_100' title="bbox 365 5141 1934 5214; baseline -0.007 -11"><span class='ocrx_word' id='word_1_726' title='bbox 365 5149 764 5212; x_wconf 65' lang='lat' dir='ltr'><strong>omnipotens.»</strong></span> <span class='ocrx_word' id='word_1_727' title='bbox 801 5147 874 5202; x_wconf 85' lang='lat' dir='ltr'><strong>De</strong></span> <span class='ocrx_word' id='word_1_728' title='bbox 906 5147 1014 5201; x_wconf 88' lang='lat' dir='ltr'><strong>tuis</strong></span> <span class='ocrx_word' id='word_1_729' title='bbox 1041 5145 1218 5214; x_wconf 87' lang='lat' dir='ltr'><strong>itaque</strong></span> <span class='ocrx_word' id='word_1_730' title='bbox 1241 5141 1608 5213; x_wconf 87' lang='lat' dir='ltr'><strong>dogmatibus,</strong></span> <span class='ocrx_word' id='word_1_731' title='bbox 1648 5149 1700 5194; x_wconf 85' lang='lat' dir='ltr'><strong>et</strong></span> <span class='ocrx_word' id='word_1_732' title='bbox 1721 5152 1934 5192; x_wconf 91' lang='lat' dir='ltr'><strong>summo</strong></span> 
     </span>
    </p>
   </div>
   <div class='ocr_carea' id='block_1_101' title="bbox 368 5236 1935 5309">
    <p class='ocr_par' dir='ltr' id='par_1_101' title="bbox 368 5236 1935 5309">
     <span class='ocr_line' id='line_1_101' title="bbox 368 5236 1935 5309; baseline -0.009 -12"><span class='ocrx_word' id='word_1_733' title='bbox 368 5251 634 5309; x_wconf 89' lang='lat' dir='ltr'><strong>occupato</strong></span> <span class='ocrx_word' id='word_1_734' title='bbox 664 5239 969 5295; x_wconf 87' lang='lat' dir='ltr'><strong>sacerdotio</strong></span> <span class='ocrx_word' id='word_1_735' title='bbox 1005 5236 1077 5290; x_wconf 90' lang='lat' dir='ltr'><strong>ita</strong></span> <span class='ocrx_word' id='word_1_736' title='bbox 1110 5237 1224 5305; x_wconf 88' lang='lat' dir='ltr'><strong>ipse</strong></span> <span class='ocrx_word' id='word_1_737' title='bbox 1247 5236 1505 5297; x_wconf 88' lang='lat' dir='ltr'><strong>sentio,et</strong></span> <span class='ocrx_word' id='word_1_738' title='bbox 1539 5247 1662 5302; x_wconf 84' lang='lat' dir='ltr'><strong>spes</strong></span> <span class='ocrx_word' id='word_1_739' title='bbox 1685 5247 1769 5285; x_wconf 89' lang='lat' dir='ltr'><strong>me</strong></span> <span class='ocrx_word' id='word_1_740' title='bbox 1790 5239 1935 5286; x_wconf 86' lang='lat' dir='ltr'><strong>tenet</strong></span> 
     </span>
    </p>
   </div>
   <div class='ocr_carea' id='block_1_102' title="bbox 372 5322 1936 5396">
    <p class='ocr_par' dir='ltr' id='par_1_102' title="bbox 372 5322 1936 5396">
     <span class='ocr_line' id='line_1_102' title="bbox 372 5322 1936 5396; baseline -0.008 -9"><span class='ocrx_word' id='word_1_741' title='bbox 372 5333 446 5387; x_wconf 91' lang='lat' dir='ltr'><strong>ita</strong></span> <span class='ocrx_word' id='word_1_742' title='bbox 478 5331 742 5385; x_wconf 77' lang='lat' dir='ltr'><strong>futurum.</strong></span> <span class='ocrx_word' id='word_1_743' title='bbox 773 5327 914 5394; x_wconf 85' lang='lat' dir='ltr'><strong>Quin</strong></span> <span class='ocrx_word' id='word_1_744' title='bbox 950 5327 1060 5381; x_wconf 91' lang='lat' dir='ltr'><strong>imo</strong></span> <span class='ocrx_word' id='word_1_745' title='bbox 1084 5327 1330 5396; x_wconf 84' lang='lat' dir='ltr'><strong>apprime</strong></span> <span class='ocrx_word' id='word_1_746' title='bbox 1364 5324 1514 5390; x_wconf 87' lang='lat' dir='ltr'><strong>novi,</strong></span> <span class='ocrx_word' id='word_1_747' title='bbox 1546 5334 1599 5378; x_wconf 89' lang='lat' dir='ltr'><strong>et</strong></span> <span class='ocrx_word' id='word_1_748' title='bbox 1624 5322 1936 5384; x_wconf 88' lang='lat' dir='ltr'><strong>conﬁdo,et</strong></span> 
     </span>
    </p>
   </div>
   <div class='ocr_carea' id='block_1_103' title="bbox 374 5414 1936 5488">
    <p class='ocr_par' dir='ltr' id='par_1_103' title="bbox 374 5414 1936 5488">
     <span class='ocr_line' id='line_1_103' title="bbox 374 5414 1936 5488; baseline -0.006 -11"><span class='ocrx_word' id='word_1_749' title='bbox 374 5422 606 5477; x_wconf 86' lang='lat' dir='ltr'><strong>ﬁrmiter</strong></span> <span class='ocrx_word' id='word_1_750' title='bbox 633 5433 815 5484; x_wconf 88' lang='lat' dir='ltr'><strong>teneo,</strong></span> <span class='ocrx_word' id='word_1_751' title='bbox 843 5419 1146 5474; x_wconf 83' lang='lat' dir='ltr'><strong>Salvatoris</strong></span> <span class='ocrx_word' id='word_1_752' title='bbox 1192 5415 1651 5488; x_wconf 85' lang='lat' dir='ltr'><strong>promissionibus</strong></span> <span class='ocrx_word' id='word_1_753' title='bbox 1711 5414 1936 5469; x_wconf 86' lang='lat' dir='ltr'><strong>indubie</strong></span> 
     </span>
    </p>
   </div>
   <div class='ocr_carea' id='block_1_104' title="bbox 376 5507 1932 5580">
    <p class='ocr_par' dir='ltr' id='par_1_104' title="bbox 376 5507 1932 5580">
     <span class='ocr_line' id='line_1_104' title="bbox 376 5507 1932 5580; baseline -0.008 -10"><span class='ocrx_word' id='word_1_754' title='bbox 376 5515 746 5570; x_wconf 71' lang='lat' dir='ltr'><strong>:onﬁrmatus.</strong></span> <span class='ocrx_word' id='word_1_755' title='bbox 779 5511 887 5567; x_wconf 80' lang='lat' dir='ltr'><strong>Nos</strong></span> <span class='ocrx_word' id='word_1_756' title='bbox 918 5528 1046 5568; x_wconf 87' lang='lat' dir='ltr'><strong>vero</strong></span> <span class='ocrx_word' id='word_1_757' title='bbox 1069 5509 1444 5580; x_wconf 88' lang='lat' dir='ltr'><strong>apostolorum</strong></span> <span class='ocrx_word' id='word_1_758' title='bbox 1468 5507 1932 5577; x_wconf 61' lang='lat' dir='ltr'><strong>praedicationem,</strong></span> 
     </span>
    </p>
   </div>
   <div class='ocr_carea' id='block_1_105' title="bbox 369 5601 1940 5674">
    <p class='ocr_par' dir='ltr' id='par_1_105' title="bbox 369 5601 1940 5674">
     <span class='ocr_line' id='line_1_105' title="bbox 369 5601 1940 5674; baseline -0.006 -15"><span class='ocrx_word' id='word_1_759' title='bbox 369 5611 418 5659; x_wconf 67' lang='lat' dir='ltr'><strong>et</strong></span> <span class='ocrx_word' id='word_1_760' title='bbox 447 5608 702 5674; x_wconf 80' lang='lat' dir='ltr'><strong>dogmata</strong></span> <span class='ocrx_word' id='word_1_761' title='bbox 724 5605 967 5670; x_wconf 89' lang='lat' dir='ltr'><strong>Patrum,</strong></span> <span class='ocrx_word' id='word_1_762' title='bbox 992 5614 1418 5671; x_wconf 86' lang='lat' dir='ltr'><strong>sanctorumque</strong></span> <span class='ocrx_word' id='word_1_763' title='bbox 1440 5601 1684 5653; x_wconf 80' lang='lat' dir='ltr'><strong>omnium</strong></span> <span class='ocrx_word' id='word_1_764' title='bbox 1707 5613 1940 5667; x_wconf 79' lang='lat' dir='ltr'><strong>sequen-</strong></span> 
     </span>
    </p>
   </div>
   <div class='ocr_carea' id='block_1_106' title="bbox 375 5689 1936 5764">
    <p class='ocr_par' dir='ltr' id='par_1_106' title="bbox 375 5689 1936 5764">
     <span class='ocr_line' id='line_1_106' title="bbox 375 5689 1936 5764; baseline 0.001 -22"><span class='ocrx_word' id='word_1_765' title='bbox 375 5698 483 5764; x_wconf 79' lang='lat' dir='ltr'><strong>tes,</strong></span> <span class='ocrx_word' id='word_1_766' title='bbox 514 5709 620 5750; x_wconf 77' lang='lat' dir='ltr'><strong>non</strong></span> <span class='ocrx_word' id='word_1_767' title='bbox 648 5697 712 5751; x_wconf 86' lang='lat' dir='ltr'><strong>dc</strong></span> <span class='ocrx_word' id='word_1_768' title='bbox 745 5696 848 5750; x_wconf 82' lang='lat' dir='ltr'><strong>Deo</strong></span> <span class='ocrx_word' id='word_1_769' title='bbox 876 5697 1240 5763; x_wconf 88' lang='lat' dir='ltr'><strong>decernimus,</strong></span> <span class='ocrx_word' id='word_1_770' title='bbox 1271 5696 1362 5750; x_wconf 83' lang='lat' dir='ltr'><strong>sed</strong></span> <span class='ocrx_word' id='word_1_771' title='bbox 1383 5691 1692 5760; x_wconf 75' lang='lat' dir='ltr'><strong>execranda</strong></span> <span class='ocrx_word' id='word_1_772' title='bbox 1711 5689 1936 5761; x_wconf 75' lang='lat' dir='ltr'><strong>dogma-</strong></span> 
     </span>
    </p>
   </div>
   <div class='ocr_carea' id='block_1_107' title="bbox 2033 4502 3603 4577">
    <p class='ocr_par' dir='ltr' id='par_1_107' title="bbox 2033 4502 3603 4577">
     <span class='ocr_line' id='line_1_107' title="bbox 2033 4502 3603 4577; baseline -0.004 -17"><span class='ocrx_word' id='word_1_773' title='bbox 2033 4507 2206 4577; x_wconf 83' lang='grc' dir='ltr'>τομὴν</span> <span class='ocrx_word' id='word_1_774' title='bbox 2235 4507 2334 4575; x_wconf 81' lang='grc' dir='ltr'>τῆς</span> <span class='ocrx_word' id='word_1_775' title='bbox 2359 4504 2648 4576; x_wconf 85' lang='grc' dir='ltr'>Θεότητος.</span> <span class='ocrx_word' id='word_1_776' title='bbox 2688 4504 2748 4557; x_wconf 91' lang='lat'><strong>&#39;0</strong></span> <span class='ocrx_word' id='word_1_777' title='bbox 2781 4502 2836 4556; x_wconf 80' lang='grc' dir='ltr'><strong>δὲ</strong></span> <span class='ocrx_word' id='word_1_778' title='bbox 2871 4503 2963 4555; x_wconf 89' lang='grc' dir='ltr'><strong>νῦν</strong></span> <span class='ocrx_word' id='word_1_779' title='bbox 3001 4503 3360 4572; x_wconf 78' lang='grc' dir='ltr'>αίρεσιάρχης</span> <span class='ocrx_word' id='word_1_780' title='bbox 3383 4505 3410 4556; x_wconf 85' lang='grc' dir='ltr'>ὁ</span> <span class='ocrx_word' id='word_1_781' title='bbox 3443 4502 3603 4570; x_wconf 81' lang='grc' dir='ltr'>λεγό-</span> 
     </span>
    </p>
   </div>
   <div class='ocr_carea' id='block_1_108' title="bbox 2036 4590 3603 4665">
    <p class='ocr_par' dir='ltr' id='par_1_108' title="bbox 2036 4590 3603 4665">
     <span class='ocr_line' id='line_1_108' title="bbox 2036 4590 3603 4665; baseline -0.004 -18"><span class='ocrx_word' id='word_1_782' title='bbox 2036 4611 2193 4665; x_wconf 86' lang='grc' dir='ltr'>μενος</span> <span class='ocrx_word' id='word_1_783' title='bbox 2243 4595 2509 4660; x_wconf 74' lang='grc' dir='ltr'>Παλαμᾶς</span> <span class='ocrx_word' id='word_1_784' title='bbox 2545 4593 2724 4647; x_wconf 83' lang='grc' dir='ltr'>πάντα</span> <span class='ocrx_word' id='word_1_785' title='bbox 2777 4593 2844 4645; x_wconf 75' lang='grc' dir='ltr'>τὰ</span> <span class='ocrx_word' id='word_1_786' title='bbox 2893 4591 3139 4659; x_wconf 73' lang='grc' dir='ltr'>δόγματα</span> <span class='ocrx_word' id='word_1_787' title='bbox 3197 4591 3296 4658; x_wconf 77' lang='grc' dir='ltr'>τῆς</span> <span class='ocrx_word' id='word_1_788' title='bbox 3324 4592 3483 4660; x_wconf 84' lang='grc' dir='ltr'>ἁγίας</span> <span class='ocrx_word' id='word_1_789' title='bbox 3509 4590 3603 4642; x_wconf 70' lang='grc' dir='ltr'><strong>τοῦ</strong></span> 
     </span>
    </p>
   </div>
   <div class='ocr_carea' id='block_1_109' title="bbox 2032 4680 3605 4753">
    <p class='ocr_par' dir='ltr' id='par_1_109' title="bbox 2032 4680 3605 4753">
     <span class='ocr_line' id='line_1_109' title="bbox 2032 4680 3605 4753; baseline -0.002 -16"><span class='ocrx_word' id='word_1_790' title='bbox 2032 4685 2170 4738; x_wconf 87' lang='grc' dir='ltr'>Θεοῦ</span> <span class='ocrx_word' id='word_1_791' title='bbox 2205 4683 2552 4752; x_wconf 79' lang='grc' dir='ltr'>Ἐκκλησίας,</span> <span class='ocrx_word' id='word_1_792' title='bbox 2579 4682 2675 4735; x_wconf 77' lang='grc' dir='ltr'><strong>καὶ</strong></span> <span class='ocrx_word' id='word_1_793' title='bbox 2707 4683 2887 4735; x_wconf 81' lang='grc' dir='ltr'>πᾶσαν</span> <span class='ocrx_word' id='word_1_794' title='bbox 2920 4684 3018 4748; x_wconf 76' lang='grc' dir='ltr'>τὴν</span> <span class='ocrx_word' id='word_1_795' title='bbox 3039 4680 3219 4735; x_wconf 84' lang='grc' dir='ltr'>πίστιν</span> <span class='ocrx_word' id='word_1_796' title='bbox 3248 4682 3405 4753; x_wconf 68' lang='grc' dir='ltr'>ἡμῶν</span> <span class='ocrx_word' id='word_1_797' title='bbox 3433 4700 3605 4735; x_wconf 77' lang='grc' dir='ltr'>κοιτα-</span> 
     </span>
    </p>
   </div>
   <div class='ocr_carea' id='block_1_110' title="bbox 2033 4769 3602 4840">
    <p class='ocr_par' dir='ltr' id='par_1_110' title="bbox 2033 4769 3602 4840">
     <span class='ocr_line' id='line_1_110' title="bbox 2033 4769 3602 4840; baseline -0.003 -13"><span class='ocrx_word' id='word_1_798' title='bbox 2033 4775 2150 4828; x_wconf 85' lang='grc' dir='ltr'>λύει</span> <span class='ocrx_word' id='word_1_799' title='bbox 2175 4775 2289 4835; x_wconf 86' lang='grc' dir='ltr'>τοῖς</span> <span class='ocrx_word' id='word_1_800' title='bbox 2317 4771 2516 4825; x_wconf 81' lang='grc' dir='ltr'>ἑαυτοῦ</span> <span class='ocrx_word' id='word_1_801' title='bbox 2547 4773 2761 4840; x_wconf 75' lang='grc' dir='ltr'>μιαροῖς</span> <span class='ocrx_word' id='word_1_802' title='bbox 2812 4771 2906 4823; x_wconf 80' lang='grc' dir='ltr'><strong>καὶ</strong></span> <span class='ocrx_word' id='word_1_803' title='bbox 2937 4769 3328 4831; x_wconf 80' lang='grc' dir='ltr'>ἁσεϐεστάτοις</span> <span class='ocrx_word' id='word_1_804' title='bbox 3365 4770 3602 4840; x_wconf 66' lang='grc' dir='ltr'>δόγμασι</span> 
     </span>
    </p>
   </div>
   <div class='ocr_carea' id='block_1_111' title="bbox 2034 4863 3600 4935">
    <p class='ocr_par' dir='ltr' id='par_1_111' title="bbox 2034 4863 3600 4935">
     <span class='ocr_line' id='line_1_111' title="bbox 2034 4863 3600 4935; baseline -0.005 -14"><span class='ocrx_word' id='word_1_805' title='bbox 2034 4871 2128 4922; x_wconf 74' lang='grc' dir='ltr'><strong>καὶ</strong></span> <span class='ocrx_word' id='word_1_806' title='bbox 2152 4867 2470 4935; x_wconf 78' lang='grc' dir='ltr'>διδάγμασι,</span> <span class='ocrx_word' id='word_1_807' title='bbox 2506 4866 2600 4916; x_wconf 81' lang='grc' dir='ltr'>καὶ</span> <span class='ocrx_word' id='word_1_808' title='bbox 2633 4864 2850 4916; x_wconf 80' lang='grc' dir='ltr'>πάντων</span> <span class='ocrx_word' id='word_1_809' title='bbox 2897 4866 3049 4916; x_wconf 75' lang='grc' dir='ltr'>ἐστὶν</span> <span class='ocrx_word' id='word_1_810' title='bbox 3081 4863 3374 4932; x_wconf 82' lang='grc' dir='ltr'>αίρετικῶν</span> <span class='ocrx_word' id='word_1_811' title='bbox 3404 4863 3600 4915; x_wconf 74' lang='grc' dir='ltr'><strong>ἀσεϐέ-</strong></span> 
     </span>
    </p>
   </div>
   <div class='ocr_carea' id='block_1_112' title="bbox 2037 4952 3602 5025">
    <p class='ocr_par' dir='ltr' id='par_1_112' title="bbox 2037 4952 3602 5025">
     <span class='ocr_line' id='line_1_112' title="bbox 2037 4952 3602 5025; baseline -0.004 -13"><span class='ocrx_word' id='word_1_812' title='bbox 2037 4974 2254 5021; x_wconf 73' lang='grc' dir='ltr'>στατος.</span> <span class='ocrx_word' id='word_1_813' title='bbox 2302 4957 2388 5019; x_wconf 82' lang='grc' dir='ltr'>Ὧς</span> <span class='ocrx_word' id='word_1_814' title='bbox 2419 4955 2658 5023; x_wconf 83' lang='grc' dir='ltr'>ἀνεφάνη</span> <span class='ocrx_word' id='word_1_815' title='bbox 2688 4954 2788 5023; x_wconf 82' lang='grc' dir='ltr'>μὲν</span> <span class='ocrx_word' id='word_1_816' title='bbox 2839 4953 3124 5025; x_wconf 76' lang='grc' dir='ltr'>προδήλως</span> <span class='ocrx_word' id='word_1_817' title='bbox 3175 4952 3408 5007; x_wconf 71' lang='grc' dir='ltr'>ἐνταῦϐα</span> <span class='ocrx_word' id='word_1_818' title='bbox 3452 4955 3602 5022; x_wconf 82' lang='grc' dir='ltr'>πάσῃ</span> 
     </span>
    </p>
   </div>
   <div class='ocr_carea' id='block_1_113' title="bbox 2034 5043 3600 5122">
    <p class='ocr_par' dir='ltr' id='par_1_113' title="bbox 2034 5043 3600 5122">
     <span class='ocr_line' id='line_1_113' title="bbox 2034 5043 3600 5122; baseline -0.006 -19"><span class='ocrx_word' id='word_1_819' title='bbox 2034 5053 2100 5122; x_wconf 78' lang='grc' dir='ltr'>τῇ</span> <span class='ocrx_word' id='word_1_820' title='bbox 2144 5047 2440 5118; x_wconf 73' lang='grc' dir='ltr'>Ἐκκλησία</span> <span class='ocrx_word' id='word_1_821' title='bbox 2467 5045 2562 5099; x_wconf 87' lang='grc' dir='ltr'><strong>τοῦ</strong></span> <span class='ocrx_word' id='word_1_822' title='bbox 2598 5044 2756 5110; x_wconf 84' lang='grc' dir='ltr'>Θεοῦ,</span> <span class='ocrx_word' id='word_1_823' title='bbox 2793 5046 2884 5097; x_wconf 77' lang='grc' dir='ltr'><strong>καὶ</strong></span> <span class='ocrx_word' id='word_1_824' title='bbox 2917 5043 3208 5114; x_wconf 65' lang='grc' dir='ltr'>ἀπερρίφη</span> <span class='ocrx_word' id='word_1_825' title='bbox 3248 5043 3352 5111; x_wconf 73' lang='grc' dir='ltr'><strong>πρὸ</strong></span> <span class='ocrx_word' id='word_1_826' title='bbox 3382 5043 3600 5112; x_wconf 72' lang='grc' dir='ltr'>καεροῦ,</span> 
     </span>
    </p>
   </div>
   <div class='ocr_carea' id='block_1_114' title="bbox 2037 5133 3601 5210">
    <p class='ocr_par' dir='ltr' id='par_1_114' title="bbox 2037 5133 3601 5210">
     <span class='ocr_line' id='line_1_114' title="bbox 2037 5133 3601 5210; baseline -0.006 -15"><span class='ocrx_word' id='word_1_827' title='bbox 2037 5143 2110 5204; x_wconf 79' lang='grc' dir='ltr'>ὼς</span> <span class='ocrx_word' id='word_1_828' title='bbox 2129 5140 2284 5210; x_wconf 79' lang='grc' dir='ltr'>μέλος</span> <span class='ocrx_word' id='word_1_829' title='bbox 2317 5137 2575 5207; x_wconf 80' lang='grc' dir='ltr'>σεσηπὸς,</span> <span class='ocrx_word' id='word_1_830' title='bbox 2601 5138 2693 5190; x_wconf 76' lang='grc' dir='ltr'><strong>καὶ</strong></span> <span class='ocrx_word' id='word_1_831' title='bbox 2711 5135 2929 5189; x_wconf 81' lang='grc' dir='ltr'>ἀνίατον</span> <span class='ocrx_word' id='word_1_832' title='bbox 2956 5135 3047 5188; x_wconf 82' lang='grc' dir='ltr'><strong>ὑπ’</strong></span> <span class='ocrx_word' id='word_1_833' title='bbox 3081 5135 3248 5204; x_wconf 79' lang='grc' dir='ltr'>αὐτῆς</span> <span class='ocrx_word' id='word_1_834' title='bbox 3271 5151 3286 5166; x_wconf 78' lang='grc' dir='ltr'><strong>ο</strong></span> <span class='ocrx_word' id='word_1_835' title='bbox 3318 5133 3532 5201; x_wconf 75' lang='grc' dir='ltr'>ὲξεκίνη</span> <span class='ocrx_word' id='word_1_836' title='bbox 3544 5149 3601 5185; x_wconf 86' lang='grc' dir='ltr'><strong>σε</strong></span> 
     </span>
    </p>
   </div>
   <div class='ocr_carea' id='block_1_115' title="bbox 2035 5227 3604 5298">
    <p class='ocr_par' dir='ltr' id='par_1_115' title="bbox 2035 5227 3604 5298">
     <span class='ocr_line' id='line_1_115' title="bbox 2035 5227 3604 5298; baseline -0.007 -11"><span class='ocrx_word' id='word_1_837' title='bbox 2035 5234 2094 5287; x_wconf 81' lang='grc' dir='ltr'>δὲ</span> <span class='ocrx_word' id='word_1_838' title='bbox 2126 5233 2221 5285; x_wconf 90' lang='grc' dir='ltr'><strong>νῦν</strong></span> <span class='ocrx_word' id='word_1_839' title='bbox 2247 5231 2338 5286; x_wconf 77' lang='grc' dir='ltr'>διὰ</span> <span class='ocrx_word' id='word_1_840' title='bbox 2391 5230 2487 5292; x_wconf 73' lang='grc' dir='ltr'>τὰς</span> <span class='ocrx_word' id='word_1_841' title='bbox 2527 5229 2800 5298; x_wconf 83' lang='grc' dir='ltr'>ἁμαρτίας</span> <span class='ocrx_word' id='word_1_842' title='bbox 2857 5228 3036 5298; x_wconf 75' lang='grc' dir='ltr'>ἡμῶν,</span> <span class='ocrx_word' id='word_1_843' title='bbox 3099 5229 3301 5298; x_wconf 76' lang='grc' dir='ltr'>μᾶλλον</span> <span class='ocrx_word' id='word_1_844' title='bbox 3345 5227 3402 5280; x_wconf 82' lang='grc' dir='ltr'><strong>δὲ</strong></span> <span class='ocrx_word' id='word_1_845' title='bbox 3438 5227 3524 5279; x_wconf 80' lang='grc' dir='ltr'><strong>ἴνα</strong></span> <span class='ocrx_word' id='word_1_846' title='bbox 3554 5227 3604 5277; x_wconf 92' lang='grc' dir='ltr'><strong>οί</strong></span> 
     </span>
    </p>
   </div>
   <div class='ocr_carea' id='block_1_116' title="bbox 2035 5317 3606 5392">
    <p class='ocr_par' dir='ltr' id='par_1_116' title="bbox 2035 5317 3606 5392">
     <span class='ocr_line' id='line_1_116' title="bbox 2035 5317 3606 5392; baseline -0.008 -14"><span class='ocrx_word' id='word_1_847' title='bbox 2035 5324 2249 5388; x_wconf 84' lang='grc' dir='ltr'>δόκιμοι</span> <span class='ocrx_word' id='word_1_848' title='bbox 2282 5321 2504 5392; x_wconf 68' lang='grc' dir='ltr'>φανεροὶ</span> <span class='ocrx_word' id='word_1_849' title='bbox 2532 5322 2821 5388; x_wconf 79' lang='grc' dir='ltr'>γένωνται,</span> <span class='ocrx_word' id='word_1_850' title='bbox 2840 5318 2915 5383; x_wconf 88' lang='grc' dir='ltr'>ὦς</span> <span class='ocrx_word' id='word_1_851' title='bbox 2939 5337 3102 5388; x_wconf 80' lang='grc' dir='ltr'>φησιν</span> <span class='ocrx_word' id='word_1_852' title='bbox 3123 5322 3150 5373; x_wconf 82' lang='grc' dir='ltr'><strong>ὁ</strong></span> <span class='ocrx_word' id='word_1_853' title='bbox 3179 5319 3319 5381; x_wconf 67' lang='lat' dir='ltr'><strong>Otia;</strong></span> <span class='ocrx_word' id='word_1_854' title='bbox 3350 5317 3606 5370; x_wconf 75' lang='grc' dir='ltr'>’Λπόστο-</span> 
     </span>
    </p>
   </div>
   <div class='ocr_carea' id='block_1_117' title="bbox 2037 5410 3603 5482">
    <p class='ocr_par' dir='ltr' id='par_1_117' title="bbox 2037 5410 3603 5482">
     <span class='ocr_line' id='line_1_117' title="bbox 2037 5410 3603 5482; baseline -0.007 -13"><span class='ocrx_word' id='word_1_855' title='bbox 2037 5416 2146 5479; x_wconf 79' lang='grc' dir='ltr'>λος.</span> <span class='ocrx_word' id='word_1_856' title='bbox 2181 5416 2326 5476; x_wconf 70' lang='lat' dir='ltr'><strong>Mta;</strong></span> <span class='ocrx_word' id='word_1_857' title='bbox 2371 5414 2500 5481; x_wconf 72' lang='grc' dir='ltr'>γὰρ,</span> <span class='ocrx_word' id='word_1_858' title='bbox 2528 5412 2603 5474; x_wconf 85' lang='grc' dir='ltr'>ὼς</span> <span class='ocrx_word' id='word_1_859' title='bbox 2661 5411 2900 5482; x_wconf 78' lang='grc' dir='ltr'>εἴρηται,</span> <span class='ocrx_word' id='word_1_860' title='bbox 2934 5413 3368 5481; x_wconf 65' lang='grc' dir='ltr'>τρισυποστὰτου</span> <span class='ocrx_word' id='word_1_861' title='bbox 3398 5410 3603 5474; x_wconf 69' lang='grc' dir='ltr'>Θεό-τη-</span> 
     </span>
    </p>
   </div>
   <div class='ocr_carea' id='block_1_118' title="bbox 2039 5502 3602 5576">
    <p class='ocr_par' dir='ltr' id='par_1_118' title="bbox 2039 5502 3602 5576">
     <span class='ocr_line' id='line_1_118' title="bbox 2039 5502 3602 5576; baseline -0.006 -16"><span class='ocrx_word' id='word_1_862' title='bbox 2039 5526 2130 5570; x_wconf 82' lang='grc' dir='ltr'><strong>τος</strong></span> <span class='ocrx_word' id='word_1_863' title='bbox 2189 5506 2630 5576; x_wconf 72' lang='grc' dir='ltr'>ὁμολογουμένης</span> <span class='ocrx_word' id='word_1_864' title='bbox 2660 5506 2793 5573; x_wconf 81' lang='grc' dir='ltr'>ἡμῖν</span> <span class='ocrx_word' id='word_1_865' title='bbox 2841 5505 3020 5572; x_wconf 73' lang='grc' dir='ltr'>ἁπλῆς</span> <span class='ocrx_word' id='word_1_866' title='bbox 3067 5520 3124 5554; x_wconf 88' lang='grc' dir='ltr'><strong>τε</strong></span> <span class='ocrx_word' id='word_1_867' title='bbox 3160 5505 3253 5554; x_wconf 73' lang='grc' dir='ltr'><strong>καὶ</strong></span> <span class='ocrx_word' id='word_1_868' title='bbox 3281 5502 3602 5571; x_wconf 64' lang='grc' dir='ltr'>ἀμερίστου,</span> 
     </span>
    </p>
   </div>
   <div class='ocr_carea' id='block_1_119' title="bbox 2041 5594 3604 5666">
    <p class='ocr_par' dir='ltr' id='par_1_119' title="bbox 2041 5594 3604 5666">
     <span class='ocr_line' id='line_1_119' title="bbox 2041 5594 3604 5666; baseline -0.005 -14"><span class='ocrx_word' id='word_1_869' title='bbox 2041 5598 2201 5660; x_wconf 78' lang='grc' dir='ltr'>αὐεὺς</span> <span class='ocrx_word' id='word_1_870' title='bbox 2235 5598 2436 5661; x_wconf 75' lang='grc' dir='ltr'>πολλὰς</span> <span class='ocrx_word' id='word_1_871' title='bbox 2472 5596 2736 5666; x_wconf 78' lang='grc' dir='ltr'>κηρύττει</span> <span class='ocrx_word' id='word_1_872' title='bbox 2761 5596 3018 5664; x_wconf 69' lang='grc' dir='ltr'>Θεότητα,</span> <span class='ocrx_word' id='word_1_873' title='bbox 3067 5594 3268 5664; x_wconf 70' lang='grc' dir='ltr'>μικρὰς</span> <span class='ocrx_word' id='word_1_874' title='bbox 3305 5595 3398 5645; x_wconf 69' lang='grc' dir='ltr'><strong>καὶ</strong></span> <span class='ocrx_word' id='word_1_875' title='bbox 3431 5595 3604 5661; x_wconf 76' lang='grc' dir='ltr'>μεγά-</span> 
     </span>
    </p>
   </div>
   <div class='ocr_carea' id='block_1_120' title="bbox 2042 5685 3602 5759">
    <p class='ocr_par' dir='ltr' id='par_1_120' title="bbox 2042 5685 3602 5759">
     <span class='ocr_line' id='line_1_120' title="bbox 2042 5685 3602 5759; baseline -0.003 -14"><span class='ocrx_word' id='word_1_876' title='bbox 2042 5693 2160 5757; x_wconf 81' lang='grc' dir='ltr'>λας,</span> <span class='ocrx_word' id='word_1_877' title='bbox 2217 5692 2308 5744; x_wconf 69' lang='grc' dir='ltr'><strong>καὶ</strong></span> <span class='ocrx_word' id='word_1_878' title='bbox 2359 5691 2557 5757; x_wconf 78' lang='grc' dir='ltr'>διαιρεί</span> <span class='ocrx_word' id='word_1_879' title='bbox 2602 5688 2702 5759; x_wconf 79' lang='grc' dir='ltr'>τὴν</span> <span class='ocrx_word' id='word_1_880' title='bbox 2739 5690 2866 5759; x_wconf 84' lang='grc' dir='ltr'>μίαν</span> <span class='ocrx_word' id='word_1_881' title='bbox 2894 5687 3100 5756; x_wconf 72' lang='grc' dir='ltr'>τχὺτην</span> <span class='ocrx_word' id='word_1_882' title='bbox 3134 5688 3210 5750; x_wconf 78' lang='grc' dir='ltr'>εἰς</span> <span class='ocrx_word' id='word_1_883' title='bbox 3249 5685 3344 5750; x_wconf 77' lang='grc' dir='ltr'>τὰς</span> <span class='ocrx_word' id='word_1_884' title='bbox 3383 5685 3602 5750; x_wconf 65' lang='grc' dir='ltr'>πολλάς.</span> 
     </span>
    </p>
   </div>
  </div>
