3884 6204
95 457 200 522 873

1263 438 1700 502 GRAECORUM
1749 437 2217 498 SENTENleE.

3266 424 3371 485 δτι

99 573 268 643 palis,
297 579 346 624 et
393 565 654 638 apostolis
684 564 850 628 illius,
886 576 1100 616 necnon
1145 559 1322 615 sacris
1377 555 1680 626 prephetis,
1714 558 1759 612 Α
1787 561 1840 605 et
1874 548 2217 620 Macedonii,
2253 558 2306 602 et
2337 547 2784 602 Massalianorum
2811 584 2824 608 ,
2875 553 2928 599 et
2965 541 3370 614 Bogontilorum

101 663 417 730 divinisque
469 656 715 726 svnotlis,
744 664 797 708 et
845 653 1103 708 omnibus
1134 652 1356 705 deiferis
1405 647 1684 708 Patribus,

100 766 156 808 et
208 750 482 818 magistris
514 748 670 801 nobis
699 746 901 799 tradita
942 745 1095 806 fides,
1128 751 1181 796 ct
1215 743 1393 811 pietas
1429 739 1688 792 omnibus

102 858 223 894 eam
260 836 687 908 pOSsitlL‘llliDUS,
719 833 1006 887 manifesta
1059 844 1143 886 est
1165 841 1219 886 et
1245 839 1450 900 aperta.
1473 828 1576 884 Ubi
1602 844 1689 896 ille

101 935 250 987 enim
283 946 474 986 omnes
508 929 832 998 profitentur
882 926 1046 980 Dctlztt
1079 941 1246 978 unum
1274 924 1328 978 in
1364 924 1539 978 tribus
1574 937 1693 991 per-

101 1023 279 1084 sonis,
313 1018 606 1073 visibilium
638 1019 882 1070 omnium
922 1025 974 1069 et
1008 1014 1368 1068 invisibilium
1404 1013 1690 1075 faetorem,

100 1110 570 1180 quemadmodum
609 1109 663 1162 in
700 1124 861 1161 sario
899 1107 1019 1161 fidei
1073 1106 1324 1175 symbolo
1379 1106 1690 1159 astruitur:

105 1205 293 1266 Pater,
325 1203 521 1264 Filius,
555 1209 610 1254 et
641 1199 882 1269 Spiritus
913 1207 1160 1261 sanctus,
1193 1207 1303 1251 tres
1345 1199 1691 1268 bypestases,

107 1311 214 1348 una
257 1295 458 1358 Deitas,
492 1292 723 1356 simplex
751 1332 764 1353 ,
809 1291 1122 1354 invisibilis,
1176 1291 1450 1352 informis,
1485 1289 1691 1342 nullam

109 1388 339 1456 figuram
376 1385 668 1454 recipiens,
704 1383 1005 1444 individua.
1041 1382 1293 1444 indivisa,
1324 1381 1526 1450 ubique
1559 1394 1696 1448 pra:-

109 1496 255 1544 sens,
290 1479 476 1534 omnia
533 1478 782 1547 explens,
839 1486 900 1530 et
947 1477 1130 1528 omnia
1189 1473 1429 1528 efﬁciens
1466 1488 1480 1522 :
1521 1474 1574 1526 in
1631 1486 1693 1526 ea

111 1589 286 1640 neque
332 1585 590 1639 magnum
625 1578 726 1627 est.
761 1581 938 1636 neque
968 1581 1192 1636 parvum
1219 1607 1233 1630 ,
1263 1563 1606 1633 inaequalitas
1641 1559 1716 1617 et'

110 1664 504 1726 dissimilitudo
560 1662 750 1724 nulla,
807 1661 900 1714 sed
937 1675 1095 1728 aequa
1133 1659 1314 1712 omnia
1368 1669 1422 1714 et
1470 1658 1691 1714 similia.

111 1760 235 1814 llaec
291 1759 476 1826 itaque
514 1765 716 1810 sancta:
765 1752 860 1805 Dei
935 1753 1221 1806 catholica:
1274 1759 1327 1805 et
1383 1751 1696 1820 apostolica:

1793 646 2010 698 decreta
2046 642 2302 698 stabiliat.
2354 639 2520 694 Plane
2560 639 2707 694 enim
2750 638 2981 690 Satanas
3023 636 3188 690 menti
3223 634 3371 689 illius

1795 737 2049 791 tenebras
2077 733 2294 798 offudit,
2329 742 2382 786 et
2405 733 2570 785 variis
2604 730 2939 800 imaginibus
2972 727 3206 790 obsedit,
3233 740 3280 782 et
3318 729 3372 779 in

1796 831 2018 887 mulas.
2073 843 2210 896 quas
2255 825 2500 879 intuetur
2547 823 2801 887 Deitates,
2833 831 2884 876 et
2921 821 3107 890 plures
3151 821 3375 889 spiritus

1795 920 2116 990 dispat'titus
2148 928 2252 974 est.
2281 918 2343 971 Et
2379 918 2581 978 lumen,
2616 916 2760 986 quod
2791 915 2908 984 ipse
2938 914 3105 978 videt,
3137 914 3377 967 tenebrae

1797 1023 1941 1075 sunt,
1977 1028 2100 1066 cum
2135 1010 2368 1065 Satanas
2415 1010 2553 1072 apud
2605 1009 2781 1078 ipsum
2835 1010 2887 1060 in
2929 1009 3178 1076 angelum
3236 1005 3376 1058 lueis

1798 1104 2248 1166 transformatur,
2283 1113 2344 1157 ut
2389 1103 2464 1156 ait
2497 1101 2809 1169 Apostolus.
2848 1099 2910 1153 Et
2941 1113 3062 1167 qua:
3094 1100 3210 1166 ipse
3243 1114 3378 1151 con-

1798 1199 1958 1265 spicit
1988 1195 2273 1264 corporeis
2301 1195 2518 1257 oculis;
2561 1194 2875 1260 fateturque
2921 1206 3041 1245 esse
3089 1188 3200 1244 Deo
3245 1188 3381 1241 infe-

1798 1291 1944 1345 riora
1980 1289 2191 1343 intinite
2222 1286 2502 1346 infinities,
2537 1285 2995 1353 quemadmodum
3036 1290 3089 1334 ct
3119 1291 3382 1334 creatura:

1801 1385 1892 1438 Dri
1927 1384 2139 1445 tribuit,
2179 1393 2443 1448 vocatque
2470 1376 2804 1435 essentialia.
2838 1384 2893 1429 et
2925 1371 3196 1428 naturalia
3243 1371 3336 1424 Dei
3364 1411 3378 1428 .

1801 1477 2154 1546 piteeipitque
2193 1473 2371 1534 nobis,
2409 1479 2466 1524 ut
2487 1486 2551 1525 ea
2584 1482 2932 1531 veneremur,
2962 1475 3220 1535 tanquam
3251 1466 3384 1517 deos

1802 1569 2101 1632 increatos,
2137 1577 2190 1620 et
2240 1565 2476 1619 Deitates
2523 1577 2538 1616 :
2577 1573 2631 1617 et
2671 1562 2750 1616 sic
2786 1577 2896 1615 non
2939 1567 3150 1614 tantum
3196 1559 3249 1612 in
3285 1558 3386 1610 int-

1801 1677 2020 1718 manem
2053 1657 2461 1714 multitudinem
2493 1697 2508 1722 ,
2539 1663 2596 1712 et
2629 1655 3004 1724 prodigiosam
3035 1654 3386 1723 partitionem

1803 1755 2014 1810 Numen
2047 1751 2208 1808 dictis
2243 1749 2362 1806 suis
2393 1747 2676 1816 disrerpit,
2708 1762 2899 1801 verum
2934 1747 3098 1802 etiam
3131 1747 3387 1815 simplex.

113 1850 374 1906 Ecclesia:
413 1848 566 1912 ﬁdes,
605 1862 702 1916 per
730 1853 840 1898 tres
872 1844 1095 1899 Deitatis
1124 1847 1446 1915 hyposlases
1479 1842 1702 1899 Judazo-
1731 1862 1773 1917 ῃ
1804 1849 2125 1909 ίιιιΙῘνίευῐῐὶ,
2159 1843 2385 1913 sequale
2413 1850 2576 1911 atque
2609 1841 2864 1900 informe.
2899 1839 3292 1908 compositum.
3332 1850 3391 1892 ut

119 1959 237 1995 rum
277 1941 621 2008 opinationes
672 1936 950 2000 convellit,
984 1937 1074 2004 qui
1099 1939 1328 1989 credunt
1360 1935 1700 2006 fatenturque

121 2032 308 2090 Deum,
351 2037 407 2081 at
445 2043 556 2081 non
595 2027 647 2079 in
698 2027 874 2080 tribus
925 2026 1342 2095 ltypostasibus,
1399 2026 1495 2079 sed
1552 2041 1698 2092 una;

123 2139 212 2191 per
240 2123 504 2174 unitatem
542 2118 714 2187 ipsius
766 2118 1140 2182 individuam,
1199 2119 1356 2188 plura
1413 2117 1699 2187 gentilium

126 2214 344 2268 numina
407 2211 652 2280 profligat
687 2227 700 2263 :
749 2224 958 2263 necnon
996 2209 1148 2274 Arii,
1191 2208 1556 2278 Eunomiique
1602 2211 1703 2263 im-

129 2307 332 2373 piorum
390 2303 768 2356 haereticorum
800 2300 1033 2355 Deitatis
1067 2301 1462 2354 concisioncm.
1493 2298 1703 2356 Recens

133 2413 254 2452 vero
277 2394 640 2449 haeresiarcha
676 2395 896 2447 nomine
924 2393 1192 2454 Palantas,
1213 2378 1474 2445 universa
1505 2406 1704 2447 sancta:

134 2490 217 2543 Dei
275 2488 535 2540 Ecclesiae
572 2486 824 2552 dogmata
848 2525 862 2548 ,
902 2495 978 2538 et.
1003 2485 1162 2537 fidem
1206 2492 1448 2538 nostrain
1486 2473 1738 2538 univer-°

133 2597 263 2638 sam.
295 2580 411 2632 suis
438 2579 788 2632 exsecrandis
845 2592 908 2630 ac
948 2577 1292 2644 impiissimis
1343 2575 1690 2645 dogmatibus

133 2683 182 2727 et
225 2670 488 2726 doctrinis
524 2668 846 2733 confundit,
896 2668 1276 2722 btet-cticorum
1312 2669 1554 2721 omnium
1610 2683 1705 2721 nc—

136 2767 441 2834 quissimus.
484 2762 587 2828 Qui
636 2763 812 2830 palam
847 2761 937 2814 hic
976 2761 1030 2813 in
1070 2759 1310 2814 Ecclesia
1345 2759 1434 2813 Dei
1486 2774 1707 2828 compa—

139 2872 276 2917 rens,
315 2855 476 2924 paulo
515 2865 638 2908 ante
672 2860 932 2920 tanquam
965 2852 1269 2905 membrum
1303 2851 1630 2912 marcidum,
1656 2862 1708 2904 et

142 2949 455 3002 medicinam
508 2961 614 2999 non
659 2945 978 3006 admittens,
1017 2943 1084 2996 ab
1121 2943 1310 2996 eadem
1345 2942 1554 3010 ejectus
1599 2952 1705 2997 est.

145 3040 442 3093 Comutovit
475 3047 659 3090 autem
714 3037 828 3106 ipse
864 3036 1030 3089 multa
1071 3043 1292 3103 propter
1347 3045 1568 3104 peccata
1615 3051 1710 3088 no-

145 3143 269 3198 stra,
302 3135 430 3201 quin
465 3132 596 3193 imo,
628 3140 684 3183 ιιι
715 3129 924 3198 probati
964 3129 1235 3183 manifesti
1272 3129 1424 3192 fiant,
1449 3128 1710 3197 quemad-

1803 1954 1932 1999 sunt
1966 1941 2087 1995 alia:
2126 1947 2414 1999 creaturae,
2451 1933 2602 1988 facit.
2636 1933 2697 1986 Et
2727 1935 2929 1987 cultum
2961 1933 3211 1988 exhibuit
3241 1948 3394 1988 crea-

1805 2046 1959 2098 turae,
1984 2041 2038 2086 et
2069 2045 2177 2084 non
2210 2027 2483 2087 Creatori,
2521 2029 2691 2080 multo
2726 2024 3043 2088 immanius,
3074 2042 3236 2094 quam
3262 2041 3394 2096 gen-

1805 2127 1928 2179 tiles
1965 2121 2088 2191 ipsi,
2115 2119 2412 2174 insaniens.
2449 2117 2627 2186 Neque
2651 2118 2796 2170 enim
2827 2134 2892 2171 eo
2923 2118 3218 2184 impietatis
3250 2119 3387 2171 ada-

1806 2220 1877 2273 cti
1919 2226 2049 2270 sunt
2093 2215 2382 2266 numinum
2419 2211 2789 2273 multitudine,
2823 2221 2883 2264 ttt
2921 2210 3084 2264 De.qu
3125 2220 3392 2266 creatura:

1808 2309 2195 2368 assimilarent,
2225 2313 2278 2358 et
2317 2304 2655 2373 angelorum,
2702 2314 3041 2370 sanctorum,
3073 2315 3236 2374 atque
3270 2305 3392 2359 ani-

1810 2417 2020 2454 tuarum
2048 2397 2284 2452 essentia
2320 2397 2636 2451 inferiorem
2681 2397 3030 2464 pejorentque
3066 2406 3389 2451 statuerent.

1808 2488 2052 2558 Namque
2079 2497 2272 2542 natura
2297 2487 2614 2556 angelorum
2644 2486 2851 2555 perpici
2879 2502 2986 2540 non
3011 2489 3173 2551 valet,
3200 2503 3393 2555 quem-

1809 2582 2102 2636 admodum
2143 2595 2319 2649 neque
2352 2579 2570 2632 animm.
2615 2579 2863 2632 Palamas
2904 2595 3031 2633 vero
3067 2580 3180 2647 ait,
3224 2579 3390 2636 Deum

1809 2674 2046 2743 speciem
2071 2673 2270 2726 habere
2304 2671 2594 2737 visibilem,
2619 2671 2922 2725 naturalem
2960 2674 3060 2742 ipsi
3109 2686 3163 2728 et
3206 2689 3394 2730 essen-

1813 2765 2018 2818 tialem.
2062 2763 2340 2818 lnvisibile
2383 2778 2544 2833 porto
2583 2765 2753 2816 multo
2803 2775 2886 2819 est
2937 2765 3139 2820 visibili
3199 2768 3395 2822 melius

1811 2873 1874 2911 ac
1908 2855 2296 2926 priestabilius.
2330 2855 2512 2923 Neque
2552 2857 2653 2909 hac
2684 2857 2893 2910 ratione
2921 2857 3096 2911 solum
3143 2859 3195 2912 in
3229 2859 3395 2912 Deum

1813 2951 2014 3018 impius
2049 2949 2170 3011 fuit,
2204 2949 2296 3002 sed
2353 2958 2406 3001 et
2457 2948 2694 3015 scipsum
2751 2950 2915 3002 [tcum
2957 2950 3293 3014 increatum,
3344 2959 3400 3003 et

1813 3043 2020 3108 absque
2060 3039 2329 3108 principio
2363 3056 2484 3092 esse
2520 3039 2803 3104 decrevit;
2837 3056 2960 3094 nam
3001 3043 3220 3105 asserit,
3254 3041 3397 3097 infe-

1815 3133 1978 3186 rioris
2013 3132 2238 3185 Deitatis
2273 3132 2524 3185 homines
2555 3133 2861 3199 participes.
2890 3149 3011 3203 qua:
3034 3150 3129 3190 eos
3159 3136 3399 3193 deiticat.

149 3226 350 3276 modum
381 3224 604 3276 divinus
643 3221 716 3274 ait
749 3221 1064 3288 Apostolus.
1093 3220 1226 3273 Nam
1261 3236 1383 3273 cuttt
1418 3235 1580 3274 unam
1603 3221 1706 3289 ipsi
1736 3215 1779 3272 C
1812 3234 2100 3280 cet-nentes
2128 3227 2309 3278 lumen
2341 3225 2472 3279 illud
2511 3224 2678 3279 Deum
2711 3227 3028 3283 inferiorem
3061 3230 3239 3285 oculis
3267 3247 3396 3285 eor-

154 3313 398 3368 Deitatem
443 3315 495 3366 in
550 3314 725 3366 tribus
773 3311 1160 3382 ltypostasibus
1187 3310 1544 3364 enttfiteamur
1577 3312 1711 3364 sim.

155 3408 324 3473 ptirent
362 3417 525 3474 atque
555 3405 871 3468 indivisam,
905 3405 994 3456 ille
1027 3404 1225 3456 multas
1264 3404 1499 3458 Deitates
1533 3403 1710 3472 palant

155 3499 390 3564 pra-dicat
419 3512 615 3565 parvas
641 3507 694 3549 et
727 3511 975 3561 magnas,
1009 3507 1058 3547 et
1106 3497 1246 3549 hanc
1274 3511 1437 3548 unam
1470 3496 1522 3548 in
1571 3495 1715 3548 ntul-

158 3596 227 3639 tas
255 3590 530 3656 discerpit,
571 3598 622 3640 et
648 3602 808 3639 unam
836 3588 1053 3652 quidem
1086 3586 1447 3652 superiorem,
1477 3587 1714 3653 reliquas

157 3675 441 3752 inferiores,
476 3679 591 3732 sive
625 3695 686 3731 ea
725 3677 989 3738 minores,
1029 3678 1191 3730 sicuti
1225 3687 1506 3731 ercaturas
1563 3678 1713 3742 facit,

157 3779 202 3821 et
235 3769 560 3839 superiorem
619 3771 914 3822 eSscntiam
957 3767 1047 3820 Dei
1105 3768 1362 3836 appellat,
1414 3768 1715 3822 inferiores

159 3864 460 3914 cssentiales
493 3861 866 3929 Operationes,
905 3871 956 3914 et
987 3860 1279 3912 facultates
1311 3845 1477 3922 illius,
1506 3870 1559 3911 et
1590 3863 1719 3913 eba-

163 3951 386 4009 tistnata.
425 3967 546 4019 quae
593 3960 874 4018 nperatur,
925 3961 1106 4003 creata
1156 3965 1373 4018 nempe,
1423 3961 1474 4003 et
1527 3967 1717 4006 rursus

163 4042 403 4107 ins-reata,
436 4049 714 4112 quodnon
756 4053 966 4096 tantum
1000 4043 1284 4113 gentilium
1313 4053 1412 4106 est,
1441 4052 1494 4096 et
1517 4045 1719 4098 multos

162 4135 279 4188 deos
329 4138 532 4189 inducit
579 4153 590 4188 :
633 4137 846 4189 unicam
902 4138 1046 4189 enim
1100 4134 1362 4189 Deitatem
1415 4137 1466 4188 in
1519 4137 1720 4190 multos

165 4232 277 4286 deos
308 4235 574 4289 concidit:
606 4233 698 4286 sed
735 4234 900 4286 etiam
933 4233 1233 4284 vanitatum
1280 4232 1494 4300 plenum
1528 4244 1632 4295 εει,
1670 4241 1723 4285 et

168 4337 189 4372 a
217 4335 379 4378 mente
429 4325 662 4378 consilio
685 4341 768 4392 lue
799 4326 958 4394 plane
985 4324 1286 4378 diductum.
1316 4325 1402 4378 Ait
1435 4340 1724 4393 corporeo-

170 4429 271 4466 rum
310 4418 591 4470 oculorum
630 4417 844 4470 obtutui
896 4415 1094 4480 subjici
1128 4416 1432 4468 naturalem
1469 4416 1561 4470 Dei
1609 4417 1723 4469 for-

169 4523 310 4570 n-am,
338 4521 388 4562 et
421 4510 707 4570 Deitatem,
731 4525 895 4576 quant
927 4508 1243 4561 inferiorem
1272 4507 1531 4563 Deitatem
1558 4524 1724 4562 enun-

1821 3321 2021 3387 poreis,
2052 3317 2162 3371 fieri
2197 3317 2325 3371 deos
2387 3318 2657 3372 increatos
2691 3329 2743 3373 et
2793 3320 2912 3375 sine
2965 3322 3252 3392 principio.
3290 3323 3402 3379 Hoc

1819 3418 1997 3460 autem
2030 3423 2135 3458 non
2172 3408 2328 3474 longe
2361 3409 2512 3461 abest
2541 3409 2608 3461 ab
2639 3423 2724 3468 eo,
2755 3411 2899 3478 quod
2950 3411 3245 3480 :liquando
3279 3415 3402 3473 dia-

1821 3501 1977 3553 bolus
2015 3515 2184 3554 ausus
2220 3508 2324 3562 est,
2357 3515 2480 3555 cum
2517 3500 2691 3555 dixit:
2720 3519 2738 3552 ί
2782 3502 2985 3557 Ponant
3011 3506 3192 3559 sedem
3223 3524 3401 3562 me'tm

1821 3606 1986 3656 super
2022 3593 2192 3643 nubes
2217 3633 2229 3650 ,
2265 3601 2317 3644 tt
2350 3607 2446 3648 ero
2482 3593 2678 3646 similis
2712 3593 3018 3649 Altissimo.
3070 3615 3086 3648 ι
3128 3597 3268 3652 Sane
3303 3599 3405 3655 hac

1823 3679 2102 3748 inpietate.
2157 3683 2300 3734 nulla
2356 3694 2533 3750 potest
2595 3687 2894 3742 excoaitari
2945 3690 3208 3753 atrocior,
3243 3707 3403 3759 quam

1829 3788 1952 3825 cum
2005 3787 2060 3824 se
2126 3773 2287 3824 homo
2325 3774 2488 3828 lleunt
2527 3775 2827 3830 ineteatum
2871 3789 2924 3830 et
2973 3780 3090 3833 sine
3134 3782 3404 3850 principio

1824 3864 1940 3918 fieri
1965 3865 2152 3932 iactat.
2191 3866 2249 3918 Et
2293 3867 2342 3919 id
2375 3877 2460 3919 est
2489 3869 2632 3936 quod
2675 3869 2801 3922 olim
2839 3870 3105 3926 Dominus
3137 3873 3406 3942 prazdixe-

1822 3968 1927 4018 rat,
1971 3977 1988 4008 ι
2031 3958 2260 4012 Venient
2314 3961 2716 4028 pscudocbristi
2765 3965 3359 4035 et.pseudopropbt-tm
3388 4009 3404 4033 ,

1822 4061 1874 4104 et
1910 4051 2110 4103 dabunt
2161 4051 2317 4118 signa
2350 4061 2402 4105 et
2433 4053 2678 4120 prodigia
2710 4054 2760 4106 iu
2791 4057 2988 4123 populo
3026 4075 3037 4108 :
3077 4068 3130 4110 et
3171 4061 3214 4114 si
3252 4061 3407 4116 vobis

1824 4143 2082 4205 dixerint,
2117 4142 2254 4197 Ecce
2287 4144 2373 4198 hic
2397 4145 2646 4200 Christus
2676 4153 2779 4209 est,
2807 4151 2887 4200 vel
2921 4165 3047 4201 ecce
3074 4149 3168 4214 ibi,
3196 4167 3262 4207 ne
3289 4169 3408 4208 ere-

1823 4233 1963 4286 datis
2001 4233 2131 4286 illis.
2166 4253 2183 4283 ι
2220 4233 2286 4287 lli
2323 4235 2509 4303 itaque
2536 4245 2746 4289 tantum
2786 4253 2892 4289 non
2925 4239 3025 4292 hoc
3055 4241 3281 4306 dicunt,
3314 4259 3408 4298 ve-

1825 4342 1944 4379 rum
1991 4325 2251 4379 Deitatem
2283 4340 2406 4381 esse
2442 4328 2582 4396 apud
2618 4327 2766 4395 ipsus
2795 4332 3074 4398 corporeis
3119 4335 3294 4388 oculis
3325 4337 3408 4388 vi-

1827 4434 1969 4481 sam,
2001 4433 2167 4486 seque
2213 4420 2361 4487 ipsos
2422 4436 2540 4473 esse
2592 4418 2723 4474 deos
2775 4421 3068 4477 increatos.
3121 4423 3233 4480 Hoc
3282 4443 3410 4479 vero

1831 4506 2031 4560 Paulus
2091 4507 2158 4560 de
2212 4509 2556 4564 Auticbristo
2604 4511 2932 4567 enuntiavit.
2993 4531 3012 4564 ι
3059 4513 3193 4568 Cum
3256 4533 3411 4571 reve-

169 4609 267 4659 Lat,
299 4612 347 4652 et
373 4600 539 4655 Deum
571 4599 896 4661 secundum,
929 4608 980 4652 et
1009 4614 1261 4667 parvum,
1294 4599 1358 4650 ad
1401 4614 1502 4654 nos
1544 4616 1717 4668 usque
1754 4606 1793 4657 D
1825 4599 2026 4651 labitur
2057 4585 2236 4659 exlex,
2271 4601 2510 4668 seipsuln
2547 4615 2712 4670 super
2734 4616 2950 4656 omnem
2989 4605 3197 4659 cultum
3229 4609 3406 4661 extol-

170 4694 567 4754 pervenientem,
617 4701 668 4744 et
718 4691 876 4746 nobis
924 4691 1212 4744 visibilem.
1261 4691 1411 4756 Quod
1448 4694 1718 4760 superior,

171 4778 342 4848 inquit,
374 4785 626 4837 excelsus
653 4791 755 4843 est,
793 4797 888 4835 nec
923 4782 1060 4836 visui
1102 4792 1268 4850 patet.
1303 4781 1399 4836 llic
1432 4800 1560 4837 vero
1588 4786 1722 4837 infe-

171 4873 265 4927 rior
310 4876 471 4941 Deus,
515 4893 606 4943 qttt
661 4876 898 4940 videtur,
932 4883 985 4928 et
1029 4876 1147 4928 alia:
1193 4876 1450 4938 Deitates,
1496 4877 1724 4942 aequalis

170 4985 273 5018 t'ttttt
308 4985 371 5021 eo
403 4968 705 5028 facultatis,
735 4984 874 5036 quas
911 4977 1212 5035 nuncupat,
1243 4978 1294 5020 et
1325 4968 1563 5035 Spiritus
1594 4986 1722 5021 san-

168 5063 628 5122 ctos,etincreata
684 5061 788 5113 alia
837 5073 1040 5114 saneta:
1071 5059 1310 5123 Ttiadis,
1357 5075 1532 5128 eaque
1584 5061 1722 5113 infe-

170 5150 292 5203 riota
323 5153 536 5206 infinite
568 5152 808 5214 infinita,
843 5154 943 5204 hoc
975 5162 1058 5205 est
1101 5153 1309 5219 absque
1350 5152 1456 5204 ulla
1497 5167 1722 5220 compa-

168 5246 352 5297 ratione
383 5246 447 5298 ad
488 5260 571 5310 ea,
609 5245 937 5312 quetnadtuo
961 5245 1068 5295 lutu
1101 5253 1155 5296 et
1204 5243 1427 5311 l'ClltllliB
1462 5254 1724 5297 euentura:

168 5335 531 5392 desciscentia.
566 5337 676 5391 llas
719 5337 903 5405 itaque
943 5337 1202 5397 Deitates,
1238 5345 1292 5388 ct
1327 5337 1426 5388 hos
1459 5336 1722 5404 Spiritus,

167 5436 209 5477 et
234 5429 491 5482 visibilem
531 5428 794 5482 Deitatem
836 5428 908 5480 ait
943 5427 997 5480 in
1057 5425 1328 5480 creaturis
1362 5441 1514 5494 atque
1563 5436 1726 5494 atque

169 5518 323 5586 ipsum
363 5520 531 5574 Deum
584 5522 824 5589 operari,
857 5519 1016 5571 aliam
1062 5519 1392 5582 ilitttninare,
1434 5519 1595 5571 aliam
1629 5536 1724 5574 ex-

168 5625 391 5680 purgare.
428 5614 588 5667 aliam
632 5615 931 5675 vivificare,
965 5613 1126 5664 aliam
1167 5613 1288 5672 .alio
1339 5615 1500 5667 modo
1537 5628 1722 5667 rerum

167 5714 329 5756 etram
360 5721 569 5773 gerere,
595 5716 648 5756 et
686 5719 1125 5772 unamquamque
1156 5704 1432 5771 proprium
1458 5719 1596 5771 opus
1624 5704 1726 5756 sibi

166 5799 460 5859 \tttlieare,
513 5808 563 5850 et
618 5799 830 5866 operari
869 5815 880 5848 :
915 5808 971 5848 ttt
1029 5813 1135 5848 nun
1190 5804 1396 5848 tantum
1449 5797 1726 5861 gentilium

177 5885 375 5947 van-inm
403 5893 626 5943 numina
663 5890 994 5952 inti-edurat,
1022 5889 1112 5942 sed
1141 5899 1191 5940 et
1214 5886 1348 5954 Arii,
1377 5896 1430 5942 et
1455 5885 1729 5949 Euttotnii,

396 5988 626 6043 Paveo:
653 6029 665 6042 .
706 5983 822 6039 (in.
858 5981 985 6041 CL.

1827 4690 1964 4750 lens,
1992 4700 2045 4742 et
2073 4690 2284 4742 sedebit
2313 4691 2365 4742 in
2403 4693 2622 4758 templo,
2659 4692 2850 4746 dicens
2879 4707 2936 4746 se
2962 4694 3138 4761 ipsum
3176 4694 3399 4752 Deum.)

1826 4782 1964 4846 Quid
1992 4782 2137 4835 enim
2179 4782 2354 4849 magis
2381 4782 2632 4849 iactabit,
2666 4799 2787 4837 cum
2822 4785 2909 4838 ille
2933 4786 3258 4840 venerit?et
3280 4793 3409 4858 quid

1827 4881 1878 4930 in
1911 4879 2304 4930 sublimitatem
2346 4876 2436 4928 Dei
2473 4878 2727 4938 ittsattiet.
2756 4888 2804 4932 et
2835 4879 3237 4947 blasphemabit
3260 4894 3411 4937 atro-

1827 4970 1966 5030 eius,
2014 4985 2175 5036 quam
2215 4985 2338 5019 euttt
2373 4984 2430 5021 se
2472 4967 2602 5022 dicit
2651 4969 2821 5022 Deum
2871 4971 3171 5024 int-reatum
3207 4983 3260 5026 et
3294 4975 3415 5028 sine

1829 5060 2140 5128 principio?
2177 5060 2322 5126 quod
2352 5074 2497 5111 nunc
2527 5057 2776 5113 Palatnas
2805 5061 3115 5118 afﬁrmavit.
3144 5075 3198 5116 et
3223 5081 3409 5117 coram

1827 5153 2082 5204 O-t'llilltts
2138 5151 2344 5204 timuit.
2385 5152 2561 5214 Quare
2611 5162 2704 5203 aut
2754 5153 2841 5206 hic
2893 5153 3124 5206 Satanas
3167 5165 3268 5218 cst,
3320 5163 3414 5208 aut

1832 5260 2138 5312 praecursor
2172 5243 2337 5306 illius,
2375 5259 2496 5296 cum
2527 5242 2638 5309 jam
2673 5255 2725 5296 et
2778 5247 2900 5298 linis
2953 5247 3133 5299 saeculi
3167 5287 3182 5306 ,
3237 5257 3308 5308 et,
3358 5257 3413 5298 ut

1829 5335 1945 5402 ipse
1987 5335 2204 5402 opinor,
2252 5335 2560 5387 immutatio
2596 5336 2835 5389 universi
2871 5352 3034 5404 prope
3065 5339 3152 5400 sit,
3185 5348 3236 5390 et
3281 5339 3410 5390 bea-

1833 5437 1941 5488 tus,
1977 5425 2070 5492 qui
2106 5425 2360 5477 mandata
2400 5425 2623 5488 Christi,
2653 5436 2704 5477 et
2739 5426 2883 5478 illius
2915 5427 3328 5494 discipulorum,
3357 5425 3430 5480 (δι’

1834 5519 2056 5571 l‘atrum
2097 5521 2311 5571 ticereta
2352 5528 2499 5570 satta
2545 5528 2684 5571 tecta
2720 5521 3000 5580 servabit,
3031 5529 3084 5570 et
3131 5521 3198 5569 ab
3227 5534 3412 5572 errore

1832 5609 2244 5669 l’alamiarutn,
2275 5621 2329 5659 ut
2367 5609 2433 5659 ab
2467 5609 2590 5676 igne
2644 5617 2695 5660 et
2739 5610 2961 5660 Coltthro
2997 5609 3196 5661 intacta
3235 5610 3412 5661 tttebi«

1833 5714 1941 5758 iur,
1997 5705 2139 5768 quod
2186 5701 2300 5752 hic
2338 5702 2405 5752 sit
2440 5701 2671 5768 prssittta
2710 5700 2965 5754 Ecclesiae
2999 5715 3134 5752 noxa
3161 5741 3172 5761 ,
3210 5711 3262 5753 et
3298 5718 3416 5754 ntu-

1835 5795 1986 5846 nium
2028 5792 2118 5859 qui
2154 5807 2391 5858 unquam
2417 5803 2572 5843 antea
2609 5792 2829 5854 furtim,
2855 5807 3009 5845 error
3039 5794 3414 5862 impiissimus.

1838 5885 2005 5952 l.l.;ue
2046 5890 2146 5949 est,
2193 5891 2251 5935 ut
2285 5898 2426 5948 reor,
2457 5886 2594 5951 quod
2633 5886 2682 5936 iu
2725 5897 2964 5935 errorem
2998 5884 3209 5939 inducet
3249 5887 3412 5939 etiam

2801 5977 2935 6058 _;:s
