3956 6194
501 359 609 427 875

1590 374 1606 387 ί
1676 359 1777 420 DE
1815 363 2216 427 GREGORIO
2259 370 2563 431 PAI.AM.\

3618 364 3673 434 7‘6

506 482 731 540 electos.
766 476 925 531 sicuti
959 491 989 530 a
1021 475 1248 529 Domino
1282 477 1606 547 praedicente
1645 481 1923 538 audimus.
1955 483 2066 555 Op-
2095 490 2143 550 Α
2171 489 2363 541 Amen.
2407 507 2424 538 ›
2465 488 2534 543 Et
2566 492 2677 542 bace
2708 488 2774 540 de
2813 486 3045 540 Palatina:
3084 483 3351 536 erroribus
3403 484 3677 539 ttaeresilius-

508 572 697 623 timum
738 570 923 637 itaque
951 582 1097 621 nunc
1132 567 1314 633 fuerit,
1350 580 1407 624 ut
1438 572 1750 642 quicunque
1786 576 1872 645 pie
1900 576 2060 632 vitam

506 677 666 731 agere
698 671 817 716 avet
843 662 912 714 ab
944 676 1131 715 errore
1162 663 1265 718 isto
1291 666 1753 732 perniciosissimo
1787 672 2065 735 immunis,

507 753 932 821 apostolicorum
994 754 1288 809 verborum
1362 772 1565 813 memor
1631 761 1720 815 sit.
1775 761 2071 827 Quorum?

514 861 530 890 ι
580 842 731 897 Licet
760 844 984 912 angelus
1013 845 1080 897 de
1105 846 1243 900 coelo
1278 850 1726 916 evangelizaverit
1756 854 1909 909 vobis
1938 871 2072 924 pra:-

505 945 586 985 ter
619 934 667 985 id
705 934 845 1002 quod
889 937 1202 1005 accepistis,
1268 941 1557 995 anathema
1604 942 1694 998 sit.
1732 963 1751 997 ι
1808 945 2071 1001 Prolanas

507 1037 781 1091 novasque
811 1038 971 1079 voces
1011 1028 1355 1093 contundite,
1407 1032 1459 1083 in
1515 1032 1873 1100 ingentiorem
1924 1037 2069 1089 enim

504 1114 839 1180 impietatem
874 1128 1215 1182 excrescunt,
1256 1130 1303 1174 et
1340 1137 1521 1177 sermo
1553 1126 1819 1195 ipsorum,
1849 1136 1910 1181 ut
1943 1144 2074 1197 gan-

504 1220 707 1271 grana,
758 1218 1019 1274 pascuum
1059 1209 1307 1276 lsabcbit;
1340 1213 1603 1269 doctrinis
1638 1217 1803 1272 variis
1829 1228 1880 1271 et
1918 1234 2072 1289 pcre-

503 1296 674 1363 griuis
709 1314 777 1351 ne
812 1314 1095 1368 perperam
1130 1306 1480 1359 moveamini.
1516 1324 1534 1358 ι
1569 1306 1632 1362 Ει
1660 1310 1784 1373 erit,
1820 1311 1918 1375 ait,
1943 1323 2077 1366 tent-

505 1402 635 1455 pus,
669 1402 791 1442 cum
818 1404 1004 1444 sanam
1041 1391 1342 1447 doctrinam
1374 1411 1481 1450 non
1514 1399 1867 1454 sustinebunt
1902 1403 2076 1457 bomi~

505 1494 601 1533 nes
625 1519 639 1545 ,
677 1483 771 1533 sed
808 1481 1104 1536 secundum
1161 1484 1379 1553 propria
1416 1487 1687 1545 desideria
1716 1530 1730 1553 ,
1788 1492 1888 1545 sibi
1944 1493 2075 1562 ipsis

505 1574 910 1627 coacervabunt
958 1575 1250 1643 magistros
1275 1618 1288 1641 ,
1334 1579 1642 1647 pnuricntes
1670 1582 1916 1649 auribus,
1958 1596 2010 1639 et
2047 1603 2075 1640 ιι

505 1667 731 1722 veritate
781 1668 995 1739 quidem
1050 1684 1209 1724 aures
1256 1682 1530 1739 averteut,
1579 1677 1644 1731 ad
1694 1676 1906 1733 fabulas
1944 1692 2073 1732 vero

505 1767 912 1823 convertentur,
945 1769 997 1814 et
1038 1770 1198 1816 erunt
1247 1762 1391 1818 inter
1432 1782 1530 1821 vos
1578 1768 2031 1839 pseudomagistri
2062 1810 2076 1833 ,

505 1851 966 1921 quemadmodum
999 1864 1052 1907 et
1097 1855 1226 1909 olim
1276 1857 1767 1928 pseudoprophetae
1814 1860 2074 1927 fuerunt,

508 1945 601 2014 qui
647 1947 996 2003 introducent
1049 1960 1227 2004 sectas
1276 1952 1617 2019 perditionis,
1673 1969 1768 2023 per
1801 1971 1937 2025 quos
1994 1957 2078 2011 via

506 2039 761 2106 puritatis
806 2039 1300 2110 blasphemabitur,
1343 2053 1396 2097 et
1438 2045 1491 2098 in
1534 2059 1698 2100 avara
1738 2045 2084 2102 frondatione

508 2130 649 2188 lictis
680 2133 1021 2189 sermonibus
1069 2132 1135 2188 de
1182 2135 1337 2190 vobis
1389 2138 1831 2207 negetiabuntur,
1884 2142 2084 2211 quibus

502 2224 768 2292 judicium
798 2225 907 2296 jam
945 2226 1073 2280 olim
1105 2243 1215 2281 non
1264 2237 1462 2296 cessat,
1505 2242 1557 2283 ct
1606 2231 1838 2300 perditio
1888 2247 2082 2287 eorum

506 2331 612 2369 non
643 2316 879 2371 mutabit
900 2331 1018 2371 cor.
1042 2316 1359 2373 Permancte
1384 2321 1569 2390 itaque
1592 2321 1645 2376 in
1678 2323 1870 2384 tide.ct
1900 2334 2082 2379 tenete

505 2406 849 2471 traditiones,
902 2422 1042 2478 quas
1096 2411 1385 2480 accepistis
1416 2420 1468 2464 et
1509 2420 1714 2467 certate
1772 2430 1867 2481 pro
1917 2417 2084 2471 semel

505 2498 818 2553 concredita
869 2499 971 2555 [ide
1011 2501 1235 2556 sanctis.
1286 2521 1303 2553 ι
1355 2502 1479 2558 Ηωο
1526 2513 1579 2559 et
1637 2504 1835 2559 similia
1892 2522 2088 2576 propo-

509 2589 690 2643 nenda
727 2601 855 2644 sunt
887 2607 915 2646 c
952 2592 1124 2647 sacris
1159 2593 1401 2659 Litteris,
1453 2596 1751 2663 prmsertim
1803 2597 1906 2652 hoc
1947 2607 2087 2652 tem-

516 2694 666 2747 pore,
698 2681 763 2733 ad
798 2682 1181 2736 desaevieutcm
1211 2698 1450 2738 errorem
1489 2684 1921 2753 propellendum.
1957 2690 2087 2741 0m-

515 2770 600 2822 nia
638 2771 703 2824 ad
737 2771 1150 2825 instructionem
1186 2782 1431 2827 nostram
1469 2773 1668 2844 scripta
1699 2783 1858 2838 sunt,
1893 2785 1950 2828 ut
1981 2785 2088 2830 tra-

509 2859 681 2913 ditum
719 2870 800 2914 est
837 2862 890 2915 in
934 2861 1155 2917 Christo
1186 2861 1313 2917 Jesu
1352 2865 1584 2919 Domino
1617 2857 1826 2929 uestro,
1857 2868 1939 2920 cui
1974 2867 2087 2936 glo-

511 2950 609 3010 ria.
640 2959 692 3003 et
730 2960 973 3019 potestas
1008 2965 1129 3006 cum
1164 2950 1323 3006 Patre
1359 2954 1533 3022 ipsius
1565 2955 1684 3010 sine
1717 2956 2008 3026 principio,
2035 2967 2088 3011 et

511 3030 879 3106 sanciissimo,
920 3052 974 3096 et
1014 3043 1295 3107 munifico,
1335 3045 1660 3115 viviﬂcoque
1700 3045 1905 3117 Spiritu
1932 3091 1947 3114 ,
1990 3050 2083 3104 uni

517 3132 712 3186 Deitati
746 3143 800 3187 ct
832 3134 1026 3203 gloria,
1068 3144 1121 3189 ct
1152 3150 1376 3206 regnum
1413 3137 1466 3190 in
1510 3137 1707 3193 sarcula
1740 3141 2083 3195 saeculorum.

2176 598 2283 650 que
2317 595 2462 635 nunc
2495 580 2631 634 satis
2667 580 2771 634 sint
2797 596 2808 631 :
2837 578 3073 645 reliquas
3108 576 3212 629 alio
3241 575 3352 629 loco
3372 583 3677 645 opportunius

2176 671 2839 727 aﬂ‘ercmus.Philotheum
2882 682 3009 722 vero
3042 667 3416 737 patriarcliaui,
3438 670 3520 737 qui
3552 671 3610 721 ita
3638 673 3678 721 in

2176 761 2409 816 Palamae
2454 761 2638 815 laudes
2676 758 2882 814 elTusus
2919 769 3003 812 est
3029 796 3044 819 ,
3077 756 3305 809 Palamzc
3357 756 3407 808 in
3471 758 3683 811 omnibus

2177 854 2434 919 haereses,
2458 855 2614 923 quasi
2645 851 2992 909 haereditario
3018 850 3139 917 jure
3162 857 3392 904 secutum
3444 864 3567 909 esse,
3597 866 3682 901 non

2183 947 2363 1002 minus
2398 961 2462 1001 eo
2493 949 2544 1000 iu
2580 945 2803 1000 Latinos
2829 945 2953 999 odio
2981 942 3236 997 infectum
3265 978 3278 1001 ,
3312 941 3434 993 satis
3496 941 3686 1007 prol'aut

2182 1039 2303 1094 libri
2337 1040 2457 1108 ejus
2486 1038 2819 1107 quindecim,
2879 1024 3017 1105 quos
3064 1034 3319 1088 adversus
3377 1031 3685 1100 Nicephorum

2178 1134 2469 1203 Gregoram
2518 1131 2753 1186 Palama:
2827 1128 3197 1185 adversarium
3245 1124 3557 1196 conscripsit.
3611 1122 3689 1177 llic

2177 1227 2604 1295 patriarcliatum
2630 1225 2771 1279 rexit
2794 1237 2939 1278 anno
2976 1220 3194 1275 Domini
3231 1219 3384 1280 i362,
3412 1220 3502 1273 sub
3517 1216 3691 1272 Joanne

2178 1317 2504 1386 Palueologo,
2542 1330 2716 1371 annos
2758 1314 2977 1383 triginta
3017 1312 3234 1367 circiter
3269 1320 3386 1379 post
3411 1308 3648 1363 Palamani
3676 1347 3689 1365 .

2178 1419 2303 1459 cum
2364 1406 2477 1474 ipse
2523 1403 2672 1457 dicat
2711 1402 2992 1456 Palamam
3044 1400 3147 1455 sub
3190 1397 3481 1453 Andronico
3516 1410 3570 1451 ex
3612 1394 3695 1448 Pa-

2181 1495 2418 1563 lazologis
2469 1503 2667 1562 quarto
2719 1492 3010 1554 ﬂoruisse,
3070 1505 3192 1559 pag.
3249 1489 3336 1555 98,
3383 1504 3431 1543 a.
3476 1502 3521 1542 c.
3570 1488 3616 1540 l.
3660 1486 3691 1539 ί.

2181 1591 2289 1645 Τοῦ
2319 1588 2603 1642 θειοτάτου
2628 1586 2806 1638 τοίνυν
2851 1584 3117 1653 βασιλέως
3150 1580 3247 1634 τοῦ
3283 1579 3590 1650 Ἀνδρονίκου
3614 1579 3694 1643 τῆς

2181 1680 2460 1742 εὐσεϐείας
2514 1675 2947 1749 προασπίζοντος
2993 1671 3087 1726 τοῦ
3114 1672 3233 1724 τῶν
3262 1668 3606 1735 Παλαιολόγων
3628 1682 3697 1718 τε-

2182 1777 2404 1845 τάρτου,
2431 1773 2643 1835 σύνοδος
2674 1771 2795 1841 ἱερὰ
2820 1768 3223 1837 συγκροτεῖται,
3254 1764 3449 1817 καὶτοῦ
3473 1760 3692 1829 Βαρλαὲιμ

2113 1849 2151 1902 Β
2183 1862 2646 1937 παραγεγονότος,
2672 1861 2766 1915 καὶ
2795 1858 2906 1911 τῶν
2956 1856 3120 1909 αὑτοῦ
3163 1853 3428 1923 προϐεϐλη
3438 1852 3594 1923 μένων
3619 1866 3697 1901 κιο

2184 1956 2417 2022 κοδόξων
2448 1954 2759 2024 δογμάτων,
2785 1951 2882 2005 καὶ⁵
2917 1947 3060 2002 κατὰ
3120 1947 3232 2007 τῶν
3291 1943 3515 1999 εὐσεϐῶν
3562 1958 3696 2006 κατη-

2183 2047 2509 2116 γορημάτων
2570 2045 2885 2113 Πνεῦματος
2945 2035 3092 2093 θείον
3176 2036 3426 2107 πλησθεὶς
3479 2035 3505 2087 δ
3559 2033 3697 2102 μέγας

2183 2119 2504 2210 Γρηγόριος,
2523 2137 2615 2190 καὶ
2633 2135 2861 2203 δύναμιν
2892 2132 3102 2200 ἄμαχον
3124 2147 3192 2182 πε
3204 2127 3560 2199 ριϐαλλόμενος
3583 2124 3697 2175 ἄνω·

2186 2229 2275 2281 θεν
2308 2228 2367 2281 τὸ
2405 2226 2548 2281 κατὰ
2585 2225 2721 2279 Θεοῦ
2757 2223 3006 2295 ἀνοιχθὲν
3046 2222 3224 2275 ἐκεῖνο
3260 2219 3425 2288 στόμα
3473 2214 3699 2284 ἐφίμωσξ,

2184 2339 2241 2376 κ.
2277 2339 2329 2375 τ.
2362 2320 2413 2374 λ.
2456 2338 2473 2369 ι
2505 2316 2850 2385 Divinissimo
2870 2318 3050 2387 itaque
3067 2318 3393 2383 imperatore
3417 2306 3699 2364 Andrmieo.

2188 2413 2443 2482 pietatem
2469 2418 2858 2480 propugnante,
2882 2410 2974 2479 qui
2990 2417 3108 2464 erat
3133 2398 3701 2477 quartusePalteologES.

2187 2519 2341 2557 sacra
2370 2502 2612 2573 synodus
2640 2507 2993 2555 convocatur.
3027 2499 3086 2553 In
3119 2514 3245 2554 eam
3276 2510 3397 2571 quin
3430 2490 3705 2549 accessisset

2189 2594 2527 2658 Barlaamus,
2545 2593 2688 2646 illius
2707 2591 2847 2646 male
2859 2591 3142 2646 sentientis
3156 2589 3464 2647 enormibus
3478 2584 3705 2656 dogmati-

2188 2685 2312 2750 bus,
2346 2700 2444 2739 nec
2472 2700 2578 2739 non
2610 2692 2798 2738 contra
2830 2682 2948 2752 pios
2976 2681 3123 2737 viros
3156 2679 3577 2737 accusationibus
3604 2690 3705 2745 pru-

2190 2776 2401 2846 positis,
2436 2776 2622 2830 divino
2654 2772 2859 2844 Spiritu
2890 2773 3127 2842 repletus
3161 2786 3389 2844 magnus
3435 2768 3703 2838 Gregorius,

2189 2873 2243 2919 et
2272 2865 2469 2919 robore
2508 2865 2726 2919 caelitus
2760 2863 2865 2919 sibi
2914 2877 3187 2918 concesso
3220 2857 3593 2930 inexpugnabili
3615 2856 3701 2905 cir-

2191 2957 2571 3017 cumvallatos,
2607 2972 2668 3009 os
2701 2954 2834 3008 illud
2863 2961 3055 3009 contra
3089 2952 3262 3008 Deum
3293 2955 3584 3021 adapertum
3624 2946 3706 2998 ob-

2191 3050 2342 3104 duxit
2372 3068 2388 3100 ι
2419 3060 2521 3102 cie.
2561 3049 2691 3103 \‘ide
2722 3050 2908 3111 etiam,
2935 3062 3056 3117 qum
3082 3048 3154 3101 de
3184 3047 3397 3102 Palama
3436 3043 3575 3097 habet
3595 3042 3704 3092 Gn:-

2194 3157 2354 3211 goras
2386 3140 2477 3193 lib.
2511 3156 2587 3203 at,
2628 3155 2750 3209 cap.
2787 3140 2872 3202 t3.
2914 3138 3117 3192 Hister.
3152 3137 3304 3192 Rom.

2188 3362 2281 3369 ,ηρ-υ
2302 3362 2563 3368 -ς-μ-...ρ
2580 3361 2621 3367 ..-
2642 3361 2771 3366 --μιμ
2791 3362 2817 3366 ._

1554 3561 1697 3648 DE
1792 3558 2192 3647 EODEM
2268 3555 2720 3642 PALAMA

678 3779 764 3838 Ex
798 3778 1078 3856 ejusdem
1130 3776 1354 3839 Leonis
1384 3775 1589 3838 Allatii
1629 3790 1822 3853 opere
1854 3773 1941 3832 De
1992 3769 2290 3833 Ecclesiae
2327 3769 2750 3833 Occidentalis
2791 3779 2848 3831 et
2887 3770 3241 3835 Orientalis
3284 3778 3565 3851 perpetua

1135 3880 1139 3884 ’
1352 3880 1772 3951 consensione,
1808 3876 1919 3938 lib.
1953 3877 2031 3951 ΙΙ,
2065 3891 2201 3955 cap.
2242 3875 2336 3949 16,
2368 3893 2546 3937 num.
2580 3875 2637 3947 3,
2684 3893 2747 3955 p.
2786 3875 2922 3939 802.

596 4210 684 4265 Ill.
707 4206 1039 4263 Subloanne
1055 4201 1357 4271 Palaeologo
1382 4211 1438 4256 et
1457 4200 1670 4256 Joanne
1691 4200 2086 4266 Cantacuzeuo,

2199 4178 2295 4255 καὶ
2324 4197 2644 4267 ἀναγνώτω,
2671 4198 2769 4251 καὶ
2798 4197 3006 4253 εἵσεται
3023 4196 3211 4268 χάριτι
3242 4193 3474 4268 Χριστοῦ
3493 4189 3575 4245 τοῦ
3590 4184 3722 4241 Θεοῦ.

526 4304 844 4358 Barlaamus
866 4296 1187 4357 monachus,
1206 4302 1260 4349 et
1279 4293 1572 4362 Gregorius
1590 4291 1926 4362 Acindynus,
1955 4291 2096 4345 mul-

528 4405 704 4448 torum
723 4401 971 4444 errorum
990 4394 1043 4440 et
1061 4386 1337 4438 haereseon
1362 4382 1761 4446 convicti,eum
1807 4382 1924 4437 suis
1963 4381 2098 4436 scri-

529 4483 635 4553 ptis
652 4476 994 4535 condenmati
1014 4484 1068 4529 et
1088 4471 1376 4543 proscripti
1399 4479 1555 4538 sunt;
1571 4473 1661 4538 qui
1685 4472 1810 4527 licet
1834 4475 2117 4527 acerrime.

529 4574 785 4630 infamem
837 4569 1113 4624 Palamam
1165 4572 1640 4637 persequerentur,
1704 4578 1813 4618 non
1864 4564 2006 4619 inter
2034 4576 2096 4617 se

530 4674 710 4719 tamen
740 4659 1164 4724 conveniebant,
1188 4654 1281 4711 sed
1312 4670 1453 4710 unus
1476 4654 1643 4709 alium
1683 4655 1967 4724 exagitans
1989 4653 2095 4707 hai—

536 4770 718 4813 rescos
755 4752 1128 4809 insimulabat.
1182 4748 1255 4802 De
1280 4747 1349 4803 iis
1372 4745 1518 4816 pleni
1549 4754 1679 4800 sunt
1730 4746 2095 4800 recentiorum

533 4850 843 4906 Graecorum
882 4845 1031 4899 libri.
1088 4842 1207 4910 Ipse
1264 4848 1467 4902 tamen,
1523 4852 1646 4907 quae
1688 4852 1796 4892 non
1845 4835 2099 4891 omnibus

539 4941 696 4998 obvia
721 4946 869 5003 sunt,
896 4933 1115 4990 addam.
1147 4931 1211 4986 Et
1233 4932 1471 5001 primum
1490 4932 1741 4985 audiatur
1760 4926 2099 4996 Acindynus:

551 5035 707 5104 Ἐμοὶ
758 5030 906 5098 λόγοι
966 5026 1293 5095 πεποίηνται
1353 5024 1449 5077 καὶ
1491 5020 1776 5075 ἐπιστολαὶ
1813 5019 1901 5072 διὰ
1940 5017 2101 5070 πέντε

536 5125 839 5197 τμημάτων
871 5120 1010 5191 πρὸς
1058 5116 1326 5185 Βαρλαὰμ
1381 5115 1607 5177 ἐκεῖνον,
1666 5112 1759 5163 καὶ
1790 5108 2100 5163 κατάὐτοῦ

538 5216 859 5288 προθύμως,
893 5213 978 5278 ἐφ’
1006 5204 1086 5270 οἷς
1120 5208 1199 5268 είς
1231 5206 1328 5274 τὴν
1356 5202 1478 5257 καθ’
1509 5203 1656 5272 ἡμᾶς
1684 5199 1977 5271 μοναδιχὴν
2006 5199 2102 5268 ὀρ-

539 5307 736 5373 θότητα
782 5302 1180 5370 ὲξημέιρτανεν.
1230 5295 1418 5353 Ὅστις
1477 5289 1571 5342 οὖν
1620 5288 1808 5342 ἀκούει
1841 5305 1908 5357 με
1952 5288 2105 5353 παρὰ

538 5414 699 5452 τινων
731 5390 1014 5463 φιλαιτίων
1046 5388 1142 5439 καὶ
1197 5382 1470 5453 ὑϐριστῶν
1514 5379 1818 5450 ἀνθρώπων
1843 5378 1938 5447 τῆς
1968 5378 2105 5448 ἀλη-

538 5492 687 5554 θείας
740 5483 1178 5552 διαϐαλλόμενον,
1241 5477 1316 5539 ὡς
1355 5476 1464 5545 ἄρα
1519 5475 1658 5543 ὑπὲρ
1712 5471 1805 5524 τοῦ
1840 5470 2103 5539 Βαρλαὰμ

2200 4290 2277 4353 ὡς
2304 4290 2366 4343 οὐ
2398 4289 2591 4354 δεῖνος,
2616 4288 2648 4359 ἢ
2670 4286 2766 4341 τοῦ
2795 4288 2966 4353 δεῖνος
2996 4290 3108 4357 ἐγὼ
3155 4288 3341 4358 χάριν,
3373 4286 3444 4348 ὡς
3482 4282 3543 4337 ἂν
3567 4282 3608 4333 οἱ
3628 4277 3724 4330 δια-

2201 4382 2485 4443 ϐάλλοντες
2505 4380 2762 4445 ‘el’rrmsv,
2809 4379 2926 4434 ἀλλ’
2982 4381 3123 4452 ὑπὲρ
3169 4381 3283 4449 τῆς
3327 4378 3434 4429 τῶν
3482 4372 3726 4465 Seruari»:

2201 4473 2491 4541 ἀκριϐείας
2509 4473 2817 4543 ἑνίσταμαι,
2840 4474 2932 4527 καὶ
2958 4473 3134 4542 ὀρθῶς
3152 4473 3209 4525 δε
3222 4470 3364 4536 ιλίῶ,
3385 4469 3477 4520 καὶ
3502 4467 3555 4518 οὗ
3578 4460 3727 4525 τολμῶ

2204 4564 2604 4635 παραδέχεσθαι
2638 4565 2737 4633 τὴν
2762 4563 2964 4634 ἑτέρως
2992 4562 3373 4632 ἐκφερομένην
3399 4552 3670 4621 θεολογίαν.
3703 4545 3728 4611 ἦ

2203 4658 2254 4710 οἱ
2287 4657 2524 4727 Πατέρες
2547 4656 2704 4724 ἡμῶν
2727 4656 2776 4707 οί
2812 4654 3061 4722 θεοφόροι
3089 4652 3420 4722 παρέδοσαν,
3459 4645 3554 4739 κᾶν
3584 4641 3731 4739 [111s-

2156 4808 2176 4819 ν
2210 4748 2317 4818 μᾶς
2349 4746 2517 4817 αὐτὴν
2539 4745 2735 4815 φράζει
2754 4784 2768 4807 ,
2803 4743 2905 4797 κᾶν
2934 4743 3197 4812 Βαρλαὰμ
3225 4743 3255 4794 ὁ
3286 4736 3735 4833 κακόσχολοςοικῖῖν

2207 4836 2456 4892 ὁστισοῦν
2519 4836 2628 4889 τῶν
2680 4835 2955 4899 ἁπάντων,
3018 4834 3114 4886 καὶ
3176 4833 3273 4883 ἐπὶ
3330 4828 3536 4888 τούτοις
3588 4828 3735 4873 πάντα

2208 4932 2401 4984 παθεῖν
2431 4928 2780 4997 ἀναδέχομαι,
2812 4925 2911 4979 κᾶν
2933 4926 3029 4997 δέῃ
3055 4941 3121 4992 με
3153 4922 3472 4982 ἀποθανεῖν,
3497 4919 3587 4985 τῆς
3612 4909 3738 4965 θεεις

2207 5023 2430 5093 χάριτος
2476 5020 2877 5088 ὲνδυναμούσης
2905 5017 3006 5086 τὴν
3047 5016 3289 5084 φυσικήν
3323 5028 3426 5081 μου
3468 5005 3737 5060 ἀσθένειαν.

2214 5111 2536 5168 «Orationes
2569 5119 2733 5180 atque
2791 5108 3032 5178 epistolae
3087 5104 3420 5172 conscripta:
3453 5107 3573 5154 sunt
3598 5108 3625 5145 a
3649 5101 3741 5143 tne.

2212 5207 2455 5275 quinque
2485 5199 2856 5255 voluminibus
2880 5195 3312 5267 comprehensae,
3340 5193 3407 5246 ad
3432 5187 3741 5280 Barbarum“

2213 5272 2386 5356 illum,
2422 5301 2609 5345 etnon
2662 5291 2780 5344 sine
2845 5288 3046 5350 smdio,
3096 5287 3366 5341 adversus
3423 5281 3563 5335 illius
3603 5272 3745 5356 diota.

2211 5354 2412 5455 quibus
2461 5389 2705 5435 nostram
2785 5379 3135 5432 monasticam
3196 5372 3575 5461 rectitudinern
3615 5354 3747 5461 inille

2214 5451 2601 5542 pertractabat.
2628 5468 2952 5536 Quicunque
2976 5468 3139 5537 igitur
3173 5464 3323 5518 audit
3345 5504 3359 5530 ,
3395 5473 3479 5515 me
3501 5456 3565 5510 ab
3585 5451 3746 5542 aliqui-

839 5535 1123 5642 iniugati-1
1204 5535 1506 5637 αφέρομαι,
1548 5535 1643 5616 καί
1682 5563 1829 5616 ἐστιν
1856 5535 2086 5630 ἐπιεικῆ.

2215 5535 2317 5620 bus
2347 5562 2591 5632 Querulis
2623 5567 2680 5614 et
2710 5559 2954 5613 veritatis
2990 5539 3746 5652 calumniatoribus“homini:

539 5674 637 5726 καὶ
661 5667 910 5736 ἀσφαλὴς
926 5668 1021 5733 τῆς
1043 5662 1302 5731 ἀληθείας
1331 5655 1644 5722 ἐξεταστὴς,
1674 5655 1810 5708 ἀλλὰ
1838 5655 1910 5725 μὴ
1935 5654 2109 5713 ﬁlio);

539 5759 827 5828 φιλαίτιος,
884 5758 1173 5824 ζητησάτω
1222 5750 1347 5811 τοὺς
1384 5748 1711 5815 εἰρημένους
1752 5746 1938 5812 λόγους
1977 5761 2101 5811 μου,

2215 5655 2316 5708 bus
2339 5631 2610 5711 accusari,
2640 5650 2783 5718 quod
2813 5662 3039 5701 aversus
3067 5647 3343 5701 Palamam
3368 5654 3465 5711 pro
3494 5631 3747 5725 Barlaami)

2212 5742 2609 5806 contenderim,
2643 5750 2694 5796 et
2724 5751 2805 5795 est
2836 5755 3024 5809 aequus
3049 5753 3108 5792 ac
3142 5749 3316 5790 sanus
3364 5726 3602 5786 veritat‘s
3626 5726 3749 5773 msu-
