3884 6204
312 177 415 239 885

1461 152 1901 218 GRECORUM
1944 144 2417 209 SENTENleE.

3438 125 3541 191 886

310 293 436 358 ὅρια
464 281 722 352 Πατέρων
751 281 823 350 μὴ
852 278 1112 349 μεταίρεις
1185 274 1636 347 προαιρουμένοις,
1677 268 1871 338 Ἐ-ίρά.
1905 274 1923 328 δ

2027 266 2083 319 Iis
2105 265 2282 317 inesse
2308 274 2335 313 a
2365 256 2565 312 deitatc
2590 250 2704 315 Dei,
2733 247 2822 320 qui
2853 262 2949 318 per
2972 243 3202 317 gratiam
3229 254 3358 296 suas
3388 255 3542 294 erea-

2191 354 2221 358 “
2249 354 2260 358 ‘
2531 347 2541 358 '
2678 343 2700 358 ¹¹
2768 342 2801 358 ⁸·
2909 356 2915 358 -
2946 352 3027 358 μ---
3056 342 3339 358 -..Α-ιι,ι...ιι.ι
3377 330 3531 358 ηιηιιζ

312 397 389 448 φη
421 378 448 429 ὁ
491 373 684 444 παρὼν
730 372 906 440 Τόμος
960 369 1087 437 μηνὶ
1131 366 1355 436 Ἰουλίῳ,
1402 363 1751 437 Ἰνδικτιῶνος
1794 365 1873 413 ιε’.

321 468 575 531 «Audite,
614 465 789 517 tribus
817 471 971 514 terra:
999 467 1052 511 et
1078 460 1294 527 linguae,
1327 464 1518 524 gentes
1541 467 1732 506 omnes
1761 465 1881 519 quae

316 557 580 614 habitatis
608 556 706 611 sub
727 554 889 610 caelo,
919 554 1231 621 quicunque
1259 549 1464 602 scilicet
1494 545 1659 599 Deum
1691 558 1879 597 verum

314 653 529 712 colunt,
554 660 608 703 et
643 662 805 700 unam
835 643 1094 697 Deita'cm
1122 642 1176 694 in
1214 641 1386 695 tribus
1421 637 1669 708 personis
1716 633 1878 703 glori-

318 745 564 798 tieatam.
593 740 812 798 Audite,
847 737 937 804 qui
971 742 1159 789 sancto
1186 731 1431 801 peruncti
1461 728 1594 783 estis
1622 724 1888 796 sanguine

317 834 543 904 pretiosi
571 831 727 898 Agni.
752 828 845 897 qtti
887 825 1116 881 ethuiete
1148 821 1426 892 religionis
1452 833 1718 882 errorem,
1751 815 1890 870 mul-

317 940 400 980 tos
441 927 570 977 deus
617 929 971 981 astruentem,
1004 915 1271 977 dissolvit,
1320 924 1376 966 ut
1404 926 1544 965 unus
1579 909 1719 964 Deus
1755 923 1892 962 una—

316 1033 429 1085 que
455 1017 623 1068 deitas
653 1014 924 1068 coleretur
957 1010 1023 1063 ab
1064 1008 1133 1065 iis
1172 1007 1265 1076 qui
1304 1007 1355 1059 in
1390 1004 1667 1059 Christum
1706 999 1892 1054 Domi-

320 1122 458 1159 num
500 1114 746 1158 nostrum
797 1101 1097 1157 credidere.
1152 1098 1371 1160 Audite,
1420 1110 1540 1161 qua:
1574 1101 1892 1161 tempestas,

316 1194 449 1262 quis
479 1195 661 1250 turbo.
690 1206 808 1260 quze
836 1189 1069 1243 tenebrae
1094 1226 1109 1249 ,
1150 1186 1319 1239 multo
1357 1183 1625 1253 Egyptiis
1658 1180 1763 1251 illis
1789 1180 1888 1231 im-

323 1286 625 1344 manior-es,
658 1281 967 1335 Grmcorum
1003 1262 1299 1332 Ecclesiam
1335 1248 1750 1344 oppresserunt.
1794 1269 1895 1323 Ne-

320 1390 434 1441 que
465 1375 609 1426 enim
641 1369 856 1426 suffecit
909 1368 1127 1423 diabolo
1160 1366 1375 1433 generis
1432 1363 1605 1418 nostri
1639 1360 1703 1415 ad
1736 1361 1900 1414 inter-

323 1464 615 1516 necionem
673 1460 908 1520 eversio,
943 1472 1129 1526 quam,
1176 1469 1296 1508 cum
1357 1450 1623 1505 homicida
1664 1455 1811 1502 esset
1834 1443 1900 1497 ab

322 1557 509 1610 initio.
562 1551 878 1623 procuravit
911 1563 1004 1619 per
1042 1545 1401 1601 defectionem
1456 1549 1508 1594 et
1547 1538 1898 1594 rebellionem

1982 367 2132 412 turas
2159 354 2262 409 sibi
2295 347 2649 418 cognomines
2678 342 2828 405 facit,
2857 352 3031 407 neque
3056 342 3344 405 propterea
3377 330 3532 383 multi

1984 448 2077 509 dii,
2117 459 2288 512 neque
2321 438 2557 494 Domini.
2594 447 2768 502 neque
2816 430 3047 485 deitates
3080 424 3306 479 infinita:
3354 435 3547 473 secuti.

1984 541 2111 594 dum
2141 537 2288 605 ipsos
2326 526 2740 599 operationibus
2768 526 3241 579 commensuraue,
3272 514 3364 570 sed
3405 526 3548 565 unus

1991 632 2152 687 Deus,
2186 641 2326 678 unus
2362 621 2643 679 Dominus,
2680 630 2785 669 una
2839 612 3043 674 Deitas,
3071 618 3129 663 ut
3160 607 3379 663 divinus
3410 603 3548 657 Pan.

1990 722 2075 775 lus
2111 717 2306 787 inquit,
2341 712 2702 783 pluralitatem
2738 707 2956 766 vitans;
2993 718 3058 755 ne
3090 702 3142 754 in
3177 696 3548 770 gentilismum

1990 813 2272 866 abeanms.
2304 806 2396 862 Sic
2414 820 2478 859 ex
2515 800 2801 872 supposito
2837 795 2976 849 lutili
3007 791 3160 853 moti,
3190 789 3371 844 statim
3407 802 3556 838 com—

1993 899 2334 970 parationum
2378 890 2725 954 eminentias,
2759 896 2813 940 et
2839 885 3108 944 defectus,
3143 890 3196 934 et
3224 875 3556 948 suppositio-

1996 1002 2112 1050 nes,
2146 980 2619 1051 etdepressiones,
2644 976 2763 1031 sine
2781 975 2889 1029 ulla
2920 972 3148 1033 ratione,
3184 968 3554 1023 recentiorum

1996 1079 2187 1135 harum
2232 1073 2502 1127 Deitatum
2538 1065 2892 1127 concludunt,
2948 1060 3246 1116 referentes
3280 1058 3343 1110 ad
3379 1056 3555 1109 Deita-

1986 1174 2126 1230 ‘tem,
2158 1181 2279 1235 qua:
2310 1162 2555 1231 analogia
2590 1158 2737 1214 omni
2775 1166 2825 1211 et
2854 1154 3171 1209 habitudine
3192 1160 3244 1204 et
3271 1162 3560 1216 compara-

2000 1262 2147 1314 tione
2174 1255 2427 1324 superior
2462 1261 2587 1317 est;
2626 1243 3091 1318 quemadmodum
3128 1255 3363 1305 superne
3391 1235 3558 1291 divini

2002 1363 2285 1406 sermones
2314 1348 2603 1408 intonant;
2637 1355 2811 1406 neque
2845 1337 2959 1391 fieri
2988 1334 3181 1405 potuit,
3213 1349 3275 1385 ex
3309 1344 3417 1398 quo
3441 1337 3565 1382 nata

1990 1434 2131 1499 sunt
2163 1438 2359 1495 smcttia
2396 1436 2570 1489 donec
2618 1433 2731 1500 ipsa
2768 1444 2961 1483 rursus
2992 1427 3310 1494 depereant,
3342 1407 3445 1473 alia
3478 1433 3565 1469 ra-

2006 1538 2152 1590 tione
2172 1530 2393 1586 sentire.
2421 1528 2660 1587 Necnon,
2685 1522 2828 1592 quod
2851 1518 3094 1574 omnium
3119 1504 3567 1568 absurdissimum

566 1600 796 1623 rw--.“
840 1600 871 1603 -,
912 1600 969 1619 ,η
1050 1600 1096 1601 ,,

320 1648 679 1715 propriorum
730 1644 1220 1695 instrumentorum
1248 1654 1261 1700 ;
1312 1649 1411 1687 nee
1435 1632 1568 1686 satis
1613 1629 1689 1683 illi
1722 1629 1899 1682 visqu
1932 1606 1974 1661 Β
2005 1636 2108 1690 est,
2128 1620 2586 1694 quemadmodum
2608 1614 2993 1686 pt-Ophetarum
3018 1607 3230 1674 eloquia
3250 1600 3568 1657 enuntiant:

2439 1711 2449 1715 -
2802 1703 2835 1715 ,μ
2937 1702 2948 1714 ι
3146 1708 3156 1715 .
3206 1696 3219 1715 ι
3252 1710 3307 1715 ΛΑ
3360 1702 3403 1715 ,ι
3442 1689 3567 1715 :ll...l

322 1749 442 1799 est,
482 1746 564 1789 tot
610 1733 828 1789 urbium
896 1739 951 1783 et
984 1726 1267 1795 regionum
1323 1721 1580 1791 proditio,
1650 1733 1751 1772 nec
1794 1732 1901 1769 nou

320 1828 771 1881 Christianorum
833 1822 1010 1875 caules
1063 1829 1116 1872 et
1167 1815 1528 1885 eaptivitates,
1592 1818 1645 1863 et.
1693 1807 1907 1879 generis

323 1916 579 1969 universi
615 1930 676 1967 ac
708 1914 880 1966 aetatis
940 1909 1295 1976 direptiones,
1359 1903 1462 1957 nisi
1497 1900 1661 1956 etiam
1712 1895 1908 1951 ferreis

320 2008 585 2062 vectibus
621 2005 919 2059 Ecclesiam
965 2001 1058 2055 fici
1116 2004 1449 2058 concuteret,
1488 1993 1623 2046 adeo
1653 2000 1710 2044 ut
1750 1988 1910 2041 simul

320 2098 520 2152 Omnia
552 2097 607 2149 in
637 2094 983 2164 precipitium
1043 2097 1248 2159 ageret,
1283 2097 1336 2142 et
1370 2087 1422 2140 in
1457 2083 1783 2155 profundum
1819 2081 1913 2133 de-

325 2199 637 2258 mergeret,
672 2183 1325 2255 dogmataJeges‘sacras
1359 2188 1414 2234 et
1439 2179 1653 2231 Patrum
1679 2175 1912 2236 saneita,

324 2300 536 2354 parum
572 2282 696 2352 quid
746 2279 813 2332 ad
844 2278 1195 2343 tantaslvires
1222 2275 1376 2329 dirus
1436 2273 1540 2326 iste
1572 2268 1826 2336 Sophiste
1861 2276 1915 2318 et

331 2376 527 2429 hostis
557 2374 851 2426 existimat.
901 2370 1037 2435 Quid
1076 2368 1220 2423 enim
1267 2366 1434 2420 facit?
1469 2364 1633 2417 Paulo
1680 2369 1824 2423 ante,
1859 2367 1918 2411 ut.

329 2482 544 2520 O'I“IICS
572 2465 766 2528 nostis,
804 2463 1103 2518 exsuscitat
1125 2460 1378 2514 homines
1406 2454 1698 2527 quosdam.
1733 2465 1919 2504 mena-

331 2559 578 2610 cborum
619 2570 705 2609 res
733 2543 1026 2608 ementitos
1059 2560 1111 2604 et
1145 2556 1332 2603 mutuo
1388 2548 1749 2607 decertantes,
1784 2549 1922 2596 etut

333 2650 533 2716 aptius
561 2648 764 2708 dicam,
826 2646 881 2698 in
915 2642 1078 2698 rectis
1109 2642 1326 2712 pietatis
1361 2636 1722 2707 dogmatibus,
1754 2632 1920 2685 νιτιυιί

335 2739 588 2804 zizania,
627 2747 840 2797 enatos,
872 2745 927 2789 et
974 2734 1203 2803 probum
1245 2729 1366 2784 tidei
1414 2742 1598 2781 semen
1633 2726 1921 2787 laedentes;

334 2833 433 2901 qui
461 2832 595 2885 licet
620 2830 974 2897 sibimetipsis
1010 2824 1375 2892 discrepantia
1419 2831 1472 2875 et
1497 2820 1656 2886 longe
1686 2818 1920 2875 diversa,

336 2924 721 2978 consonantia
744 2920 1106 2975 nihilominus
1147 2932 1336 2971 eorum
1387 2914 1580 2967 motori
1618 2909 1785 2979 impio
1816 2910 1924 2961 da:-

340 3016 502 3070 moni
544 3013 913 3084 praedicabant
944 3025 1007 3064 ac
1041 3006 1369 3062 sentiebant.
1401 3001 1650 3069 Namque
1681 3015 1745 3054 ex

342 3108 581 3176 quidam
617 3105 736 3158 ausi
766 3112 914 3165 sunt,
943 3100 1083 3154 idem
1114 3098 1406 3154 essentiam
1439 3093 1530 3148 Dei
1564 3103 1617 3146 et
1654 3089 1928 3161 operatio—

341 3218 471 3256 nem
504 3198 845 3261 existimare,
870 3202 985 3259 aut,
1019 3194 1063 3248 si
1109 3188 1479 3260 operationem
1514 3186 1660 3240 aliud
1702 3198 1822 3238 esse
1853 3190 1929 3235 te-

340 3293 596 3348 nendum
632 3298 737 3353 est,
769 3303 879 3341 non
934 3295 1263 3340 comteruam
1308 3280 1457 3335 illam
1509 3278 1713 3338 dicere,
1756 3288 1930 3341 neque

342 3386 603 3453 ejusdem
647 3378 896 3451 principii
934 3392 1056 3433 cum
1098 3376 1429 3443 sempiterno
1461 3380 1512 3425 et
1539 3368 1807 3440 principio
1837 3381 1930 3419 ca—

346 3482 516 3527 rettle
566 3470 701 3536 Deo,
757 3467 850 3524 sed
899 3474 1138 3521 creatam
1194 3473 1246 3518 et
1273 3460 1706 3530 corruptibilem,
1762 3465 1931 3511 utres

344 3577 553 3618 omnes
585 3569 780 3614 creata:
812 3557 990 3628 qualis
1020 3557 1074 3609 in
1106 3554 1375 3608 Thaborio
1430 3550 1727 3607 divinitatis
1755 3547 1934 3616 splen-

349 3662 454 3711 dor
511 3655 789 3724 apparuit,
826 3662 920 3706 aut
951 3652 1063 3712 illa,
1100 3663 1223 3719 quae
1264 3645 1579 3716 pastoribus
1617 3640 1815 3703 illuxit,
1850 3637 1932 3691 vel

345 3761 701 3818 qumcunque
757 3745 860 3800 alia
897 3743 988 3797 Dei
1038 3740 1303 3811 apparitio
1338 3737 1460 3790 fuit.
1512 3733 1579 3788 Et
1625 3732 1681 3787 hi
1716 3731 1932 3801 quidem

352 3845 458 3896 bac
508 3840 740 3894 ratione.
766 3836 871 3890 Alii
905 3848 1061 3903 mque
1118 3846 1305 3887 errore
1343 3824 1627 3896 implicati.
1688 3823 1798 3875 imo
1824 3818 1938 3888 pri-

354 3951 484 3990 mos
512 3945 773 3999 superare
806 3927 1219 3986 contendentes,
1260 3938 1293 3977 ο
1332 3921 1572 3975 animam
1606 3924 1659 3969 et
1693 3915 1934 3982 linguam

350 4039 409 4082 et
449 4039 679 4079 manum
719 4018 1056 4088 iutemperiis
1097 4017 1305 4072 actam!
1360 4012 1566 4081 scripto
1597 4006 1780 4063 miseri
1833 4012 1941 4059 tra-

352 4122 526 4181 dunt,
562 4131 667 4170 non
700 4129 729 4170 e
759 4113 897 4168 eicio
933 4111 1256 4172 fabulantes,
1299 4105 1393 4162 sed
1424 4120 1491 4158 ex
1519 4111 1683 4163 terra,
1718 4107 1776 4152 ut
1807 4111 1942 4148 ven-

358 4214 648 4275 triloqum,
690 4205 837 4258 velut
890 4202 1061 4257 lsaias
1093 4198 1280 4262 tradit,
1331 4194 1515 4265 spuria
1549 4190 1796 4262 quaedam
1843 4200 1971 4239 nec.

359 4314 633 4373 germana
668 4297 941 4363 dogmata,
975 4307 1094 4361 qure
1148 4304 1323 4359 neque
1352 4287 1538 4341 Patres
1569 4280 1740 4337 nostri
1776 4292 1941 4332 nove-

361 4400 519 4454 runt,
554 4397 614 4442 ut
638 4388 819 4442 divino
854 4384 1073 4452 eloquio
1140 4390 1380 4442 utamur,
1434 4390 1609 4445 neque
1637 4372 1793 4427 nobis
1830 4380 1942 4423 tra-

363 4484 670 4537 diderunt:
718 4491 821 4531 nec
869 4474 1100 4529 audiunt
1136 4483 1387 4539 magnum
1423 4466 1649 4520 Paulum
1688 4461 1945 4533 profanas

366 4586 578 4627 vocum
607 4569 870 4623 novitates
915 4564 1152 4633 abjicere
1193 4559 1615 4631 praecipientem,
1652 4568 1826 4621 neque
1855 4566 1946 4605 sa-

368 4669 620 4736 pientem
662 4658 1053 4713 Salomouem:
1098 4651 1249 4706 tNoli
1301 4663 1492 4719 sapere
1545 4654 1950 4715 supervacanea

368 4770 426 4814 et
456 4764 660 4827 printer
678 4767 857 4807 usum.
875 4766 893 4801 ι
920 4748 1167 4816 Namque
1189 4737 1764 4811 supersubstantialem
1786 4746 1949 4787 unam

375 4850 673 4910 Deitatem,
702 4845 818 4899 sive
837 4854 1004 4895 unum
1041 4837 1204 4891 Deum
1228 4838 1279 4888 in
1312 4832 1507 4886 Triade
1540 4830 1656 4883 sine
1686 4826 1954 4880 divisione

374 4938 655 5000 divisum;
686 4948 823 4987 nova
850 4931 1113 4985 divisione
1144 4922 1553 4980 subdividentt-s
1582 4919 1816 4971 audaces
1842 4913 1952 4975 isti,

379 5034 589 5086 multas
615 5026 879 5097 quasdam
921 5022 1149 5077 deitatcs
1172 5033 1310 5081 esse,
1336 5023 1387 5065 et
1416 5010 1614 5064 multos
1640 5010 1793 5071 deos,
1822 5017 1959 5073 prte-

381 5136 469 5177 tcr
492 5137 615 5175 vera
645 5120 923 5187 dogmata,
944 5111 1348 5181 impudenteret
1375 5100 1660 5157 temerarie
1686 5098 1956 5152 sanciunt.

382 5217 558 5269 Aiunt
585 5213 805 5281 quippe,
831 5207 1103 5262 naturales
1133 5212 1187 5257 et
1217 5195 1533 5254 essentiales
1566 5192 1656 5245 Dei
1683 5189 1960 5259 operatio-

391 5321 495 5360 nes
550 5303 857 5357 divinorum
897 5300 1089 5352 horum
1123 5304 1174 5347 et
1205 5287 1649 5344 admirandormu
1680 5282 1960 5336 nominum

394 5413 507 5450 non
541 5395 721 5448 minus
742 5391 1033 5464 participes
1063 5402 1202 5441 CSSt‘.
1226 5382 1329 5436 Nec
1362 5380 1490 5433 illud
1518 5394 1545 5431 a
1578 5377 1758 5430 divina
1782 5374 1967 5440 Scrip-

397 5498 526 5541 tura
555 5485 960 5543 intellexerunt,
1016 5488 1109 5533 aut
1142 5474 1316 5530 cdocti
1368 5482 1514 5533 sunt,
1559 5469 1689 5521 deos
1721 5479 1772 5519 et
1799 5462 1972 5517 timui-

404 5592 535 5643 nos,
579 5564 799 5646 angélos
830 5574 988 5630 simul
1021 5577 1075 5625 ct
1109 5568 1353 5623 homines
1395 5564 1522 5627 dici,
1560 5570 1611 5615 ct
1648 5567 1970 5629 potestatem

2013 1717 2181 1771 tinxit
2216 1715 2379 1777 Deus,
2439 1711 2651 1763 locutus
2688 1715 2769 1759 est
2801 1702 3078 1763 Dominus,
3108 1708 3162 1751 et
3206 1696 3311 1749 hoe
3356 1702 3410 1746 et
3442 1689 3569 1743 illttd

2007 1808 2247 1877 prtecipit
2286 1803 2659 1871 Omnipotens,
2694 1816 2712 1849 ι
2751 1807 2805 1850 et
2833 1808 3018 1847 vocem
3051 1802 3213 1858 atque
3242 1798 3575 1846 sermonem,

2008 1899 2099 1967 qui
2131 1911 2294 1963 supra
2329 1904 2638 1948 sermonem
2675 1894 2782 1949 est,
2821 1883 2931 1938 Deo
2964 1895 3189 1951 prorsus
3240 1875 3569 1943 appiuguut,

2010 1989 2082 2040 ita
2110 1996 2158 2038 et
2193 1986 2246 2037 hi
2273 1996 2533 2052 personas
2565 1976 2852 2044 eliingunt,
2914 1982 2966 2025 et
2996 1971 3049 2023 in
3081 1968 3442 2023 substantiam
3481 1978 3543 2031 pa
3564 1992 3578 2000 ο

2013 2080 2118 2132 lam
2156 2083 2322 2145 agunt
2348 2071 2626 2126 naturales
2652 2069 2748 2121 has
2780 2065 2870 2118 Dei
2894 2061 3259 2132 Operationes,
3280 2071 3402 2126 quae
3430 2062 3580 2106 extra

2016 2165 2376 2223 substantiam
2436 2162 2736 2216 Secundum
2779 2171 2837 2210 se
2869 2162 3020 2216 sunt,
3075 2160 3127 2205 et
3162 2147 3330 2217 loqui,
3366 2154 3418 2199 et
3450 2159 3583 2200 con-

2017 2273 2288 2320 sucscere,
2321 2272 2383 2309 ac
2420 2255 2464 2308 si
2504 2252 2614 2307 vita
2648 2249 2884 2320 prteditae
2940 2255 3143 2307 essent,
3176 2256 3299 2296 cum
3334 2239 3440 2292 illis
3472 2237 3565 2305 qui

2016 2364 2203 2403 eorum
2243 2348 2416 2400 sacris
2452 2342 2645 2397 initiati
2683 2350 2816 2395 sunt
2852 2334 3141 2406 spondent,
3194 2339 3247 2385 et
3276 2331 3329 2382 in
3377 2329 3588 2381 increa—

2019 2450 2129 2494 tum
2186 2447 2673 2491 naturam-eorum
2726 2429 3024 2499 participes
3082 2426 3390 2477 immutare.
3443 2417 3597 2484 Quin

2021 2533 2128 2587 imo
2146 2540 2198 2584 et
2225 2528 2618 2583 benefaetrices
2646 2531 2839 2577 vocant
2869 2518 3076 2574 similes
3100 2515 3357 2576 deitates,
3389 2510 3592 2564 heucii-

2021 2637 2134 2686 eas,
2168 2620 2479 2687 cuicunque
2508 2615 2612 2667 illae
2644 2610 2938 2669 voluerint,
2963 2604 3182 2674 proprio
3211 2598 3446 2669 quodam
3480 2611 3592 2646 tun-

2023 2716 2113 2768 do.
2147 2704 2739 2778 Supersubstantialem
2774 2715 2903 2754 vero
2941 2697 3206 2751 Deitatem
3262 2706 3451 2762 parum
3499 2693 3594 2739 aut

2028 2803 2162 2858 nihil
2197 2801 2262 2855 ad
2294 2798 2494 2854 similia
2525 2797 2716 2850 dicunt
2758 2788 3030 2845 conferre.
3094 2784 3217 2838 lla:c
3254 2791 3308 2837 et
3336 2781 3594 2845 pleraque

2028 2896 2131 2949 alia
2189 2891 2382 2962 partim
2420 2888 2592 2958 palam
2646 2884 2879 2937 recitaut
2911 2887 2966 2933 et
2998 2869 3408 2930 commentariis
3438 2883 3597 2923 mau-

1790 2998 1920 3065 ipsis
1949 2998 1992 3053 ο
2026 2988 2175 3046 dant,
2206 2984 2398 3054 partim
2436 2978 2743 3035 clanculum
2798 2974 3122 3042 loquuntur,
3151 2979 3274 3021 eum
3307 2962 3508 3033 quibus
3540 2959 3597 3013 in

2034 3076 2364 3145 colloquium
2387 3072 2634 3131 veniunt,
2668 3061 3131 3122 homuncionibus
3152 3065 3205 3112 et
3234 3050 3595 3114 mulierculis,

2031 3180 2233 3225 temere
2268 3165 2398 3219 hinc
2425 3163 2552 3216 inde
2584 3160 2846 3214 collectis.
2906 3150 3307 3207 Testimonium
3344 3142 3601 3198 exhibent

2032 3276 2141 3313 non
2178 3256 2333 3328 pauci
2365 3270 2551 3310 eorum
2576 3252 2669 3322 qui
2697 3247 3036 3319 spiritualem
3067 3256 3253 3297 curam
3280 3238 3585 3292 animarum

2034 3362 2251 3423 gerunt,
2285 3365 2313 3403 a
2346 3346 2547 3402 delusis
2573 3360 2667 3414 per
2705 3344 2853 3412 ipsos
2882 3353 2994 3393 rem
3033 3340 3443 3402 extorquentes,
3478 3337 3593 3381 tum

2034 3417 2250 3499 demum
2282 3441 2346 3494 ad
2377 3452 2477 3493 nos
2530 3435 2857 3490 referentes.
2916 3428 3021 3484 Sed
3066 3424 3225 3495 primi
3273 3421 3373 3485 illi,
3410 3417 3600 3489 quales

2037 3541 2194 3589 erant
2226 3526 2498 3584 Barlaami
2531 3538 2821 3594 sequaces,
2877 3519 2972 3589 qui
3013 3517 3080 3571 ad
3118 3515 3279 3570 italos
3310 3526 3478 3581 genus
3512 3524 3600 3561 reo

2042 3622 2275 3683 ferebat,
2312 3628 2385 3679 et,
2427 3614 2831 3686 quaeltalorum
2855 3617 3005 3671 sunt,
3033 3606 3270 3667 fovebat,
3324 3597 3602 3666 congressi

2036 3728 2159 3767 cum
2196 3710 2318 3763 istis
2352 3708 2407 3762 in
2434 3703 2644 3773 judicio
2676 3715 2856 3764 sacro,
2895 3697 2973 3752 uti
3023 3710 3120 3765 par
3151 3702 3291 3756 erat,
3332 3690 3459 3743 victi
3492 3689 3605 3741 dis-

2038 3807 2341 3859 cesserunt.
2394 3794 2630 3851 Secundi
2694 3800 2875 3846 autem
2934 3788 2988 3841 hi
3054 3790 3315 3843 vietores,
3373 3794 3501 3833 cum
3535 3779 3600 3830 ad

2041 3904 2252 3964 tempus
2305 3904 2493 3946 eorum
2542 3900 2773 3942 examen
2822 3878 3150 3940 diﬂ'erretur,
3216 3874 3428 3928 interim
3488 3887 3607 3923 sese

2039 3984 2367 4047 retinebant,
2401 3995 2499 4035 nec
2529 3978 2582 4032 in
2602 3975 2876 4047 publicum
2905 3986 3126 4028 suarum
3151 3962 3608 4034 blasphemiarum

2041 4086 2256 4148 partum
2297 4073 2547 4131 edebant,
2583 4083 2652 4122 ne
2682 4063 2966 4135 gentiliqu
3021 4058 3431 4129 superstitione,
3483 4067 3607 4119 quin

2046 4141 2250 4223 inultos
2287 4165 2421 4219 deos
2444 4160 2678 4221 colebat,
2732 4154 2919 4209 infecti
2957 4167 3022 4205 ac
3062 4148 3311 4214 iudicati,
3350 4141 3615 4213 lapidibus

2049 4278 2144 4316 ora
2168 4240 2604 4312 obstruerentur.
2632 4248 2772 4314 Quid
2804 4258 2969 4315 porto
2989 4243 3113 4296 inde
3139 4238 3490 4294 subsecutum
3511 4232 3615 4285 est?

1978 4323 2019 4377 θ
2051 4354 2186 4409 Cum
2246 4356 2455 4418 partem
2511 4343 2888 4396 adversantem
2920 4332 3195 4390 debellare
3237 4328 3340 4382 nisi
3367 4326 3618 4385 fuissent,

2046 4456 2097 4498 et
2130 4444 2283 4512 signa
2339 4435 2578 4493 victoria:
2634 4427 2925 4502 synodales
2962 4426 3169 4480 litteras
3216 4420 3620 4488 deportassem,

2049 4511 2234 4589 statim
2271 4530 2498 4585 victoria
2546 4524 2699 4589 elati,
2732 4521 2971 4591 primum
3004 4516 3223 4585 quidem
3258 4511 3443 4571 clam,“
3467 4515 3621 4575 post-

2051 4628 2272 4684 modum
2304 4620 2606 4693 propalam,
2634 4619 2991 4684 prazceptores
3016 4621 3111 4676 per
3150 4620 3211 4659 se
3242 4602 3409 4657 creati
3439 4600 3626 4652 civita-

2055 4723 2125 4776 tis
2164 4715 2545 4775 ostenduntur,
2599 4714 2655 4762 et
2690 4718 2861 4759 novos
2894 4713 3131 4762 errores,
3182 4695 3349 4748 veluti
3414 4690 3622 4745 Semina

2057 4827 2245 4885 prava,
2280 4809 2604 4862 miserorum
2639 4797 2921 4854 hominum
2947 4790 3144 4846 animis
3178 4788 3526 4842 insemiuant.
3563 4780 3628 4833 Et

2060 4883 2193 4969 haec,
2227 4909 2512 4973 postquam
2551 4896 2617 4949 ab
2649 4889 2886 4946 Ecclesia
2914 4886 3021 4940 illis
3078 4883 3409 4953 iniunctum,
3448 4888 3627 4942 neque

2059 5003 2113 5055 in
2138 5004 2411 5067 posterum
2444 4990 2694 5057 dogmata
2723 4982 2886 5045 ferre,
2924 4990 3100 5047 neque
3132 4976 3370 5035 dooere;
3408 4969 3490 5023 sin
3528 4966 3629 5018 mi-

2063 5106 2190 5152 nus,
2244 5068 2721 5140 exsecrationibus
2753 5088 2912 5141 atque
2969 5058 3630 5124 excommunicationibus

2066 5178 2233 5235 futuri
2260 5182 2441 5229 essent
2462 5168 2706 5225 obnoxii.
2737 5166 2871 5219 Tum
2896 5161 3063 5230 magis
3084 5175 3147 5213 ac
3164 5154 3333 5222 magis
3353 5150 3406 5203 in
3427 5143 3633 5200 malitia

2072 5270 2414 5342 proficientes
2440 5306 2454 5327 ,
2489 5278 2522 5317 ο
2553 5255 3020 5315 invcrecumliarn!
3088 5247 3292 5314 nuptiis
3345 5239 3633 5296 hominum

2078 5376 2275 5417 manus
2316 5355 2601 5424 injiciunt;
2636 5353 2862 5419 juvenes
2895 5343 3146 5397 mulieres
3185 5351 3215 5390 a
3262 5331 3394 5387 viris
3424 5337 3477 5383 et
3508 5324 3635 5381 filiis

2089 5451 2370 5520 intrepide,
2397 5444 2691 5516 peregrinis
2727 5439 2841 5495 suis
2864 5447 3023 5503 atque
3048 5427 3302 5484 absurdis
3340 5420 3636 5481 doctrinis,

2084 5550 2401 5615 separantcs
2424 5580 2438 5605 ,
2469 5533 2697 5591 facinori
2727 5528 2929 5584 addunt
2962 5533 3219 5577 tetzsuras
3252 5513 3567 5572 temerarias
3586 5520 3641 5565 ct
