3956 6194
1605 219 1703 276 DE
1743 222 2142 286 GREGORIO
2190 232 2487 295 PALAMA

3547 250 3639 317 888

420 306 875 425 i‘pronsideratas.
915 330 975 368 ex
1013 331 1188 383 pruno
1222 332 1410 380 nostro
1466 344 1661 396 genere
1698 332 1978 401 jnvenum.
2012 336 2055 393 Α
2088 341 2437 408 inlimrcrrnt,
2466 350 2723 406 audacter
2767 355 2994 425 mystica
3045 357 3309 415 sacriﬁcia
3352 361 3403 415 in
3430 364 3636 421 Ιηιριπίς

716 417 840 425 ..-η
875 405 888 425 .
1174 414 1184 424 .
1565 422 1574 425 -
1604 423 1610 425 λ

420 397 694 467 Pet-agunt
716 417 844 455 vero
875 405 1009 467 haec.
1045 426 1107 464 ac
1142 414 1186 465 si
1220 426 1465 482 pastores
1495 422 1614 474 urbi
1652 438 1974 493 praeessent,

419 488 717 560 liceretqu
745 496 896 564 ipsis,
940 502 1201 570 quidquid
1248 506 1458 564 libitum
1503 488 1683 580 fuerit,
1732 488 1980 573 commit;

423 591 554 637 tere.
616 584 1021 656 Verumtamen,
1065 599 1157 664 qui
1222 608 1350 655 tunc
1382 616 1606 671 praeerat
1648 611 1977 677 patriarcha,

419 676 652 742 primum
674 682 892 749 quidem
923 700 1017 739 eos
1042 689 1237 746 similia
1260 693 1396 748 clam
1424 695 1601 753 facere
1625 702 1975 772 perSpicieus,

415 777 603 834 postea
643 772 694 825 in
733 774 909 831 lucem
957 794 1231 847 exserere,
1265 788 1604 855 adhortatur,
1636 803 1688 847 et
1719 798 1977 864 consulit,

418 868 475 909 ut
508 875 626 914 sese
656 866 991 933 contineant,
1039 876 1272 928 absurda
1307 876 1421 932 hzec
1468 895 1590 935 esse
1620 883 1831 945 dicens.
1865 897 1919 941 et
1948 903 1978 941 a

418 952 683 1007 canonico
742 959 931 1014 ordine
966 962 1164 1027 aliena,
1226 977 1278 1020 et
1306 970 1649 1028 confusionis
1681 991 1742 1028 ac
1778 979 1979 1032 tumul-

421 1053 572 1098 tuum
633 1062 831 1104 causas
886 1053 1140 1109 Ecclesia:
1193 1064 1574 1127 communiter,
1636 1078 1687 1121 et
1728 1070 1979 1137 privatim

415 1137 695 1194 omnibus.
736 1140 869 1196 Cum
930 1160 1057 1201 vero
1100 1150 1259 1204 enixe
1291 1155 1598 1225 smp'usque
1629 1154 1684 1214 id
1730 1172 1980 1230 repetens

417 1228 567 1282 nullo
604 1233 762 1295 modo
792 1234 1039 1294 homines
1068 1240 1120 1293 in
1154 1253 1384 1297 mentem
1433 1248 1613 1303 redire
1654 1251 1977 1317 intueretur,

418 1337 593 1389 neque
624 1324 691 1378 ab
724 1326 854 1379 inita
881 1329 983 1382 sibi
1015 1331 1302 1388 inscientia
1341 1341 1635 1405 removeri,
1667 1357 1765 1396 nec
1795 1344 1859 1398 de
1894 1360 1978 1397 re-

420 1416 535 1467 ditu
575 1416 642 1470 ad
695 1420 914 1487 propria
969 1428 1322 1491 monasteria,
1385 1429 1474 1483 tibi
1503 1446 1714 1486 comam
1768 1435 1979 1490 detonsi

420 1519 742 1569 permanere
776 1509 1160 1576 promiserant,
1190 1515 1448 1582 cogitare,
1475 1526 1727 1585 tanquam
1751 1521 1982 1575 circula-

419 1607 583 1664 tores,
622 1607 677 1651 et
710 1599 1017 1668 seditiosos,
1054 1603 1420 1675 etdogmatun
1454 1624 1514 1662 ac
1542 1625 1769 1678 cpernm
1821 1628 1983 1667 nova-

414 1695 430 1735 t
456 1702 579 1747 .res,
615 1689 749 1742 urbe
780 1691 977 1757 pellere
1002 1705 1251 1752 conatur.
1283 1697 1385 1752 Sed
1422 1699 1473 1753 hi
1499 1703 1979 1771 persentiseentes,

412 1794 531 1846 qua?
549 1791 705 1836 erant
725 1786 1053 1851 perpessuri,
1074 1788 1139 1839 ad
1157 1804 1408 1857 magnum
1435 1794 1689 1859 templum
1712 1793 1800 1848 Dei
1827 1794 1985 1851 Verbi

410 1868 699 1936 Sapientia:
726 1873 1069 1944 confugiunt,
1093 1878 1181 1931 tibi
1207 1895 1393 1947 parum
1429 1882 1597 1937 abfuit
1640 1885 1986 1954 quinlzipidi-

411 1962 509 2016 bus
538 1964 937 2032 obruerentur;
969 1978 1022 2022 et
1052 1970 1231 2025 obruti
1257 1971 1506 2038 inissent,
1539 1975 1642 2030 nisi
1683 1992 1839 2030 sacer
1898 1977 1984 2030 ille

410 2059 563 2113 locus
611 2068 839 2116 conatus
895 2064 1290 2134 iuterrupisset.
1325 2067 1399 2120 lbi
1451 2069 1515 2123 ad
1560 2059 1976 2139 tempus.vchtti

407 2151 460 2204 in
488 2151 1325 2222 rustodia,permauserunt.sed
1366 2159 1486 2211 inde
1517 2171 1702 2229 postea
1726 2166 1979 2228 extraCti,

406 2244 499 2307 qui
537 2247 744 2314 primas.
770 2247 820 2300 in
853 2251 1144 2303 novatione
1173 2250 1483 2305 obtinebant
1524 2257 1731 2308 carceri
1766 2257 1979 2310 manci-

400 2348 605 2404 pantur
636 2354 650 2402 ;
684 2338 774 2393 alii
803 2339 906 2395 hac
936 2349 1098 2411 atque
1130 2342 1252 2396 illac
1295 2343 1654 2412 dissipantur.
1698 2345 1977 2415 Deinceps

408 2429 677 2499 professio
708 2430 854 2495 ﬁdei,
909 2443 1021 2486 tum
1055 2432 1123 2486 ab
1155 2435 1564 2503 ecclesiasticis,
1607 2449 1717 2490 tum
1761 2440 1827 2491 ab
1855 2438 1976 2493 aliis

406 2520 576 2584 quiin
606 2520 871 2589 dignitate
895 2532 1070 2586 erant,
1099 2525 1435 2591 exposcitur.
1474 2524 1539 2579 lli
1563 2536 1768 2581 tantum
1800 2544 1829 2582 a
1862 2529 1971 2598 pie.

402 2617 510 2660 tate
543 2609 833 2665 asserenda
869 2611 1202 2681 refugerunt,
1229 2624 1488 2682 quantum
1517 2616 1845 2685 impietatem
1872 2620 1962 2674 alii

400 2702 655 2757 oderunt.
691 2701 802 2758 lino
837 2719 1052 2758 rursum
1091 2716 1139 2758 ct
1177 2706 1375 2776 saepius
1426 2709 1478 2759 in
1511 2708 1611 2763 hoc
1641 2710 1776 2765 ident
1806 2725 1973 2765 com-

402 2794 567 2861 pulsi,
599 2810 720 2847 cum
754 2795 820 2848 de
883 2795 1026 2850 fastu
1080 2812 1185 2851 non
1223 2798 1586 2861 remitterent.
1624 2801 1687 2854 ad
1734 2801 1969 2856 tribunal

400 2896 689 2951 vocantur,
723 2896 781 2940 tit
811 2887 877 2941 de
908 2888 975 2941 iis
1005 2904 1237 2955 quorum
1272 2891 1676 2951 insimulautur.
1700 2893 1962 2948 ratiOuem

403 2977 657 3049 reddant.
701 2975 807 3031 Sed
843 2994 1016 3046 neque
1066 2979 1168 3033 hac
1215 2981 1426 3035 ratione
1476 2983 1755 3047 nbcdiunt,
1790 3000 1966 3053 neque

402 3084 719 3138 comparere
739 3070 956 3124 audent.
991 3071 1144 3136 Quod
1170 3073 1349 3141 itaque
1383 3074 1686 3126 faciendum
1716 3084 1967 3145 propter-

401 3177 461 3213 ea
492 3171 613 3215 erat
661 3160 902 3217 Ecclesia
948 3179 1070 3219 cum
1108 3163 1377 3232 spirituali
1431 3168 1754 3220 anctor'tate
1783 3166 1963 3229 edicit,

399 3262 453 3306 et
481 3256 713 3323 primum
752 3256 963 3320 statim,
996 3258 1087 3326 qui
1122 3257 1525 3328 hypopsrphius
1575 3270 1692 3314 erat
1729 3261 1964 3316 sanctis-

403 3348 555 3401 sima:
580 3348 943 3416 metropoleos
960 3349 1364 3410 Mourmbasize,
1387 3351 1677 3417 Isidorum,
1697 3361 1966 3407 conantur

399 3454 428 3489 a
459 3438 683 3492 Palama
723 3450 777 3493 et
814 3420 959 3495 illius
1010 3442 1260 3498 factionis
1304 3444 1650 3511 dogmatibus
1704 3443 1957 3497 avellere.

398 3528 644 3600 Namque
699 3515 981 3586 dicebatur
1032 3545 1084 3586 et
1121 3534 1238 3602 ipse
1281 3551 1422 3591 unus
1467 3550 1589 3590 esse
1643 3551 1706 3590 ex
1735 3536 1826 3592 iis
1864 3535 1956 3604 qui

396 3623 583 3677 eadem
624 3639 687 3678 ac
718 3623 808 3679 ille
856 3627 1139 3689 sentirent,
1173 3628 1296 3683 licet
1338 3627 1711 3698 imprudenter
1746 3629 1958 3683 antisti-

397 3727 507 3771 tum
536 3718 761 3775 c'ilculis
784 3719 1053 3775 obnoxius
1087 3720 1292 3789 fuerit;
1327 3735 1542 3787 verum,
1580 3722 1668 3777 ubi
1703 3721 1958 3777 eumdem

394 3809 704 3875 praedurum
738 3818 793 3863 et
824 3810 980 3881 plane
1015 3792 1353 3866 obstinatum
1385 3811 1742 3877 invenissent,
1768 3821 1958 3866 sancto

398 3898 615 3954 hcmate
666 3900 895 3968 pellunt,
926 3913 1294 3972 pra‘paratum
1327 3903 1438 3973 jam
1480 3903 1547 3958 ad
1575 3918 1791 3957 sacrum
1832 3917 1956 3956 cum

392 3991 700 4057 patriarcha
754 3991 1059 4047 faciendum
1103 4010 1118 4060 ;
1157 4003 1267 4047 tum
1325 3995 1376 4047 iti
1415 3994 1682 4064 judicium
1741 4002 1957 4056 vocant,

391 4084 482 4151 qtti
517 4084 697 4153 palam
727 4087 995 4151 enuntiat,
1024 4102 1300 4156 nunquam
1339 4101 1399 4142 se
1430 4101 1494 4140 ea
1530 4086 1951 4155 abnegaturum,

390 4178 483 4230 sed
517 4178 755 4249 animam
774 4179 952 4246 potius
986 4178 1313 4233 traditurum
1341 4194 1462 4233 cum
1496 4176 1764 4242 Ecclesia,
1789 4194 1955 4247 quam

394 4282 499 4319 non
525 4282 648 4322 cum
680 4266 896 4321 Palama
931 4268 1306 4337 opinaturum.
1341 4267 1400 4322 Si
1429 4268 1554 4338 quis
1594 4269 1701 4323 vitii
1738 4266 1958 4335 inferat.
1985 4282 2038 4341 ι)
2065 4294 2399 4356 discernere,

389 4361 670 4413 renuntiat
719 4358 1038 4428 prmsulatui
1097 4367 1150 4413 et
1204 4358 1481 4423 Ecclesize,
1532 4360 1691 4432 cujus
1743 4360 1955 4419 electus

388 4446 566 4503 fuerat
602 4446 914 4517 episcolins.
942 4448 1172 4517 Propter
1200 4449 1251 4502 id
1282 4450 1527 4520 synodali
1567 4454 1834 4508 sententia
1861 4455 1956 4510 de-

389 4538 632 4605 ponitur,
669 4547 723 4593 et
748 4537 889 4592 alius
929 4554 1039 4595 non
1081 4540 1308 4595 multum
1337 4552 1458 4611 post
1490 4552 1706 4615 tempus
1739 4544 1817 4598 illi
1849 4544 1953 4601 Ec‘

389 4633 569 4688 etesia:
603 4633 916 4704 praeﬁcitur.
947 4640 1152 4692 Auctor
1170 4652 1298 4692 vero
1317 4648 1368 4694 et
1406 4651 1778 4708 propugnator
1810 4640 1955 4695 blas-

386 4727 726 4795 phemiarum
779 4725 1049 4793 Palatinas,
1103 4730 1267 4784 simili
1315 4730 1511 4801 etipse
1559 4731 1771 4786 Calculo
1822 4747 1944 4786 cum

385 4818 642 4872 universa
697 4832 796 4873 sua
831 4817 1069 4875 factione
1125 4822 1521 4879 condemnatus
1559 4839 1774 4893 ;neque
1803 4824 1946 4879 enim

383 4913 452 4967 de
490 4912 836 4966 contentione
891 4912 1093 4981 aliquid
1130 4914 1461 4979 remittebat,
1515 4931 1688 4985 neque
1718 4917 1775 4971 in
1808 4932 1950 4986 quo-

382 5019 545 5073 quam
579 5017 607 5055 a
635 5004 918 5059 temeraria
954 5003 1042 5057 illa
1078 5003 1407 5074 loquacitate
1431 5008 1691 5072 cedebat;
1722 5011 1792 5065 ab
1827 5011 1937 5067 Ec-

381 5095 544 5150 clesia
568 5093 662 5148 Dei
701 5094 1087 5162 proscribitur,
1124 5105 1177 5148 et
1206 5098 1513 5152 sacerdotio
1569 5102 1856 5169 spoliatur,
1886 5114 1946 5160 ut

377 5187 513 5242 Acta
542 5188 608 5241 de
633 5186 736 5240 hac
767 5201 823 5239 re
860 5195 1008 5255 gesta
1059 5198 1511 5251 commenwraut,
1570 5207 1598 5244 a
1638 5192 1943 5260 patriarcha

379 5292 511 5333 tunc
572 5277 834 5346 temporis
892 5279 1086 5346 reg'nae
1141 5279 1355 5333 urbium
1412 5280 1718 5350 obsignata,
1780 5295 1834 5339 et
1877 5287 1944 5341 ab

374 5370 740 5432 Antiochcno,
808 5380 862 5423 et
908 5369 1164 5425 omnibus
1225 5373 1560 5430 antistitibus
1630 5386 1742 5430 tum
1799 5396 1941 5435 nunc

376 5457 463 5512 hic
528 5457 907 5527 praesentibus.
961 5466 1075 5513 ttun
1129 5461 1179 5513 in
1246 5463 1494 5530 proprias
1532 5466 1689 5521 sedes
1722 5484 1936 5540 regres-

375 5549 470 5602 sis.
527 5548 592 5601 Et
644 5550 724 5604 sic
781 5551 920 5605 facta
985 5560 1071 5606 est
1140 5568 1329 5607 eorum
1392 5556 1620 5622 privatio
1682 5570 1732 5614 ct
1776 5564 1940 5631 depo—

375 5642 522 5705 sitio,
555 5641 679 5696 licet
729 5644 833 5710 ipsi
870 5645 1022 5701 nihili
1055 5645 1316 5703 facientes
1348 5663 1583 5717 pinnam,
1617 5659 1921 5713 sacerdotio

2082 437 2390 494 elici-entes.
2418 441 2522 495 Sed
2547 459 2669 498 cmn
2691 444 2804 511 jam
2831 455 3016 515 pacata
3049 459 3196 504 esset
3223 450 3475 510 Ecclesia.
3495 467 3542 508 et
3561 473 3638 513 res

2084 531 2460 600 tranquillam,
2500 534 2750 591 immanis
2764 540 2981 607 quidam
3003 543 3161 595 turbo
3179 545 3429 603 exoritur.
3453 561 3479 599 a
3499 547 3639 600 Sota-

2084 635 2165 673 nm
2187 623 2361 675 ventis
2390 624 2680 691 excitatus,
2708 630 2800 694 qui
2826 633 3019 683 evertit
3048 633 3253 695 omnia,
3304 633 3636 705 immutatqne

2086 712 2149 763 in'
2175 713 2461 768 immanem
2514 720 2832 786 procellam,
2858 730 2910 775 et
2960 738 3056 777 eos
3074 723 3163 791 qui
3193 725 3327 778 adeo
3353 725 3632 794 blz'Spltettii

2085 804 2330 867 fuerunt,
2363 807 2498 861 adeo
2523 809 2763 866 veritatis
2791 812 2994 879 hostes,
3026 815 3090 868 ad
3113 818 3282 884 prima
3304 818 3636 886 gulwrnnrnla

2084 896 2273 949 sedere
2297 896 2443 962 facit,
2470 915 2856 973 sacrorumque
2874 905 3370 972 administratores,
3398 909 3635 963 nefando-

2082 1000 2200 1039 rum
2223 1003 2445 1057 operum
2472 993 2693 1060 opifices
2712 1036 2724 1053 .
2752 1004 2805 1048 et
2832 998 3077 1059 rebelles.
3113 999 3428 1067 dogmatum
3453 1018 3633 1072 propu-

2084 1088 2338 1146 gnatores
2361 1122 2376 1147 ,
2408 1098 2470 1137 ac
2507 1084 2849 1141 adversarios
2909 1090 3108 1160 legum,
3135 1091 3435 1149 animarum
3469 1096 3636 1149 mode-

2084 1181 2314 1226 ratores.
2347 1172 2522 1227 Causa
2545 1191 2605 1229 ea
2639 1177 2768 1231 fuit:
2796 1181 2886 1249 qui
2915 1197 3057 1236 nunc
3090 1182 3319 1251 imperio
3341 1183 3633 1241 Graecorum

2085 1263 2569 1330 potitur,Joanncs
2618 1266 3056 1334 Cantacuzenus,
3109 1289 3224 1343 jam
3266 1276 3490 1329 maxima
3554 1294 3635 1332 ur-

2084 1351 2233 1405 bium
2286 1366 2577 1424 occupata,
2629 1368 2681 1412 et
2756 1360 2985 1429 imperio
3040 1362 3350 1418 absolutius
3407 1376 3631 1437 arrepto,

2084 1458 2207 1497 cum
2244 1447 2546 1514 patriarcha
2583 1449 2635 1505 iu
2670 1466 2923 1521 magnum
2944 1453 3289 1510 sacerdotum
3314 1457 3501 1513 solium
3526 1477 3637 1529 pro-

2087 1539 2387 1594 movendus
2412 1550 2579 1604 rSScl,‘
2608 1544 2775 1609 quod,
2811 1545 2902 1613 qui
2930 1554 3040 1599 tum
3059 1560 3199 1613 erat,
3228 1565 3259 1604 e
3292 1552 3463 1607 medio
3490 1571 3629 1610 exeso

2016 1662 2058 1717 Β
2086 1638 2252 1695 serat,
2284 1646 2426 1686 nova
2464 1649 2550 1689 res
2584 1637 2837 1702 nudetur,
2860 1648 3056 1707 prteter
3101 1644 3414 1698 sanctiones
3468 1653 3627 1702 eccle-

2091 1720 2357 1787 siasticas,
2390 1733 2441 1777 et
2476 1724 2622 1795 leges
2670 1726 2830 1789 alias,
2867 1743 3003 1796 quas
3065 1731 3238 1785 divini
3290 1734 3523 1801 Apostoli
3577 1747 3625 1791 et

2089 1810 2454 1867 Ecclesiarum
2487 1825 2758 1884 pastores,
2786 1821 2943 1889 quasi
2964 1822 3191 1878 stabiles
3235 1827 3488 1894 quosdam
3535 1838 3630 1882 ter-

2085 1901 2266 1959 minos
2289 1906 2633 1974 prrelixerunt
2657 1926 2671 1971 ;
2704 1926 2964 1981 namque,
2987 1915 3053 1966 ad
3079 1916 3390 1986 eligendum
3418 1922 3627 1987 patriar-

2085 1995 2239 2047 eham
2274 2000 2468 2060 vocati,
2497 2015 2525 2052 a
2564 2003 2812 2057 smeulari
2876 2004 3133 2062 facultate
3191 2010 3618 2081 impediebantur.

2085 2101 2150 2136 ne
2176 2102 2298 2142 emn
2353 2105 2800 2158 promoveremus
2861 2112 3023 2166 quem
3077 2099 3265 2156 divina
3315 2104 3479 2172 gratia
3530 2121 3621 2159 una

2081 2194 2202 2232 cum
2236 2195 2503 2238 consensu
2536 2182 2780 2240 fraterno
2821 2186 3095 2256 elegisset.
3122 2192 3218 2246 sed
3267 2209 3423 2262 quem
3481 2197 3621 2250 nobis

2081 2272 2518 2339 proposuissent.
2540 2273 2651 2331 Nos
2673 2292 2866 2333 omnes
2887 2279 3034 2336 hisce
3056 2285 3403 2351 opponimur,
3427 2297 3478 2339 et
3502 2303 3623 2354 prato

2079 2374 2160 2417 ter
2188 2380 2445 2429 canones,
2476 2378 2528 2421 et
2562 2370 2976 2427 inconsideratae
3006 2375 3267 2443 jussioni,
3323 2381 3502 2447 paucis
3546 2395 3624 2434 as-

2078 2459 2447 2514 sentatoribus
2477 2463 2738 2530 exceptis,
2776 2473 2830 2518 et
2880 2482 3027 2521 more
3057 2471 3452 2538 mancipiorum
3506 2487 3617 2539 pcr-

2079 2550 2287 2611 trartis,
2324 2552 2700 2608 adversamur.
2729 2556 2841 2619 llle,
2899 2566 3155 2629 tanquam
3189 2562 3448 2632 dogmati,
3505 2578 3619 2617 scn-

2076 2640 2256 2693 tcntiae
2287 2657 2399 2697 sum
2427 2645 2649 2710 insistit,
2680 2662 2824 2700 nunc
2849 2648 3016 2711 hunc.
3053 2654 3369 2706 nuncillum
3391 2654 3441 2705 in
3474 2653 3619 2721 patri-

2074 2729 2348 2784 archicam
2374 2731 2692 2802 dignitatem
2731 2735 3038 2794 immediate
3067 2750 3121 2794 et
3150 2740 3399 2795 insubide
3422 2757 3617 2810 pronio-

2071 2833 2223 2875 vens.
2256 2820 2319 2875 Et
2350 2823 2478 2892 quid
2499 2836 2734 2894 Opusest
2756 2829 2908 2894 plura
2940 2829 3005 2883 de
3035 2831 3268 2886 dissidio
3298 2835 3387 2887 illo
3409 2835 3609 2887 dicere?

1992 2937 2034 2993 ο
2068 2910 2307 2966 Tandem
2341 2916 2405 2968 ad
2449 2915 2722 2972 Palamann
2770 2930 2930 2990 atque
2970 2922 3271 3002 Isidorum,
3299 2926 3612 2995 proscriptos

2076 3014 2240 3071 atque
2269 3006 2491 3075 ejectos,
2520 3011 2935 3078 patriarcbieam
2954 3012 3126 3068 defert
3187 3018 3520 3082 dignitatem.
3558 3017 3609 3068 Et

2075 3104 2287 3165 tempus
2350 3099 2402 3153 in
2454 3102 3041 3169 hisconsumebatur,
3095 3123 3163 3162 eo
3226 3110 3441 3178 quidem
3504 3124 3610 3164 cum

2073 3190 2397 3245 auctoritate
2455 3208 2568 3247 rem
2626 3204 3021 3264 pertractante,
3075 3201 3239 3256 nobis
3285 3212 3464 3255 contra
3524 3215 3611 3269 pro

2073 3281 2281 3337 viribus
2326 3286 2725 3364 resistentibus,
2779 3292 3319 3364 oppenentibusque,
3373 3293 3604 3362 injuriam

2073 3372 2186 3426 ﬁeri
2216 3360 2592 3432 sanctionibus
2612 3379 2998 3436 ecclesiasticis
3020 3391 3075 3437 et
3105 3384 3287 3451 legum
3311 3385 3606 3440 sinceritad.

2074 3462 2217 3518 Vicit
2247 3466 2465 3521 tandem
2489 3468 2742 3524 voluntas
2762 3473 2948 3528 carnis
2977 3482 3032 3527 et
3059 3477 3370 3545 sanguinis.
3401 3486 3470 3538 et,
3493 3489 3605 3544 qna-

2075 3557 2144 3611 lia
2169 3557 2341 3612 solent
2393 3574 2516 3615 esse
2541 3558 2755 3628 ljudicia
2811 3564 2927 3629 Dei,
2972 3564 3224 3634 pluribus
3279 3569 3523 3623 abscissis
3563 3576 3609 3621 et

2071 3653 2337 3719 separatis
2367 3654 2713 3721 prtesuiibus.
2744 3655 3049 3722 patriarcha
3083 3659 3159 3723 lit,
3194 3675 3227 3715 o
3264 3660 3354 3714 Dei
3379 3662 3519 3730 leges
3563 3668 3609 3712 et

2069 3742 2391 3798 tribunalia!
2443 3742 2705 3815 Isidorus,
2759 3746 3017 3802 omnibus
3070 3753 3505 3818 patriarcharum
3560 3758 3607 3803 et

2067 3836 2370 3891 antistitum
2408 3836 2632 3892 calculis
2663 3838 2944 3909 depositus
2975 3859 2990 3907 ;
3027 3850 3080 3895 et
3109 3846 3269 3898 sedet
3328 3847 3381 3900 in
3432 3856 3606 3911 magno

2068 3927 2286 3991 throno,
2321 3926 2414 3997 qui
2436 3942 2535 3982 nec
2558 3928 2740 3996 pusilli
2776 3930 3061 4001 cujusdam
3094 3932 3296 4004 dignus
3351 3935 3606 4005 judicatus

2064 4028 2150 4073 est
2182 4020 2366 4082 homo,
2387 4018 2846 4087 quemadmodum
2878 4023 2967 4089 qui
3003 4022 3142 4077 bene
3191 4040 3315 4079 eum
3341 4034 3392 4079 et
3422 4025 3538 4079 olim
3562 4037 3608 4076 et

2065 4124 2212 4164 nunc
2230 4120 2454 4174 norunt,
2486 4127 2597 4181 pra:
2619 4112 2741 4168 aliis
2770 4114 3012 4179 stultior,
3044 4131 3247 4181 vanus,
3281 4128 3454 4172 mente
3475 4115 3604 4169 nulla

2064 4217 2191 4257 cum
2218 4203 2339 4256 aliis
2369 4216 2731 4258 consuescere
2762 4204 3008 4271 nescius,
3033 4221 3139 4260 non
3165 4208 3362 4262 melius
3384 4224 3412 4262 a
3451 4204 3605 4273 pejori

2437 4293 2750 4349 utaliorum
2798 4296 3081 4366 praalectos
3104 4301 3366 4354 addecet:
3412 4303 3480 4351 ita
3527 4310 3603 4349 res

2064 4392 2433 4453 pertractans,
2452 4382 2618 4439 veluti
2640 4393 2695 4439 et
2717 4382 2956 4441 l‘ornicas
2995 4401 3090 4454 per
3118 4396 3317 4442 terram
3348 4394 3601 4457 repentes.

2059 4474 2304 4530 ludicros
2332 4473 2493 4543 plane
2523 4475 2820 4541 universis,
2849 4476 2942 4545 qui
3001 4476 3069 4531 de
3109 4492 3175 4532 eo
3248 4480 3406 4534 ludos
3441 4478 3600 4532 lacere

2060 4568 2286 4636 cupiunt
2310 4582 2324 4631 ;
2351 4579 2407 4621 et
2429 4566 2574 4636 quod
2598 4566 2752 4636 pejus
2773 4576 2878 4633 est,
2897 4583 3072 4638 neque
3096 4571 3418 4625 obedientiae
3436 4570 3596 4638 legum

2059 4674 2282 4730 gnarus,
2310 4674 2486 4727 neque
2510 4659 2563 4713 in
2594 4660 2848 4716 ctenobio
2867 4662 3161 4733 enutritus,
3193 4665 3289 4718 sed
3318 4665 3369 4717 in
3395 4661 3599 4716 urbibus

2057 4758 2111 4804 et
2140 4752 2304 4804 rebus
2360 4750 2593 4821 publicis
2650 4753 2996 4817 commistus,
3056 4764 3110 4808 et
3164 4754 3499 4826 paedagogus,
3551 4761 3600 4806 et

2055 4857 2347 4910 puerorum
2374 4843 2706 4911 ptedotriba;
2738 4844 2935 4911 bincjet
2982 4860 3271 4915 separasse
3326 4849 3492 4909 aiunt,
3545 4854 3595 4898 ut

2055 4934 2312 4996 diximus,
2365 4933 2737 4989 mulierculam
2802 4952 2833 4990 a
2876 4948 3128 4995 consorte
3183 4949 3239 4993 et
3287 4939 3410 4992 [iliis
3462 4934 3592 5007 apud

2053 5024 2524 5087 Thessalonicam,
2552 5027 3016 5096 quemadmodum
3047 5039 3103 5087 et
3122 5032 3263 5099 apud
3291 5030 3586 5101 Byzantium

2050 5115 2239 5181 aliam,
2274 5115 2451 5185 qualis
2476 5113 2654 5170 fuerat
2678 5116 2905 5186 Cydonii
2939 5117 3067 5180 tilia,
3100 5120 3279 5188 qualis
3313 5118 3582 5187 szram;

2048 5215 2283 5277 quantas
2316 5222 2444 5261 vero
2467 5207 2686 5263 easdem
2713 5208 2908 5262 doceat
2949 5208 3002 5262 in
3051 5210 3281 5265 occultis
3318 5205 3588 5277 colloquiis

2049 5299 2311 5354 nefandas
2335 5308 2390 5353 et
2426 5300 2693 5356 absurdas
2757 5299 3061 5367 doctrinas,
3129 5303 3481 5372 relinquimus
3526 5297 3586 5349 iis

2047 5391 2136 5459 qui
2168 5390 2527 5458 spiritualiter
2547 5406 2613 5447 ea
2671 5394 3077 5458 examinat-unt,
3108 5409 3174 5449 ne
3201 5407 3379 5446 aerem
3422 5390 3581 5456 ipsum

2045 5481 2397 5548 blasphemiis
2446 5484 2786 5553 impleamus.
2835 5486 2973 5550 Quid
3026 5486 3166 5539 enim
3224 5484 3354 5538 recti
3402 5476 3582 5535 ἀδεεῖς

2045 5574 2258 5641 poterit,
2294 5575 2385 5642 qui
2419 5577 2633 5644 penitus
2651 5577 2850 5645 jcjnnii
2879 5579 2997 5634 dies
3051 5594 3154 5633 non
3207 5571 3491 5633 discernit,
3529 5576 3577 5618 εἰ

2032 5678 2063 5717 a
2092 5664 2225 5719 cibis
2255 5681 2316 5719 ac
2348 5666 2561 5723 Dotibus
2587 5667 2968 5733 ahstincntias,
3016 5684 3136 5724 eum
3161 5682 3296 5733 opus
3327 5662 3499 5718 fuerit.
3526 5666 3573 5711 cl
