3884 6204
247 304 351 364 839

1393 310 1436 368 G
1454 309 1845 371 [ἶίΕΩΟΗυΜ
1889 310 2369 373 ΞΕΝΤΕΝΤΙιΕ.

3388 313 3497 378 R90

244 429 427 468 (ιιι-ιθε
455 412 571 467 dies
601 400 968 472 indiderentes
997 429 1245 486 usurpat,
1287 430 1343 474 ut
1380 420 1563 476 facere
1597 431 1804 483 amant,
1832 427 1885 486 Α
1910 425 2212 494 praepediti,
2244 427 2313 480 ab
2379 440 2567 479 eorum
2603 422 2989 478 communione
3016 422 3390 492 abstinemus;
3446 428 3502 482 id

243 507 333 571 qui
368 505 655 559 barbaram
690 509 851 560 vitam
878 508 1112 564 ducunt.
1143 510 1260 566 Non
1301 528 1592 581 possumus
1639 514 1810 569 verbo

241 593 563 657 exprimere,
631 611 970 665 quaecunque
1005 598 1098 653 alii
1148 601 1201 653 in
1249 602 1487 657 medium
1551 604 1806 670 afferunt,

240 685 332 748 qui
367 699 453 737 res
482 684 627 739 illius
656 687 968 743 traducunt.
996 689 1104 744 Sed
1160 706 1326 761 super
1380 694 1484 748 hoc
1535 696 1810 763 putridum

242 774 678 836 tnvnlamentum.
716 778 918 832 malum
960 781 1104 834 aliud
1150 783 1540 847 exazdiﬁcatur,
1603 795 1657 839 et
1706 786 1812 839 itii-

241 867 425 929 qnitas
456 867 673 919 additur
695 869 987 937 iniquitati,
1019 874 1320 927 secundum
1343 876 1585 930 divinum
1621 877 1814 932 David.

240 957 839 1026 Auctorimprobitatis
863 961 1271 1028 perditiSsimus
1320 964 1572 1021 Palamas
1608 983 1623 1029 ;
1660 967 1815 1020 Pala-

243 1061 386 1108 nias,
417 1048 574 1107 cuius
608 1048 688 1099 vel
719 1049 829 1101 sola
886 1052 1263 1108 recordatione
1287 1056 1505 1110 animus
1538 1056 1702 1110 simul
1762 1066 1818 1111 et.

241 1152 399 1188 unus
448 1138 712 1203 cxp’aoda
766 1147 870 1193 est.
929 1139 1022 1207 llic
1084 1143 1458 1212 nequissimus
1512 1147 1818 1215 hominum,

242 1226 544 1280 'l‘hrssalia:
578 1230 901 1300 metropolis
931 1235 1160 1288 antistes
1217 1246 1453 1303 creatur,
1509 1241 1600 1306 qui
1665 1240 1821 1306 prius

240 1322 273 1371 ι]
317 1324 525 1395 positus
553 1322 971 1392 foeratpropter
1007 1342 1090 1387 ea.
1135 1343 1372 1394 quorum
1411 1344 1576 1383 causa
1648 1330 1819 1399 depo-

242 1416 386 1468 situs
416 1425 496 1469 est
530 1432 634 1468 non
682 1418 909 1471 multum
947 1430 1092 1483 ante,
1152 1422 1424 1493 sacrilegii
1485 1423 1714 1477 crimine
1763 1424 1818 1477 in

244 1506 537 1573 l‘:rihlepti
604 1510 939 1564 nionasterio
973 1512 1298 1576 obstrictus,
1370 1529 1490 1568 cum
1524 1514 1823 1582 -imagines

241 1611 527 1665 grassator
562 1599 941 1669 exspoliasset,
997 1610 1051 1656 ct
1082 1618 1237 1657 sacra
1268 1619 1424 1669 vasa,
1451 1620 1572 1674 qua:
1634 1606 1816 1659 oleum

243 1693 610 1759 recipiebant,
656 1692 1025 1758 contrivisset,
1060 1695 1222 1750 veluti
1279 1694 1469 1760 Judas,
1534 1707 1820 1767 argentum

239 1782 348 1832 siti
385 1797 416 1836 c
441 1797 709 1850 unparans
739 1801 753 1836 :
792 1799 918 1836 eum
969 1800 1143 1852 neque
1170 1785 1359 1840 hister
1390 1788 1554 1841 miser
1618 1789 1824 1841 reveri-
1855 1768 1894 1820 Β

242 1884 335 1925 ινις
361 1871 557 1926 fuisset
596 1874 853 1929 salutaris
884 1872 1163 1931 Passionis
1207 1877 1346 1941 dies,
1378 1879 1626 1933 maxima:
1677 1880 1820 1948 ieju-

242 1968 467 2017 nimum
499 1966 873 2034 hebdomadis,
911 1969 1146 2025 lavacris
1177 1979 1234 2025 et
1279 1972 1554 2026 alimentis
1584 1983 1637 2026 et
1680 1974 1822 2041 poti-

243 2060 350 2110 lms
383 2072 587 2125 corpus
612 2056 818 2122 fovere,
845 2059 911 2112 ad
941 2060 1371 2115 destructionem
1403 2052 1824 2131 regulae,'oﬂ'eno

241 2148 457 2200 sionem
514 2156 568 2200 et
635 2150 953 2203 scandalum
993 2152 1343 2207 conscientia:
1405 2156 1822 2220 monachorum,

237 2253 294 2293 ιιι
320 2240 667 2294 audientium
701 2257 919 2311 quoque
938 2244 1190 2311 fortasse,
1217 2261 1314 2299 nec
1339 2262 1445 2300 non
1472 2247 1821 2315 prmsentium

238 2349 304 2382 ar
340 2333 676 2387 intuentium
706 2334 759 2388 in
797 2334 1247 2391 Resurrectionis
1274 2337 1479 2391 Christi
1506 2336 1594 2390 Dei
1640 2338 1824 2392 divino

239 2424 636 2485 monasterio;
677 2423 749 2477 ibi
773 2427 917 2479 enim
964 2426 1329 2481 suil‘ocatoriis
1386 2428 1596 2497 potius,
1658 2443 1822 2497 quam

235 2516 655 2582 c-spurgatoriis
690 2517 927 2573 lavacris
995 2533 1126 2573 usus
1158 2529 1261 2573 est.
1292 2517 1355 2571 lli
1424 2521 1606 2587 itaque
1660 2520 1824 2573 veluti

237 2607 549 2673 impietatis
582 2606 929 2662 fundamenta
998 2608 1201 2664 Chri.~ti
1246 2608 1505 2665 Ecclesia:
1563 2610 1823 2665 submissi

227 2708 339 2751 ait
375 2699 643 2767 ἰιιψτοιιευ
675 2699 929 2755 factionis
983 2701 1186 2756 Christi
1230 2700 1485 2757 Ecclesia).
1547 2703 1823 2773 praepositi

237 2794 418 2845 t'nees
450 2792 845 2857 improhissimi
881 2794 1236 2850 introducunt
1262 2790 1375 2849 'eos
1405 2797 1496 2865 qui
1529 2796 1658 2851 olim
1729 2812 1826 2851 ca-

238 2883 370 2935 (ιι-ιιι
394 2898 460 2937 ac
484 2886 582 2952 ipsi
605 2885 932 2949 sentiebant,
959 2896 1051 2941 aut
1078 2902 1225 2941 nunc
1254 2889 1459 2944 sentire
1479 2889 1823 2958 profitentur,

240 2978 300 3029 in
337 2992 532 3031 sacras
561 2977 816 3034 Ecclesiae
868 2982 1053 3045 sedes;
1117 2981 1387 3043 homines,
1454 2998 1594 3053 quos
1650 2997 1826 3052 neque

248 3071 397 3120 unde
418 3070 684 3138 originem
713 3070 949 3133 trabant,
974 3088 1149 3140 neque
1175 3073 1317 3137 quod
1344 3074 1467 3128 vita:
1516 3074 1821 3129 institutum

250 3161 886 3229 Sententur,~complures
916 3171 1132 3215 nolunt.
1170 3162 1235 3214 Et
1264 3163 1519 3232 impletur
1575 3172 1826 3233 prepter-

256 3269 320 3301 ea
381 3250 469 3304 Dei
500 3248 741 3307 Ecclesia
766 3254 1031 3308 dedecore
1079 3264 1134 3308 et
1196 3255 1439 3319 infamia,
1510 3256 1669 3323 cujus
1729 3271 1826 3310 nec

263 3344 478 3395 niodum
505 3358 605 3397 nec
631 3344 948 3413 qualitatem
981 3345 1165 3401 dicere
1206 3347 1479 3401 novimus.
1546 3346 1607 3400 Et
1640 3346 1707 3401 de
1742 3347 1825 3402 his

265 3434 476 3497 quidem
513 3436 702 3507 res_ita
742 3451 800 3490 se
824 3437 1004 3494 habet.
1042 3437 1149 3493 Nos
1185 3454 1313 3493 vero
1345 3438 1513 3493 semel
1540 3439 1608 3492 ab
1634 3453 1823 3493 eorum

266 3527 590 3578 commercio
624 3526 883 3594 separati,
948 3527 1126 3596 quiete
1169 3529 1400 3598 egimus,
1460 3538 1513 3582 et
1560 3529 1664 3583 nisi
1730 3543 1826 3582 nos

270 3615 584 3683 impotentes
632 3620 684 3671 in
742 3632 930 3672 eorum
994 3619 1252 3674 unionem
1283 3621 1631 3685 attraxerint,
1682 3621 1824 3674 haud

269 3707 601 3760 tolerandum
674 3723 796 3764 esse
849 3709 1078 3764 ducunt.
1155 3713 1360 3779 Quare,
1421 3728 1568 3767 nunc
1620 3712 1826 3782 legatos

272 3799 508 3864 mittunt,
536 3812 590 3853 et
617 3802 853 3855 maxima
901 3804 1209 3872 spondent;
1242 3820 1407 3869 nunc,
1472 3813 1681 3859 mutato
1744 3806 1827 3858 in-

271 3891 477 3957 stituto,
535 3907 658 3960 quae
700 3904 1112 3961 persccutorum
1168 3905 1295 3948 sunt
1318 3910 1382 3948 ac
1444 3905 1828 3963 tyrannorum,

272 3983 519 4050 efﬁciunt,
551 3996 605 4038 et
635 3985 949 4040 carceribus
978 3987 1111 4041 tutis
1164 3986 1473 4053 includunt,
1543 3998 1603 4042 ut
1656 4002 1830 4057 neque

270 4076 432 4129 videri
460 4092 635 4143 neque
663 4077 875 4132 visitari
903 4077 972 4133 ab
1004 4079 1114 4133 ullo
1170 4080 1449 4148 possimus
1483 4098 1496 4135 :
1566 4081 1831 4149 quemad-

274 4172 481 4223 modum
514 4172 758 4227 latrones
813 4188 910 4228 eos
943 4182 1197 4238 tractant,
1246 4173 1337 4243 qui
1363 4172 1431 4227 ad
1464 4188 1652 4228 eorum
1709 4189 1829 4228 ma-

276 4274 372 4311 nus
392 4264 753 4332 pervenerint,
779 4274 833 4319 et
857 4265 1191 4333 deprimunt,
1222 4274 1491 4334 quantum
1550 4272 1782 4333 possunt
1810 4254 1842 4319 ς’

276 4362 408 4402 nunc
437 4351 713 4406 minantur
750 4364 1037 4425 augmenta
1084 4354 1539 4419 inhumanitatis;
1599 4364 1712 4408 tum
1775 4364 1830 4407 et

279 4434 473 4494 litteras
501 4441 768 4505 adversus
809 4459 909 4497 nos
940 4442 1210 4498 malitiose
1231 4451 1592 4512 componunt,
1619 4442 1826 4496 crimen

272 4531 416 4585 nobis
429 4540 784 4602 opponentes,
803 4534 945 4601 quod
964 4549 1086 4588 cum
1115 4533 1221 4589 illis
1241 4549 1346 4587 non
1364 4532 1829 4588 communicamns

273 4636 364 4673 nec
388 4625 533 4679 aliud
558 4634 844 4694 prieterca.
878 4625 1144 4681 Praeterea
1179 4627 1429 4682 adimunt
1456 4628 1613 4682 nobis
1658 4626 1832 4682 eccle-

272 4714 467 4776 sias,et
503 4719 569 4771 ad
636 4720 798 4772 vitam
848 4719 1224 4774 sustinendam
1277 4719 1505 4786 reditus,
1564 4728 1625 4774 ut
1681 4732 1831 4774 mors

274 4809 497 4864 violenta
530 4812 788 4880 abripiat.
816 4812 930 4867 Nos
957 4826 1140 4882 porro,
1199 4827 1297 4880 per
1321 4811 1542 4880 aliquod
1590 4822 1829 4879 tempus"

271 4915 451 4956 eorum
482 4903 751 4957 insaniam
778 4905 1129 4968 sustinentes,
1165 4918 1290 4958 cum
1350 4904 1524 4957 nihilo
1585 4903 1832 4956 modera-

273 4995 428 5051 tiores
459 4997 631 5052 factos
663 4997 963 5062 videamus,
994 4997 1248 5055 facimus.
1268 4997 1436 5066 quod,
1463 5011 1587 5050 eum
1617 4997 1688 5049 illi
1714 5011 1833 5048 ma-

274 5089 317 5142 le
338 5108 495 5159 agere
523 5106 827 5163 coeperant,
862 5109 959 5146 nos
1010 5090 1191 5147 facere
1222 5091 1576 5156 debebamus,
1604 5099 1656 5143 et
1679 5105 1831 5144 com-

275 5198 483 5238 munem
517 5185 585 5239 ad
610 5187 757 5256 ipsos
781 5185 1069 5251 dirigimus
1125 5182 1577 5247 admonitionem,
1633 5183 1828 5252 partim

273 5287 540 5343 rogantes,
562 5278 759 5345 partim
789 5278 1059 5347 synodum
1111 5274 1229 5346 cegi
1256 5275 1630 5340 consiliantes,
1664 5283 1719 5329 et
1782 5276 1828 5329 si

275 5381 375 5420 ttult
409 5369 676 5431 omnium,
706 5369 897 5423 saltem
935 5383 1124 5422 eorum
1171 5368 1261 5437 qui
1309 5366 1557 5425 aderant.
1625 5381 1831 5437 pracsu-

270 5452 401 5517 lum,
432 5467 490 5510 ut
525 5459 666 5511 male
719 5458 1015 5514 constituta
1069 5458 1320 5527 factaque
1362 5457 1825 5522 examinarentor,

216 5566 243 5593 ο
270 5549 663 5618 sirquedivinm
685 5549 937 5605 Ecclesia:
958 5559 1138 5619 partes
1167 5550 1219 5603 in
1250 5565 1416 5615 unum
1437 5549 1831 5605 coalescerent.

266 5638 591 5695 Addidimns
624 5642 1015 5701 adhortationi,
1051 5640 1217 5705 de_iis
1252 5656 1373 5708 quae
1432 5639 1533 5708 ipsi
1582 5651 1825 5706 agerent,

274 5737 563 5790 iraa-tantes
591 5750 778 5790 sacros
795 5735 1115 5805 divinosque
1144 5749 1380 5788 canones
1402 5773 1416 5799 ,
1471 5732 1670 5802 quibus
1727 5751 1825 5791 nos

1916 532 2138 586 quoque
2166 526 2554 585 protestantes,
2598 516 2700 570 nisi
2738 515 3017 581 exquisito
3064 513 3269 583 judicio
3320 531 3491 585 perop

1914 618 2263 680 portunoque
2295 611 2535 664 remedio
2567 610 2730 664 rebus
2754 608 3035 677 provisum
3079 608 3295 671 fuisset,
3362 626 3503 661 nttn-

1915 717 2080 771 quam
2109 718 2210 757 nos
2252 718 2374 756 cum
2434 702 2542 755 illis
2594 701 3117 763 communiCaturos,
3178 702 3292 760 sed,
3344 702 3504 770 juxta

1915 793 2259 863 praescriptos
2337 807 2576 847 canones
2627 790 2994 859 apostolorum
3058 797 3113 842 et
3181 803 3496 844 sanctarum

1918 895 2092 953 atque
2124 884 2603 938 terninenicarum
2642 881 3002 952 synodorum,
3047 881 3220 949 pteuis
3275 884 3498 934 eosdem

1917 976 2284 1044 subjecturos,
2304 976 2545 1043 deponen
2556 984 2634 1027 tos
2652 982 2705 1026 et
2722 972 3282 1033 exconnnunicantes,
3303 987 3502 1039 quem-

1918 1068 2208 1122 admodum
2253 1067 2330 1120 illi
2379 1065 2697 1119 decernunt.
2729 1064 2792 1117 Et.
2849 1078 2948 1118 nos
3006 1064 3105 1117 ista
3167 1063 3501 1130 pertentavi-

1919 1174 2064 1213 mus.
2091 1158 2170 1212 llti
2201 1172 2353 1221 vero,
2383 1171 2507 1212 cum
2541 1156 2705 1210 semel
2738 1171 2768 1209 a
2801 1166 2950 1208 recta
3001 1155 3085 1208 via
3119 1156 3495 1217 altcrrasscnt,

1921 1249 1969 1301 vi
1996 1248 2096 1321 soli
2125 1256 2176 1301 et
2212 1245 2462 1315 potestati
2490 1244 2747 1298 exteriori
2804 1244 3157 1307 confidentes,
3201 1244 3348 1314 leges
3411 1260 3504 1298 re-

1920 1346 2128 1407 spuunt
2161 1348 2214 1392 et
2240 1338 2511 1403 justitiam
2551 1336 2664 1401 Dei,
2698 1347 2751 1389 et
2783 1346 2989 1389 armata
3025 1351 3184 1389 manu
3242 1335 3505 1405 adversus

1921 1444 2021 1483 nos
2085 1429 2317 1498 singulis
2378 1428 2573 1482 diebus
2623 1430 2960 1494 irrumpunt,
2997 1426 3180 1481 omnia
3224 1435 3503 1486 conantes,
3558 1482 3565 1489 ,

1920 1534 2040 1588 qua:
2066 1517 2174 1572 illis
2197 1518 2262 1572 ad
2301 1516 2560 1587 iniuriam
2579 1525 2633 1569 et
2653 1514 2933 1568 infamiam
2963 1529 3118 1568 meus
3136 1515 3502 1581 suggesserit;

1923 1612 2231 1663 nescientes
2263 1608 2469 1672 miseri,
2507 1607 2687 1674 qualis
2716 1614 2769 1660 et
2806 1606 2972 1673 cujus
3003 1605 3229 1674 spiritus
3286 1603 3506 1672 utrique

1924 1701 2112 1765 simus,
2152 1716 2329 1769 neque
2367 1700 2453 1753 vix
2487 1700 2674 1754 animo
2705 1699 2993 1751 Volventes
3033 1696 3262 1764 iustitia:
3295 1695 3504 1756 lances,

1924 1802 1977 1846 ct
2008 1791 2139 1845 utin
2172 1791 2402 1860 singulis
2434 1804 2829 1844 mensurantur
2850 1803 3032 1841 rerum
3078 1796 3357 1857 gestarum
3407 1786 3507 1838 ho-

1925 1885 2207 1940 stimenta.
2248 1883 2434 1937 Visum
2466 1884 2646 1951 itaque
2673 1881 2831 1936 nobis
2884 1879 3009 1943 fuit,
3036 1895 3124 1934 res
3184 1879 3504 1933 eorumdem

1925 1976 2240 2030 temerarias
2286 1984 2341 2028 et
2396 1989 2681 2029 sermones
2708 1973 2917 2028 clarius
2950 1971 3318 2042 proscribere.
3351 1969 3502 2035 Qua—

1924 2084 2003 2129 re,
2033 2083 2157 2121 cum
2184 2067 2593 2129 convenissent,
2623 2066 2717 2135 qui
2745 2067 2797 2119 in
2830 2066 2929 2119 hac
2984 2065 3132 2134 regia
3186 2063 3322 2118 urbe
3370 2063 3503 2116 ade-

1925 2158 2372 2219 rantantistites,
2400 2172 2632 2209 numero
2655 2155 2869 2217 decem,
2910 2161 2962 2208 et
2995 2156 3084 2222 qui
3122 2154 3284 2222 longe
3325 2160 3505 2214 erant,

1927 2268 2020 2320 per
2042 2254 2258 2304 decreta
2291 2265 2354 2302 ac
2378 2249 2606 2311 litteras,
2647 2246 2832 2316 viginti
2857 2256 2911 2301 et
2943 2246 3228 2315 amplius;
3262 2245 3505 2311 accepis—

1925 2353 2157 2411 sentque
2191 2341 2548 2408 depositionis
2601 2337 2924 2393 sententiam
2975 2338 3355 2406 prauliclorum
3404 2350 3505 2404 pa-

1929 2435 2401 2496 triarcharum,et
2459 2440 2586 2485 ante
2644 2431 2829 2485 omnia
2891 2428 3221 2503 apostolioas
3245 2438 3298 2482 et
3328 2437 3505 2497 pater-

1929 2541 2025 2580 nas
2074 2527 2516 2586 constitutiones,
2562 2537 2757 2590 nempe
2793 2520 2859 2576 de
2918 2521 3264 2574 ordinatione
3310 2530 3503 2573 contra

1926 2631 2169 2672 eanones
2221 2616 2382 2679 facta,
2437 2613 2811 2683 apostolorum
2864 2611 3226 2676 tricesimum,
3274 2611 3505 2664 Niczena:

1927 2710 2117 2780 primm
2151 2708 2342 2779 synodi
2377 2714 2655 2775 quartum,
2718 2711 2772 2757 et
2804 2702 3035 2756 Nicaeum
3087 2700 3339 2755 secunda:
3396 2710 3504 2754 tero

1928 2801 2196 2869 tium;de
2229 2800 2357 2862 illis,
2397 2800 2513 2868 qui,
2567 2798 2635 2852 ab
2697 2794 2943 2850 Ecclesia
2997 2794 3251 2862 depositi,
3310 2807 3507 2846 rursus

1929 2894 2194 2949 audacter
2226 2887 2735 2944 administrandum
2768 2897 2963 2938 manus
2986 2882 3290 2951 imponunt,
3318 2880 3507 2931 Antio-

1929 2987 2117 3043 clieuze
2140 2993 2391 3054 quartum
2420 2990 2473 3034 ρι
2501 2988 2738 3041 sextum,
2776 2984 3100 3031 sanctorum
3134 2975 3504 3041 apostolorum

1932 3068 2250 3134 vicesimum
2282 3083 2532 3129 octavum
2556 3080 2610 3124 et
2632 3069 2903 3126 decimum
2942 3084 2954 3121 :
2980 3067 3047 3121 de
3077 3081 3182 3119 non
3205 3063 3324 3116 alie:
3349 3062 3507 3116 ειιιιὶίς

1931 3171 2169 3243 prepriis
2199 3168 2327 3222 liliis
2349 3182 2395 3253 εκ
2426 3166 2695 3235 patribus,
2753 3171 2977 3233 propter
3031 3157 3504 3218 exercitationem,

1928 3260 2261 3330 Gangrensis
2293 3246 2563 3313 decimum
2614 3252 2902 3322 quintum;
2949 3250 3015 3303 de
3064 3262 3200 3301 nova
3252 3246 3504 3311 dogmata

1929 3352 2306 3413 inferentibus,
2338 3363 2436 3402 nec
2468 3360 2573 3399 non
2601 3358 2763 3398 sacra
2798 3357 2926 3396 vasa
2949 3339 3162 3409 aliaque
3196 3336 3303 3389 ilco
3328 3337 3505 3386 dicata

1930 3440 2368 3514 profanantibns,
2406 3438 2635 3493 Nicaeus:-
2692 3435 2945 3490 secunda:
2970 3443 3272 3486 extremum
3316 3429 3503 3480 decre-

1932 3536 2171 3599 tum;al
2221 3529 2691 3601 litec,quasdivini
2754 3529 2946 3580 Patres
2998 3539 3186 3593 pceuas
3218 3524 3508 3589 imponunt

1932 3628 1998 3681 iis
2029 3624 2121 3694 qui
2151 3624 2462 3693 praescripta
2482 3620 2692 3689 jejunia
2725 3618 2889 3686 impie
2921 3617 3148 3675 violant,
3195 3615 3277 3666 his
3327 3614 3506 3665 sacris

1932 3716 2189 3779 decretis,
2214 3716 2653 3768 velutarmatura
2708 3709 2903 3768 valida,
2968 3707 3209 3765 fulti,ita
3262 3717 3506 3772 pronun-

1935 3811 2134 3865 tiamus
2167 3821 2292 3861 cum
2318 3815 2510 3860 sancto
2534 3801 2762 3871 Spiritu,
2795 3815 2848 3855 et
2877 3801 2945 3854 ab
2970 3814 3037 3853 eo
3060 3796 3274 3852 etloi-tis
3328 3795 3506 3849 sacris

1930 3900 2190 3970 apostolis
2224 3896 2506 3965 sacrisque
2540 3894 2786 3963 synodis,
2821 3890 3110 3949 Isidormn,
3166 3901 3505 3958 cognomen-

1933 3989 2324 4053 loBucliit‘am,
2353 3987 2449 4057 qui
2500 3984 2720 4055 indigne
2779 3983 2846 4038 ad
2905 3980 3266 4052 patriareliale
3305 3978 3502 4033 solium

1932 4084 2195 4149 ascendit,
2230 4093 2404 4149 neque
2438 4077 2851 4148 depositionem,
2896 4075 3168 4128 adversus
3222 4088 3281 4125 se
3333 4086 3363 4124 a
3420 4085 3509 4139 sy-

1932 4174 2098 4234 nodo,
2134 4171 2282 4241 quod
2318 4171 2479 4238 impia
2504 4168 2750 4229 sentiret,
2792 4164 3078 4235 prolatam,
3107 4161 3373 4216 reveritus
3398 4169 3502 4217 est.

1926 4282 2109 4337 neque
2137 4264 2394 4329 crimina,
2431 4261 2632 4332 quibus
2660 4274 2782 4315 sese
2841 4260 3204 4319 immerserat,
3256 4254 3499 4308 conside.

1933 4361 2094 4424 ravit,
2127 4359 2219 4415 sed
2239 4356 2488 4414 saeculari
2517 4352 2758 4424 potentia
2791 4359 3036 4405 armatus
3075 4347 3503 4417 patriat‘cltalum

1934 4453 2241 4522 occuparit,
2276 4458 2330 4503 et
2382 4455 2571 4516 postea
2619 4442 3057 4514 depositiouibus
3112 4451 3168 4495 et
3229 4438 3405 4508 poenis
3452 4445 3508 4490 et

1934 4541 2414 4615 persecutionibus
2437 4536 2880 4593 communionem
2906 4532 3275 4595 sacerdotum,
3312 4545 3506 4582 mona-

1933 4639 2188 4699 chorum,
2217 4650 2317 4689 nee
2345 4648 2453 4688 non
2491 4632 2823 4695 antistitum,
2854 4643 2945 4699 per
2980 4628 3086 4680 vim
3121 4633 3506 4696 procurantem

1932 4739 1985 4784 et
2010 4727 2403 4799 depositiones,
2449 4724 2545 4777 llas
2575 4722 2794 4790 quidem
2822 4721 2942 4775 sine
2963 4716 3174 4787 judicio
3211 4724 3266 4769 et
3308 4714 3512 4784 proba-

1934 4820 2080 4872 tione
2112 4818 2478 4879 intimantem,
2535 4814 2632 4866 bas
2690 4827 2818 4866 veto
2863 4810 3309 4873 machinantem;
3357 4807 3506 4861 [tunc

1932 4909 2263 4965 Christianis
2325 4906 2584 4959 omnibus
2653 4903 3050 4958 offendit-tilum
3111 4900 3338 4965 factum,
3411 4914 3505 4968 per

1932 5018 2095 5071 quem
2124 5000 2507 5054 communione
2549 4998 2932 5069 mysteriorum
2974 4995 3065 5051 Dei
3097 5004 3151 5050 et
3194 4993 3510 5050 sanctifica-

1936 5097 2103 5156 tinne,
2141 5093 2421 5161 praesules.
2451 5092 2792 5148 sacerdotes.
2843 5087 3121 5153 monachi,
3152 5097 3206 5142 et
3261 5086 3383 5141 laici
3446 5098 3507 5139 se

1885 5189 1898 5198 '
1934 5187 2235 5257 privarunt,
2270 5194 2380 5239 toto
2408 5197 2593 5238 animo
2616 5192 2670 5235 et
2691 5192 2891 5237 conatu
2945 5180 3267 5249 deponimus
3292 5218 3305 5242 ,
3331 5186 3386 5232 et
3408 5191 3505 5243 pa-

1936 5279 2209 5334 triarchali
2231 5286 2495 5348 potestate
2512 5276 2729 5344 indigne
2758 5291 2789 5331 a
2812 5276 2983 5332 laicali
3004 5274 3238 5345 potentia
3264 5273 3502 5325 circum-

1931 5371 2536 5440 vestitum,spoliamus
2565 5386 2577 5422 :
2608 5369 2883 5438 siumlque
2940 5384 3063 5423 cum
3111 5382 3176 5421 eo
3226 5363 3502 5415 Palamam

1933 5477 2230 5533 p2avorum
2263 5460 2577 5529 dogmatum
2604 5469 2911 5520 auctorem,
2942 5457 3035 5526 qui
3057 5455 3257 5509 multas
3297 5453 3506 5508 oralio-

1936 5570 2037 5608 nes
2067 5554 2130 5607 ad
2165 5553 2413 5622 putridos
2442 5553 2740 5619 inanesque
2802 5551 3033 5619 propria:
3087 5549 3282 5603 mentis
3335 5548 3503 5605 fretus

1935 5646 2396 5710 corrohorandos,
2420 5658 2471 5701 et
2506 5644 2599 5700 Dei
2651 5644 2945 5697 Ecclesiam
2972 5641 3265 5695 deitatihus
3312 5658 3508 5711 super-

1938 5734 2300 5791 emincntibus
2355 5744 2408 5789 et
2461 5736 2687 5805 drjcctis
2762 5730 3109 5788 evertendam
3177 5734 3501 5802 composuit,
