3956 6194
253 328 360 390 893

1403 327 1852 389 GRIECORUM
1887 326 2357 394 SENTENTI.’E.

3389 337 3498 397 8M

253 438 433 501 ϐολον,
462 435 537 500 ὡς
575 437 872 506 ὁμολογίαν
922 433 1200 507 ἔγγραφον
1232 437 1526 493 δεδωκέναι
1564 442 1636 510 μὴ
1669 441 1830 511 θελή-
1865 441 1904 496 Α
1939 444 2072 497 ἀλλά
2104 445 2198 498 καλ⁵
2237 447 2535 514 αὐτονομίᾳ
2581 447 2817 516 χρῶνται
2855 448 2945 500 καὶ
2972 451 3243 518 ἀνήκοντα
3294 449 3498 517 ἑτέροις

255 548 452 591 σαντα,
488 530 563 592 ὡς
590 531 812 600 ἀπειθῆ.
834 532 956 583 ’καὶ
997 531 1368 585 ἀνυπότακτον
1403 537 1468 602 τῇ
1528 535 1823 604 Ἐκκλησία

252 622 345 672 τοῦ
378 619 540 686 Θεοῦ,
573 621 648 683 ὡς
691 621 924 691 θορύϐου
965 624 1057 675 καὶ
1098 626 1346 695 ταραχῆς
1393 629 1530 697 αὑτῇ
1567 630 1828 681 αἰτιώτα-

253 728 369 773 τον,
392 711 470 772 ὡς
507 711 744 779 νεοφανῆ
777 714 874 764 καὶ
913 712 1040 778 ξένα
1068 715 1314 782 δόγματα
1343 720 1706 788 παρεισάγειν
1737 738 1826 788 φι-

253 802 633 868 λονεικοῦντα,
658 805 967 874 ἀπόϐλητον
988 807 1077 859 διὰ
1105 809 1276 861 ταῦτα
1303 811 1504 879 ἑαυτῆς
1531 812 1828 880 ἐποιήσατο

254 897 288 962 ή
353 895 651 964 Ἐκκλησία
702 897 794 950 τοῦ
847 899 1004 964 Θεοῦ,
1063 899 1246 954 δίκαια
1305 902 1524 963 πάντως
1573 902 1826 966 ποιοῦσα,

257 989 385 1051 τοὺς
423 990 526 1059 μὲν
560 993 841 1055 νεοφανεῖς
877 992 1265 1060 δογματιστάς,
1303 995 1503 1064 μᾶλλον
1525 994 1580 1048 δέ
1617 1012 1828 1065 παρερ-

256 1079 539 1146 μηνευτάς
578 1080 1036 1147 καταισχύνουσα,
1070 1083 1235 1153 ἑαυτῇ
1289 1085 1352 1152 δὴ
1395 1087 1826 1156 περιποιουμένη

253 1170 355 1239 τὴν
372 1172 430 1222 ἐν
457 1172 577 1231 ταῖς
603 1171 990 1236 ἀποστολικαῖς
1022 1175 1120 1226 καὶ
1160 1179 1458 1245 πατρικαῖς
1490 1179 1827 1247 παραδόσεσι

261 1260 485 1326 βαθεῖαν
513 1261 755 1332 γαλήνην
787 1264 882 1316 καὶ
911 1265 1259 1329 εὐστάθειαν,
1293 1269 1422 1336 περὶ
1445 1263 1510 1338 ἦς
1543 1270 1710 1340 πολλὴ
1735 1273 1829 1325 καὶ

271 1352 477 1421 μεγάλη
509 1353 729 1419 γέγονεν
762 1357 794 1421 ἡ
828 1358 1048 1422 φροντὶς
1083 1358 1176 1409 καὶ
1214 1361 1279 1428 τῇ
1306 1359 1604 1428 θεοστεφεῖ,
1637 1363 1827 1430 κρατί-

261 1459 361 1512 στῃ
411 1443 506 1497 καὶ
569 1444 698 1515 ἁγίᾳ
743 1461 844 1512 μου
895 1447 1176 1520 δεσποίνῃ,
1232 1451 1326 1502 καὶ
1371 1451 1448 1518 τῷ
1510 1451 1827 1523 θεοδωρήτῳ

260 1537 358 1586 καὶ
387 1538 782 1606 κοσμοποθήτῳ
811 1539 1018 1608 ταύτης
1057 1540 1290 1610 βλαστῷ,
1323 1543 1400 1611 τῷ
1430 1545 1708 1614 κρατίστῳ
1734 1547 1827 1598 καὶ
1863 1598 1868 1602 _

257 1623 398 1689 ἁγίῳ
437 1639 539 1691 μου
567 1625 949 1696 αὐτοκράτορι,
979 1630 1056 1693 ὡς
1094 1631 1191 1683 καὶ
1223 1633 1396 1685 σεπτά
1443 1633 1633 1686 τούτου
1663 1637 1827 1706 χάριν

196 1769 204 1776 _
255 1704 599 1782 ἀπολυθῆναι
640 1719 1042 1789 προστάγματα
1089 1725 1186 1792 τῆς
1219 1725 1381 1792 άγίας
1416 1725 1692 1796 βασιλείας
1723 1704 1823 1780 αὑ-

253 1809 382 1860 τῶν.
423 1810 536 1861 Καὶ
574 1812 733 1880 χάρις
785 1814 862 1883 τῷ
893 1815 1032 1885 Θεῷ,
1064 1817 1140 1886 τῷ
1172 1819 1444 1883 τοιούτους
1489 1821 1619 1888 ἡμῖν
1647 1822 1826 1892 δωρη-

256 1900 482 1969 σιμένιρ
530 1903 846 1968 ὀρθοδόξους
893 1906 1157 1972 ἄνακτας,
1207 1911 1298 1963 καὶ
1353 1914 1694 1981 προμάχους,
1731 1916 1825 1968 καὶ

256 1992 636 2055 προασπιστάς
703 1995 802 2063 τῆς
846 1996 1172 2065 Ἐκκλησίας
1217 2001 1412 2055 αὑτοῦ.
1471 2004 1692 2056 Τούτων
1733 2008 1826 2059 καὶ

257 2085 420 2147 ἡμεῖς
451 2086 542 2137 τὸν
573 2086 796 2165 θεοφιλῆ
829 2088 992 2160 ζῆλον
1026 2095 1123 2147 καὶ
1147 2096 1246 2165 τὴν
1279 2097 1563 2151 εὐσέϐειαν
1598 2102 1822 2165 εἰδότες,

255 2176 447 2243 χεῖρας
479 2177 566 2229 ἀεὶ
616 2163 752 2249 τίρὸς
807 2183 940 2237 Θεὸν
973 2163 1213 2249 ἱκέτιδας
1255 2189 1506 2258 αῐρομεν,
1537 2192 1630 2244 καὶ
1666 2163 1824 2262 εὑχόέ

259 2267 402 2334 μεθα
452 2269 712 2337 γαλήνιον
755 2274 942 2339 αὑτοῖς
998 2280 1092 2330 καὶ
1124 2279 1362 2349 εὔθυμον
1412 2282 1511 2353 τὴν
1546 2282 1824 2351 βασιλείαν

255 2361 602 2427 χαρίσασθαι,
629 2365 721 2417 ἐπὶ
748 2367 937 2434 χρόνον
971 2371 1252 2437 μήκιστον.
1290 2374 1554 2426 Λείπεται
1595 2394 1824 2448 τοιγαρ-

252 2451 349 2504 οῦν
410 2456 672 2524 αἰσχύνης
705 2457 798 2511 καὶ
846 2461 1113 2530 ἐντροπῆς
1167 2466 1624 2536 ἀναπίμπλασθαι
1663 2472 1826 2524 αὐτόν

250 2560 314 2595 τε
348 2545 442 2596 καὶ
490 2549 614 2609 τοὺς
663 2550 829 2602 αὑτοῦ
864 2551 1117 2618 ὀπαδοὺς,
1165 2556 1260 2609 καὶ
1318 2560 1678 2623 σπουδαστάς,
1732 2564 1826 2616 καὶ

250 2635 585 2704 ὁμόφρονας,
643 2640 718 2704 ὡς
772 2640 928 2709 δήτι
987 2645 1206 2713 σεμνὸν,
1259 2648 1356 2700 καὶ
1405 2652 1472 2718 τῇ
1530 2652 1826 2723 Ἐκκλησία

255 2727 552 2786 ἀναγκαῖον
600 2731 698 2791 τὰς
726 2732 938 2784 ἐκείνου
992 2740 1319 2807 συγγραφὰς
1355 2740 1445 2792 καὶ
1495 2743 1699 2810 φωνάς,
1738 2744 1825 2796 ἵνα

260 2819 335 2881 μὴ
373 2817 620 2884 λέγωμεν
668 2825 1036 2889 καινοφωνίας
1073 2829 1554 2896 προϐαλλομένους
1586 2835 1679 2885 ἐπὶ
1711 2837 1825 2896 τοῖς

255 2912 596 2977 ποοσήκουσι
636 2913 895 2982 λαχόντος
925 2921 1026 2987 τὴν
1058 2919 1214 2990 δίκην
1249 2922 1337 2988 ἐφ’
1368 2924 1582 2990 ἑαυτὸν,
1612 2929 1703 2979 καὶ
1732 2928 1824 2981 τοῦ

253 3001 570 3068 ὐτοψηφίου
613 3006 1027 3076 Μονεμϐασίας,
1069 3014 1141 3074 ὡς
1189 3015 1255 3066 τὰ
1299 3016 1440 3068 αὑτά
1471 3017 1548 3086 τῷ
1593 3019 1828 3092 Παλαμᾷ

1931 535 2378 606 ἀνερυθριάστως
2439 538 2761 607 πράττουσι,
2816 540 2908 591 καὶ
2967 542 3229 609 μοκιαχοὺς
3283 541 3502 592 ἀποκεί-

1930 645 2104 696 ρουσι.
2144 628 2308 696 μηδὲν
2330 627 2389 680 ὃν
2425 631 2604 690 αὐτοῖς
2638 631 3002 699 ἐνδεδυμένον.
3033 631 3417 700 Τετολμήκασι
3442 632 3497 684 δὲ

1926 718 2083 771 τοῦτο
2135 721 2229 772 καὶ
2283 721 2364 783 είς
2406 722 2571 774 παῖδα
2599 721 2792 792 εὐγενῆ
2844 722 3009 792 πολλῇ
3065 725 3130 792 τῇ
3170 721 3306 790 πρὸς
3335 723 3498 774 αὑτὸν

1927 811 2112 883 ἀπάτῃ
2142 814 2499 881 χρησάμενοι.
2547 812 2840 880 Ἀπέχεσθε
2873 814 3051 865 τοίνυν
3089 815 3200 866 τῶν
3241 815 3499 866 τοιούτων

1927 901 2035 954 ἀπὸ
2062 899 2258 971 ψυχῆς,
2292 900 2601 971 ἐξεχόμενοι
2629 902 2736 954 τῶν
2758 902 3054 972 ὀρθοδόξων
3080 905 3370 972 δογμάτων
3395 905 3499 974 τῆς

1940 986 2288 1056 Ἐκκλησίας.
2335 989 2487 1042 Ἐπεὶ
2522 991 2632 1060 γὰρ
2683 991 2773 1044 διὰ
2819 992 2916 1054 τὰς
2972 994 3274 1062 εἰρημένας
3317 995 3500 1058 αίτίας

1927 1078 2151 1140 ἀδεκτός
2181 1080 2297 1132 ἐστι
2335 1081 2630 1150 προφανῶς
2662 1084 2758 1134 καὶ
2793 1084 3103 1154 ἀπόϐλητος
3151 1088 3214 1154 τῇ
3263 1085 3499 1154 Ἐκκλη-

1931 1167 2022 1236 σία
2054 1169 2080 1218 ὁ
2136 1167 2425 1238 Παλαμᾶς,
2478 1170 2569 1222 τὸν
2603 1171 2768 1224 αὑτὸν
2820 1173 3023 1242 τρόπον
3053 1175 3148 1227 καὶ
3199 1176 3500 1244 ἀπόϐλητοι

1929 1259 2066 1310 εἰσιν
2096 1258 2244 1327 αὑτῷ
2270 1259 2364 1312 καὶ
2388 1259 2436 1312 οί
2467 1261 2533 1314 τὰ
2560 1260 2724 1314 αὑτοῦ
2747 1263 3095 1333 φρονοῦντες,
3130 1268 3222 1319 καὶ
3252 1268 3301 1319 οἰ
3325 1270 3499 1339 τούτῳ

1930 1351 2266 1419 πειθόμενοι,
2316 1353 2412 1408 καὶ
2441 1351 2539 1404 οὑκ
2569 1352 2684 1404 ἔστι
2717 1356 2830 1417 τοῖς
2881 1356 3147 1420 τοιούτοις
3199 1360 3357 1428 μερίς
3413 1378 3499 1424 τις

1927 1443 2046 1494 οὑδὲ
2078 1444 2302 1514 κλῆρος,
2337 1444 2441 1508 ἕως
2470 1445 2570 1514 τῆς
2601 1446 2772 1516 αὑτῆς
2799 1446 3015 1516 ἔχονται
3047 1450 3291 1516 γνώμης.
3338 1451 3500 1504 Ἀπέ-

1929 1534 2092 1603 χεσθε
2123 1535 2304 1588 τοίνυν
2347 1535 2554 1590 τούτων
2591 1537 3019 1610 πειθαρχοῦντες
3069 1541 3136 1610 τῇ
3177 1540 3497 1612 Ἐκκλησία,

1929 1627 2024 1679 καὶ
2063 1626 2404 1696 στέργοντες,
2448 1630 2544 1682 καὶ
2577 1629 2913 1699 ἐμμένοντες
2947 1631 3003 1684 ἐν
3046 1634 3167 1694 ταῖς
3197 1631 3499 1701 εὐαγγελι-

1931 1719 2053 1778 καῖς
2077 1718 2172 1770 κα)⁸
2219 1718 2606 1783 ἀποστολικαῖς
2646 1721 3032 1790 παραδόσεσιν.
3084 1723 3239 1775 Ἐπεὶ
3271 1724 3380 1790 γὰρ
3409 1724 3499 1776 ὅτε

1930 1809 2024 1860 καὶ
2063 1811 2136 1877 μὴ
2170 1809 2400 1863 τοιοῦτοι
2426 1806 2565 1876 ἦσαν
2596 1814 2658 1865 τὸ
2692 1811 2880 1876 σέϐας,
2911 1813 3152 1882 δηλονότι
3179 1815 3493 1884 ἀμφίϐολοι,

1930 1903 2023 1953 καὶ
2069 1901 2354 1969 προδήλως
2404 1903 2591 1972 ἐχθροὶ
2649 1905 2745 1957 καὶ
2793 1905 3060 1974 πολέμιοι,
3095 1907 3189 1959 καὶ
3229 1908 3325 1975 τῆς
3369 1909 3497 1961 Ἐκ-

1927 1992 2160 2059 κλησίας
2210 1993 2530 2062 ἀπόϐλητοι,
2583 1995 2692 2048 οὐδ’
2723 1994 2897 2058 οὑτως
2941 1996 3035 2048 ἐπὶ
3095 1998 3206 2061 τοῖς
3261 1998 3498 2066 δόγμασι

1930 2085 2024 2136 καὶ
2050 2086 2115 2149 τῇ
2151 2085 2249 2151 τῆς
2283 2084 2592 2146 θεοσεϐείας
2632 2085 2953 2156 διδασκαλίᾳ
2988 2087 3286 2144 ὑπακούειν
3317 2089 3498 2142 αὑτῶν

1926 2172 2194 2240 ὀφείλετε,
2229 2175 2302 2237 ὠς
2351 2178 2466 2235 τοῖς
2496 2177 2836 2245 ἀρχιερεῦσι,
2879 2177 3020 2230 καθά
3061 2179 3156 2230 καὶ
3187 2178 3498 2246 φθάσαντες

1927 2265 2176 2335 εἴπομεν,
2232 2265 2326 2319 τοῦ
2385 2267 2628 2320 τοιούτου
2688 2268 2851 2337 ἔργου
2900 2271 3216 2340 ἀνήκοντος,
3270 2267 3352 2335 οἷς
3401 2272 3500 2325 καὶ

1927 2357 2321 2427 ἀπαραιτήτως
2377 2359 2698 2428 πειθαρχεῖν
2757 2361 3027 2429 ὀφείλετε,
3085 2365 3180 2416 καὶ
3230 2365 3498 2433 μηδαμῶς

1883 2493 1888 2498 .
1927 2449 2261 2501 ἀντιτείνειν.
2310 2443 2410 2502 Οἷα
2446 2449 2600 2523 παρά
2644 2449 2779 2503 Θεοῦ
2829 2453 3139 2519 οἰκονόμοις
3187 2452 3497 2522 δεδομένοις

1927 2540 2052 2611 ὑμῖν
2086 2542 2183 2610 τῆς
2217 2541 2488 2611 σωτηρίας
2531 2543 2628 2595 καὶ
2677 2543 2840 2611 λόγον
2876 2543 3098 2613 ὑφέξειν
3151 2545 3293 2619 ὑπὲρ
3342 2545 3498 2614 ὑμῶν

1932 2633 2179 2700 μέλουσι.
2216 2632 2310 2695 Τίς
2341 2636 2366 2685 ὁ
2410 2633 2568 2701 λόγος
2599 2634 2761 2705 δοχὴν
2800 2638 2925 2698 τοὺς
2953 2636 3232 2700 τοιούτους
3263 2637 3500 2708 ἀμφιϐό-

1927 2722 2051 2785 λους
2081 2725 2137 2775 ἐν
2167 2724 2294 2793 ὑμῖν
2319 2725 2625 2794 εὑρίσκειν,
2663 2727 2760 2778 καὶ
2791 2727 3036 2781 κίνδυνον
3064 2725 3217 2796 ’ὑμᾶς
3248 2727 3500 2781 ἐντεῦθεν

1927 2814 2072 2883 ἔχειν
2123 2815 2304 2885 ψυχῆς
2335 2817 2432 2867 καὶ
2470 2816 2776 2879 ἀπώλειανς
2822 2819 2930 2871 Καί
2968 2835 3030 2886 γε
3062 2818 3254 2887 μηδεὶς
3299 2819 3501 2871 οἰέσθω

1926 2905 1992 2956 δι’
2042 2904 2171 2957 ἀλλο
2221 2922 2274 2956 τι
2312 2905 2421 2958 τῶν
2451 2907 2708 2960 ἁπάντων
2741 2909 2830 2961 τόν
2863 2925 2920 2960 τε
2949 2911 3210 2977 Παλαμᾶν
3252 2911 3345 2962 καὶ
3372 2911 3499 2973 τοὺς

1926 2994 2019 3048 τοῦ
2078 2995 2313 3065 Παλαμᾶ
2345 2998 2442 3066 τῆς
2479 2998 2810 3068 Ἐκκλησίας
2853 2999 3182 3052 ἀποϐαλεῖνο
3228 3001 3322 3052 τοῦ
3376 3001 3502 3052 ἀκι-

253 3094 354 3143 καὶ
399 3093 589 3146 τούτου
624 3099 947 3190 φρονοῦντος
984 3105 1076 3156 ἐπὶ
1102 3107 1220 3167 ταῖς
1257 3111 1559 3176 γραφικαῖς
1587 3088 1818 3181 παρεξηξ
1850 3126 1896 3190 C
1930 3088 2201 3190 εδήλοαδὲ
2252 3089 2418 3190 χάριν
2447 3089 2618 3190 αὐτῆς
2653 3091 3125 3190 τῶν-δογμάτων,
3168 3093 3300 3190 ἐπεί
3327 3091 3501 3190 ἐάλη)-

252 3186 473 3248 γήσεσι.
505 3188 598 3240 καὶ
629 3188 956 3258 καθαιρέσει
985 3193 1515 3264 καθυποϐληθέντος,
1544 3201 1631 3253 διά
1660 3202 1720 3254 τὸ
1751 3203 1824 3273 μὴ

253 3276 540 3330 πείθεσθαι
562 3280 895 3349 ἀποσχέσθαι
921 3283 1132 3350 τούτου,
1158 3287 1291 3356 μηδέ
1311 3287 1600 3357 ὁμολογίαν
1621 3291 1822 3358 δοῦναι,

251 3369 324 3437 ἢν
345 3373 604 3442 ἀπῃτεῖτο
618 3375 710 3428 τοῦ
730 3377 934 3429 οίκείου
961 3379 1309 3448 φρονήματος
1341 3382 1435 3435 καὶ
1456 3383 1822 3454 σεϐάσματος.

267 3460 412 3512 Ἀλλ’
447 3464 744 3536 ἐπειδήπερ
771 3461 853 3529 οἷς
879 3467 1028 3529 ὅπως
1067 3468 1132 3520 ἂν
1165 3469 1456 3539 τηρηθεῖεν
1484 3473 1716 3542 ἄτρωτοι
1747 3475 1824 3544 τῷ

254 3555 552 3625 ἀρχεκάκῳ
578 3558 790 3627 δαίμονι
835 3559 1008 3627 μέλει,
1037 3552 1182 3614 οῦτοι
1211 3561 1361 3632 πάσῃ
1392 3565 1610 3635 φυλακῇ
1638 3571 1826 3635 τηρεῖν

249 3645 531 3699 όρςίλουσι
586 3651 925 3720 πανταχόθεν
987 3652 1237 3709 ἑαυτούς.
1291 3655 1503 3723 Τρόπος
1563 3657 1618 3710 δὲ
1671 3651 1825 3721 οὗτος

252 3739 444 3796 aito-3,
480 3741 573 3793 καὶ
602 3742 753 3808 ἀγὼν
803 3743 1083 3811 μέγιστος,
1125 3745 1426 3815 ἐξεγείρειν
1466 3748 1552 3798 ἀεὶ
1597 3750 1828 3802 σκανδα-

252 3830 510 3893 λοοποιοὺς
551 3831 870 3901 ἀνθρώπους
891 3827 957 3903 τῇ
1010 3833 1328 3906 Ἐκκλησία.
1376 3835 1518 3888 Ἀλλ’
1565 3837 1721 3906 ὑμεῖς
1751 3839 1824 3902 ὼς

255 3921 372 3972 τῶν
415 3922 807 3990 εὑαγγελικῶν,
849 3923 947 3977 καὶ
985 3926 1362 3979 άποστολικῶν
1406 3929 1500 3980 καὶ
1545 3929 1827 3998 πατρικῶν

255 4012 615 4079 παραδόσεων
654 4014 843 4077 ἐθάδες
888 4016 982 4069 καὶ
1017 4017 1294 4087 τρόφιμοι,
1344 4019 1440 4071 καὶ
1474 4020 1687 4089 γνήσιοι
1727 4022 1828 4090 τῆς

269 4103 600 4173 Ἐκκλησίας
653 4105 760 4158 υἱοὶ
815 4107 882 4177 τῇ
923 4108 1180 4159 παντελεῖ
1225 4108 1334 4160 τῶν
1386 4109 1702 4180 όμοφρύυων
1749 4111 1828 4180 τῷ

252 4196 497 4265 ῐῐαῖαμᾷ
529 4197 707 4265 ἀποχῇ
749 4197 846 4249 καὶ
891 4198 1240 4270 ἀνεπιμιξίᾳ,
1287 4199 1546 4262 ἀϐλαϐεῖς
1599 4203 1827 4268 ἑαυτοὺς

249 4303 285 4338 τ
323 4286 502 4350 ,ρῆσαι
533 4289 892 4342 σπουδάσατε.
941 4290 1037 4352 Τίς
1069 4291 1178 4359 γὰρ
1209 4293 1305 4343 κα)⁵
1334 4292 1494 4360 χρεία
1523 4293 1620 4360 τῆς
1648 4295 1828 4347 αὐτῶν

246 4379 281 4430 ὁ
315 4377 470 4440 οιλίας
512 4380 611 4430 καὶ
641 4380 991 4448 ἀκροάσεως;
1025 4379 1180 4442 Τίνος
1208 4380 1264 4432 δέ
1302 4383 1396 4434 καὶ
1432 4384 1592 4452 χάριν
1624 4386 1673 4436 οἱ
1715 4387 1827 4454 φῶ-

1935 3195 2029 3230 σαν
2078 3171 2224 3232 οῦτοι
2279 3181 2372 3232 καὶ
2403 3180 2489 3233 ἐπ’
2540 3182 2701 3246 ἐνίοις
2734 3184 2842 3235 τῶν
2899 3187 2991 3234 τοῦ
3023 3183 3228 3252 Τόμου,
3272 3183 3348 3244 ὡς
3397 3183 3500 3254 ἤδη

1933 3271 2182 3340 εἴρηται,
2243 3275 2792 3342 παραχαράττοντες,
2855 3277 2951 3328 καὶ
2993 3276 3502 3345 μεθερμηνεύοντες

1931 3363 2092 3428 αὐτὰ,
2140 3365 2234 3416 καὶ
2263 3365 2316 3416 εἴ
2360 3382 2423 3431 γε
2456 3366 2556 3432 τῆς
2607 3367 2816 3419 ἑαυτῶν
2859 3369 2988 3436 ὑμῖν
3040 3369 3190 3435 μέλει
3231 3368 3501 3435 ὡφελείας

1931 3453 2026 3505 καὶ
2063 3451 2380 3520 ἀσφαλείας,
2407 3455 2838 3520 τελέωςητούτων
2870 3457 3164 3526 ἀπέχεσθε,
3210 3459 3502 3529 εἰρηνικῶς

1933 3545 2027 3596 καὶ
2047 3544 2335 3615 ἀταράχως
2360 3547 2494 3616 πρὸς
2541 3549 2767 3608 ἑαυτοὺς
2792 3549 2887 3600 καὶ
2912 3551 3046 3618 πρὸς
3069 3549 3332 3618 ἀλλήλους
3357 3551 3503 3617 ἐχειν

1936 3633 2356 3698 σπουδάζοντες,
2385 3638 2480 3688 καὶ
2509 3637 2943 3703 κατεργάζεσθαι
2969 3640 3066 3700 τάς
3098 3638 3231 3707 πρὸς
3259 3639 3358 3706 τὴν
3383 3639 3505 3690 ἐαυ-

1931 3723 2040 3776 τῶν
2071 3725 2368 3794 σωτηρίαν·
2388 3719 2456 3795 ἧς
2481 3727 2576 3779 καὶ
2605 3727 2803 3790 πάντας
2827 3729 2970 3798 ὑμᾶς
2993 3729 3266 3796 ἐπιτυχεῖν
3289 3729 3502 3794 γένοιτο

1933 3820 1990 3870 ἐν
2034 3818 2277 3888 Χριστῷ,
2307 3813 2368 3871 οῦ
2397 3821 2489 3872 καὶ
2531 3823 2562 3889 ἡ
2593 3822 2750 3891 χάρις
2790 3823 2875 3888 εἴη
2902 3823 3038 3890 μετά
3069 3823 3288 3875 πάντων
3319 3820 3497 3889 ὑμῶν.

1941 3929 1959 3962 ι
1996 3911 2189 3965 Sermo
2218 3912 2613 3979 patriarchalis,
2647 3928 2754 3980 quo
2786 3912 3199 3980 proscribuntur
3226 3910 3503 3976 Palamas,

1933 4015 1986 4059 et
2015 4005 2160 4059 illius
2193 4003 2455 4070 fautores,
2486 4007 2806 4069 concordes,
2834 4005 3130 4069 auditores,
3167 4014 3218 4058 cl
3247 4021 3276 4057 a
3309 4011 3503 4056 sancta

1936 4092 2027 4148 Dei
2068 4093 2332 4158 Ecclesia,
2358 4104 2612 4165 tauquam
2645 4097 2766 4148 fidei
2799 4092 3504 4157 innovatures,extrudun—

1936 4193 2048 4238 tur.
2089 4184 2432 4240 Mediocritas
2479 4195 2688 4246 nostra,
2729 4185 2816 4238 cui
2847 4183 3248 4238 administratio
3274 4199 3338 4238 ac
3370 4199 3505 4238 cura

1937 4280 2240 4330 animarum
2272 4283 2577 4330 vestrarum
2619 4290 2650 4328 a
2701 4276 2809 4326 lleo
2858 4274 3168 4328 concredita
3217 4282 3318 4334 est,
3373 4290 3499 4328 eum

1939 4367 2114 4420 mudis
2143 4366 2401 4421 omnibus
2431 4374 2666 4419 vestram
2702 4363 2932 4418 salutem
2962 4378 3260 4433 procurare
3287 4363 3500 4423 debeat,

250 4485 352 4530 ρες
376 4471 472 4536 τῆς
508 4470 606 4536 μὲν
645 4470 970 4537 Ἑκκλησίας
1003 4471 1418 4540 ἀφηνιάζουσιν,
1451 4477 1826 4544 ἀρχιερατικῷ

1934 4471 1984 4512 et
2014 4459 2125 4525 jam
2171 4457 2464 4522 audiverit,
2516 4455 2808 4510 nonnullos
2838 4471 2904 4509 ex
2938 4456 3088 4510 vobis
3127 4453 3437 4523 perturbari
3471 4466 3504 4505 a

243 4559 310 4610 δε
351 4558 495 4627 ἔργῳ
551 4560 910 4623 ἐπιτίθενται,
951 4563 1047 4613 καὶ
1109 4563 1329 4632 φιλοῦσι
1387 4564 1680 4630 διδάσκειν,
1734 4570 1829 4621 καὶ

244 4650 572 4703 ἀναπείθειν
609 4651 1030 4718 φιλονεικοῦσιν,
1061 4655 1136 4716 ὠς
1176 4655 1238 4724 δὴ
1272 4655 1458 4719 καλῶς
1488 4659 1616 4727 παρ’
1649 4659 1829 4712 αὑτῶν

241 4743 554 4809 λεγ6μενα;
592 4742 754 4813 Ἡμῖν
783 4745 840 4797 δέ
872 4745 964 4796 καὶ
1004 4746 1277 4816 δακρῦσαι
1308 4747 1569 4810 πολλάκις
1609 4749 1694 4801 ἐπ’
1729 4751 1828 4801 αὑ-

243 4836 365 4894 τοῖς
409 4836 643 4899 ἐγένετο,
677 4836 1028 4898 πιστεύσατε,
1065 4838 1497 4906 ἐνθυμουμένοις
1534 4839 1654 4891 οἵαν
1698 4841 1827 4909 ἀρε-

243 4923 355 4987 τῆς
380 4923 494 4973 ὁδὸν
519 4923 792 4985 λιπόντες,
823 4924 903 4985 είς
932 4925 1056 4976 ὅσον
1088 4925 1519 4993 ἐξεκυλίσθησαν
1548 4925 1828 4995 βάραθρον

246 5015 488 5084 φιλέριδι
520 5013 680 5066 πάθει
715 5015 1066 5083 ἡττηθέντες,
1103 5016 1355 5078 λιπόντες
1401 5033 1459 5069 τε
1507 5018 1606 5083 τὴν
1647 5019 1706 5070 ἐν
1739 5034 1829 5084 γα-

247 5109 394 5176 λήνῃ
429 5107 535 5159 τῶν
560 5107 839 5177 λογισμῶν
864 5107 1224 5177 κυϐέρνησιν,
1252 5107 1345 5160 καί
1371 5125 1433 5174 γε
1468 5107 1698 5176 θορύϐου
1731 5107 1828 5175 μὲν

249 5197 472 5249 ἑαυτῶν
503 5198 604 5266 τὴν
634 5198 886 5269 καρδίαν,
926 5195 1164 5266 θορύϐου
1193 5197 1248 5248 δὲ
1285 5198 1380 5248 καὶ
1411 5195 1579 5264 αὑτὴν
1614 5194 1826 5263 ἔχοντες

245 5287 356 5354 τὴν
396 5286 595 5356 ψυχὴν,
628 5287 932 5356 φιλέχθρως
972 5305 1030 5339 τε
1073 5289 1164 5338 καὶ
1213 5283 1529 5352 φιλονείκως
1555 5281 1829 5348 διακείμε-

247 5395 336 5430 νοι
364 5380 459 5430 ἐπὶ
487 5379 547 5430 τὸ
581 5380 848 5443 συστῆσαι
893 5379 954 5432 τὸ
1003 5378 1416 5447 παριστάμενον
1461 5375 1667 5433 αὑτοῖς.
1719 5373 1828 5427 Καὶ

249 5473 374 5524 οὐδὲ
399 5475 573 5524 ἐκεῖνο
605 5474 834 5527 συνιδεῖν
855 5473 1092 5542 ἔχουσιν,
1118 5474 1192 5534 ὡς
1215 5474 1274 5524 οὺ
1305 5471 1484 5528 καλὸν,
1509 5471 1628 5523 οὑδέ
1656 5471 1824 5529 ὅσιον,

253 5563 388 5629 ὅρια
446 5563 702 5631 Πατέρων
749 5564 944 5623 κινεῖν,
1004 5563 1099 5614 καὶ
1157 5555 1566 5638 ἀντιφέρεσθαι,
1607 5560 1698 5610 καὶ
1754 5556 1826 5626 μὴ

255 5656 530 5714 ὑπείκειν,
587 5655 720 5722 μηδέ
778 5656 1096 5725 πειθαρχεῖν
1133 5655 1198 5722 τῇ
1244 5652 1545 5722 Ἐκκλησία
1595 5650 1685 5702 ἐπὶ
1717 5652 1828 5710 τοῖς

247 5746 595 5813 δ-ὗογμέν<,ι;
623 5750 759 5817 αὑτῇ
791 5747 966 5808 καλῶς
997 5744 1132 5798 Θεοῦ
1163 5744 1344 5814 χάριτι
1375 5745 1465 5795 καὶ
1499 5739 1822 5800 κανονικῶς·

1937 4549 2170 4602 Palamte
2215 4547 2575 4615 sequacibus,
2631 4543 2966 4607 fautoribus,
3017 4552 3070 4596 et
3117 4541 3504 4604 concordibus,

1938 4632 2307 4694 necessarium
2332 4645 2456 4683 esse
2477 4629 2647 4688 duxit,
2680 4629 2780 4680 bas
2807 4629 2870 4680 ad
2903 4641 2999 4680 vos
3019 4626 3230 4680 litteras
3249 4641 3510 4690 exarare,

1938 4734 2004 4770 ne
2055 4717 2165 4771 veri
2214 4715 2556 4786 ignoratione
2605 4715 2776 4783 aliqui
2825 4729 2889 4768 ex
2944 4714 3098 4767 vobis
3137 4714 3504 4781 abripiantur.

1936 4810 2114 4872 Quare
2161 4806 2446 4867 attendite,
2493 4821 2615 4872 qua:
2653 4804 2940 4857 dicemus:
2974 4803 3142 4857 multa
3187 4805 3330 4857 enim
3379 4805 3508 4858 inde

1936 4907 2231 4968 sequentur
2274 4897 2602 4959 commoda;
2655 4903 2710 4948 et
2762 4893 3177 4948 insidiatoribus
3233 4894 3406 4955 hisce,
3452 4905 3507 4948 et

1935 4995 2204 5049 sententia
2247 5005 2302 5047 et
2332 4992 2483 5047 cultu
2531 4989 2820 5060 ambiguis,
2858 5004 2954 5043 nec
2987 5004 3094 5042 non
3144 4989 3504 5054 refractariis,

1937 5081 2373 5146 contumacibus,
2404 5089 2458 5133 et
2485 5078 2676 5133 alienis
2702 5089 2984 5148 propterea
3012 5075 3081 5130 ab
3105 5074 3344 5131 Ecclesia
3371 5093 3385 5141 ;
3413 5077 3506 5143 qui

1935 5173 2077 5226 enim
2112 5171 2390 5226 vobiscum
2426 5178 2662 5232 nonest,
2697 5179 2886 5222 contra
2922 5183 3018 5221 vos
3045 5178 3127 5221 cst
3154 5185 3168 5234 ;
3196 5176 3250 5220 et
3283 5169 3376 5236 qui
3413 5184 3508 5220 vum

1936 5266 2145 5319 biscuin
2181 5279 2286 5317 non
2320 5262 2541 5330 colligit,
2575 5260 2903 5329 dispergendi
2935 5259 3134 5314 similis
3161 5268 3277 5324 est;
3307 5259 3391 5312 his
3422 5275 3505 5310 in-

1935 5371 2122 5424 qnani,
2173 5355 2563 5415 insolentibus,
2617 5367 2681 5406 ac
2734 5352 3006 5420 superbis,
3055 5361 3109 5405 et
3165 5350 3344 5425 omnia
3398 5351 3502 5403 sibi

1933 5445 2394 5515 promittentibus,
2424 5458 2510 5497 res
2539 5454 2751 5507 vestras,
2787 5443 2931 5510 quod
2973 5458 3094 5496 cum
3135 5440 3239 5495 Deo
3269 5440 3502 5506 dicatur,

1935 5560 2043 5598 non
2078 5542 2150 5594 ita
2187 5540 2376 5595 invasu
2410 5539 2595 5594 faciles
2626 5549 2806 5593 erunt.
2839 5540 3029 5591 Sermo
3069 5538 3139 5592 ab
3173 5537 3273 5589 hoc
3310 5536 3503 5591 eodem

1935 5641 2195 5705 nt'tliclnr,
2226 5639 2311 5692 cui
2346 5639 2448 5707 ipsi
2491 5639 2791 5697 adbaircnt,
2835 5649 2886 5689 et
2923 5652 3017 5704 pro
3047 5651 3156 5702 quo
3192 5631 3366 5685 multa
3398 5630 3504 5685 sibi

1934 5735 2162 5802 jaciaut,
2215 5742 2666 5800 propugnatorem
2713 5731 2916 5799 proprii
2969 5740 3143 5783 mutus
3199 5729 3384 5782 nacti:
3435 5743 3506 5782 co
