3884 6204
548 336 653 397 ἱΩἳ

1734 335 1835 395 DE
1872 333 2268 395 GliEUUlllO
2310 335 2491 394 FALA
2504 336 2610 395 ΜΛ
3611 338 3692 402 895

549 464 781 518 namque
807 455 1077 505 couc‘usso
1112 459 1163 501 ct
1214 446 1762 518 perturbato,'cadet
1796 449 2019 502 omnino
2063 454 2117 498 et
2149 449 2187 501 Α
2228 449 2407 501 randze
2439 457 2722 518 propterea
2763 444 2933 498 sani-ti
2983 458 3166 496 eorum
3204 443 3400 513 imperii
3447 460 3584 501 sacrm
3623 466 3692 504 eg.
3754 506 3759 514 ι

546 543 983 596 rniversa-illius
1018 540 1389 610 congregatio.
1424 540 1490 592 Et
1518 539 1628 608 jam
1665 539 1973 606 intelligite.
2014 539 2115 591 Pa-

548 636 722 689 lzimas
766 635 848 686 hic
896 641 1057 699 atque
1103 631 1374 697 Barlaam,
1408 641 1598 685 rnutuo
1646 635 2014 693 deCertantes,
2064 639 2120 683 et

550 744 616 774 ee.
668 724 967 790 Impietatis
1015 724 1244 777 crimine
1291 724 1431 777 alius
1482 723 1647 776 alium
1698 723 2115 781 insituulantes.

550 814 917 882 disquisitioni
957 815 1201 885 synodali
1234 814 1543 869 demandati
1598 824 1745 869 sunt.
1783 812 1966 868 Nostis
2008 812 2119 865 fere

548 921 760 965 omnes.
798 922 973 974 neque
1001 906 1265 975 ignoratis
1288 906 1588 959 niaximum
1619 906 1769 959 illum
1795 904 1848 957 in
1875 903 2117 956 Ecclesia

551 1011 929 1063 congressuri),
961 997 1175 1067 inquo,
1206 997 1374 1050 stellae
1404 996 1594 1061 instar,
1629 994 1983 1065 praefulgebat
2007 994 2119 1061 p’e-

553 1089 677 1139 tatis
716 1100 1108 1156 -pr0puguator
1164 1089 1459 1153 imperator
1509 1097 1708 1151 noster,
1770 1085 2004 1140 celebris
2057 1100 2121 1139 ac

551 1177 720 1228 imaue
770 1174 1075 1241 me'morire,
1114 1187 1270 1246 pater
1306 1176 1664 1244 potentissimi
1697 1186 1750 1230 et
1796 1177 1967 1229 sancti
2016 1173 2119 1226 mei

553 1266 923 1327 imperatoris,
978 1280 1101 1319 cum
1149 1275 1372 1318 senatus
1404 1264 1765 1332 principibus.
1804 1263 1868 1317 Et
1915 1262 2122 1331 primus

552 1356 770 1420 quidem
809 1354 1080 1417 Barlaam,
1131 1363 1388 1421 tanquam
1424 1370 1588 1422 prava
1622 1353 1861 1409 sentiens
1909 1362 1963 1406 et
2009 1353 2123 1406 elo-

553 1459 749 1512 quens.
794 1455 907 1498 tum
948 1444 1014 1498 de
1062 1443 1423 1498 inaccessibili
1471 1442 1990 1514 Transﬁgurationis
2046 1443 2126 1496 lu-

554 1534 720 1594 miue,
754 1542 865 1586 tum
896 1533 961 1585 de
990 1534 1237 1588 oratione
1267 1535 1352 1587 illa
1380 1551 1393 1587 :
1426 1553 1445 1585 ι
1477 1533 1705 1587 Domine
1729 1533 1855 1588 Iesu
1882 1532 2121 1598 Christe,

555 1625 654 1678 Fili
703 1625 815 1686 Dei,
865 1625 1123 1680 miserere
1177 1624 1369 1691 nostri,
1403 1643 1421 1675 ι
1477 1625 1896 1688 condemnatur,
1946 1635 1999 1676 et
2044 1625 2125 1678 sic

554 1716 851 1771 secundum
881 1731 1123 1771 canones
1154 1718 1219 1770 ad
1249 1716 1625 1770 accusandum
1654 1715 1870 1784 ineptus
1906 1715 2120 1782 iudiea-

557 1818 662 1860 tur.
695 1807 829 1859 Cum
869 1820 992 1860 vero
1035 1806 1218 1860 statim
1255 1821 1355 1860 nos
1397 1806 1448 1859 in
1477 1806 1659 1859 varias
1696 1805 1859 1859 etiam
1901 1813 2122 1859 senten-
2153 1786 2193 1838 Β

557 1898 658 1951 tias
686 1897 1073 1959 divideremur,
1109 1896 1174 1950 de
1199 1895 1445 1961 Palama,
1481 1906 1737 1963 tanquam
1772 1896 1864 1965 qui
1898 1896 2034 1949 forte
2065 1895 2119 1948 in

557 1987 677 2039 aliis
706 2000 917 2038 errasse
941 2000 1157 2053 quoque
1181 1984 1707 2052 deprehenderetur,
1742 1985 1794 2037 in
1828 1985 1928 2038 hoc
1956 1985 2117 2037 etiam

558 2091 743 2129 sai-ras
783 2074 1110 2143 divinosque
1152 2076 1297 2145 leges
1322 2075 1630 2139 audientes,
1657 2090 1779 2145 qum
1815 2075 1931 2129 sine
1960 2089 2121 2127 accu-

558 2178 739 2222 satore
769 2178 821 2221 et
862 2168 1184 2237 probatione
1223 2170 1495 2222 neminem
1528 2171 1894 2223 condemnare
1930 2167 2122 2237 ιιι-ιιξεί-

559 2264 743 2329 piunt,
768 2262 875 2315 alio
902 2261 1067 2314 modo
1095 2275 1207 2315 rem
1237 2276 1356 2315 esse
1387 2262 1727 2331 dirigentium
1756 2263 2121 2317 decrevimus.

557 2353 738 2416 Quare
773 2352 919 2406 illius
958 2366 1185 2406 examen
1232 2352 1286 2406 in
1332 2352 1478 2406 aliud
1514 2361 1728 2418 tempus
1772 2352 2121 2413 distulimus;

562 2459 669 2497 non
697 2444 767 2496 ita
804 2451 1007 2506 tamen,
1038 2450 1096 2496 nt
1124 2443 1213 2498 ille
1250 2444 1385 2497 liber
1414 2452 1581 2507 esset,
1614 2442 1915 2510 iisdemque.
1947 2452 2126 2497 utere-

563 2545 651 2586 tur
675 2552 689 2599 ;
714 2548 891 2601 neque
917 2534 1062 2589 enim
1095 2534 1325 2604 probum
1358 2550 1536 2605 neque
1567 2534 1700 2589 utile
1724 2535 1993 2587 universae
2026 2533 2127 2586 Er-

558 2626 741 2680 eti-sire
768 2628 946 2679 visum
976 2634 1079 2691 est,
1109 2626 1274 2681 licere
1305 2626 1380 2680 illi
1412 2627 1598 2682 eadem
1631 2626 1869 2696 aggredi,
1906 2626 1973 2679 de
2004 2626 2124 2695 qui—

560 2719 659 2773 lms
698 2718 1072 2783 dubitabatur,
1110 2734 1232 2774 cum
1265 2735 1441 2790 neque
1471 2736 1499 2774 a
1540 2719 1843 2774 canonihns
1886 2729 2124 2789 potesta-

557 2823 662 2864 tem
691 2811 990 2865 habuisset.
1020 2811 1162 2865 Solis
1187 2810 1327 2864 enim
1357 2826 1594 2866 canones
1641 2812 1962 2880 prmsulihus
2009 2814 2120 2875 illa,

557 2918 677 2968 quae
710 2900 923 2970 pietatis
949 2910 1099 2966 sunt,
1142 2900 1406 2971 populum
1450 2902 1724 2957 instruere
1758 2903 2078 2972 permittunt
2106 2918 2120 2954 :

555 2995 655 3047 etsi
681 2995 734 3048 in
760 2994 1052 3061 Scriptum
1084 2994 1263 3048 verbis
1294 2993 1669 3049 contr0versia
1698 2995 1964 3063 quaepiam
1997 3003 2121 3047 nata

2225 541 2423 607 pedita:
2464 542 2593 593 sint.
2649 537 2710 590 Et
2740 536 3079 605 gratiae'sint
3126 534 3254 599 Deo,
3297 536 3378 604 qui
3410 538 3543 590 nobis
3568 540 3692 609 impe-

2224 639 2435 684 ratores
2466 630 2818 690 orthodoxos.
2869 637 2921 682 et
2955 626 3209 681 Ecclesiae
3255 640 3625 697 propugnatores
3650 651 3693 689 ac

2223 720 2559 792 defensores,
2611 720 2889 788 elargitur.
2944 719 3146 773 ﬂatum
3197 721 3348 772 etiam
3385 737 3472 774 nos
3512 722 3691 777 divinum

2225 814 2399 866 zelum
2435 823 2489 866 et
2519 813 2770 881 pietatem
2802 812 3229 872 considerantes,
3259 826 3438 865 manus
3458 829 3493 866 s-
3513 818 3692 881 mperarl

2222 904 2394 958 Deum
2436 900 2710 971 supplices
2740 901 3039 956 tendimus.
3079 916 3472 968 precamurqne.
3512 905 3692 969 quietum

2227 994 2336 1047 illis
2363 1003 2413 1046 et
2447 1002 2699 1058 pacatum
2732 992 3021 1060 imperium
3050 990 3115 1043 ad
3151 1006 3317 1045 annos
3352 990 3576 1060 plurimos
3604 1010 3677 1046 ron

2230 1085 2371 1138 cedi.
2406 1086 2696 1153 Reliquum
2729 1083 2915 1153 itaque
2936 1092 3040 1146 est,
3075 1094 3133 1136 ut
3166 1084 3466 1136 verecundia
3488 1095 3530 1136 et
3554 1087 3696 1136 enniu-

2231 1176 2385 1229 sione
2414 1175 2529 1241 ipse
2558 1184 2610 1228 et
2638 1188 2904 1242 sequaces
2929 1181 2982 1226 et
3005 1171 3247 1226 fautores
3276 1182 3325 1225 et
3353 1176 3605 1227 (‘Otlt'ortles
3632 1175 3699 1225 im-

2227 1267 2497 1336 pleantur,
2546 1266 2636 1334 qui
2680 1273 2939 1333 tanquam
2984 1265 3349 1318 venerandum
3383 1264 3628 1331 quidpian,
3665 1280 3699 1315 et

2226 1359 2485 1412 Ecclesia:
2524 1357 2931 1417 necessarium,
2969 1355 3141 1414 illius.
3181 1356 3273 1423 qni
3306 1356 3594 1408 coinrneritis
3616 1370 3696 1421 pr.-

2227 1442 2331 1506 nis,
2354 1453 2407 1496 et
2438 1443 2506 1498 iis
2538 1459 2674 1511 quas
2696 1444 2800 1497 sibi
2827 1444 2927 1512 ipsi
2959 1452 3121 1496 antea
3154 1443 3429 1500 indixerat.
3458 1444 3700 1501 mulctatus,

2226 1544 2279 1589 et
2305 1547 2525 1601 propter
2552 1535 2660 1601 jam
2699 1536 2842 1588 dicta
2876 1537 2927 1587 in
2951 1535 3221 1601 judicium
3248 1543 3451 1587 vocatus
3471 1533 3701 1587 lneratnna

2224 1641 2348 1681 cum
2403 1626 2774 1696 hypopsepbio
2828 1625 3246 1685 Monembasize.
3300 1628 3702 1679 connni-ntariart

2226 1733 2408 1779 voces,
2448 1734 2517 1770 ne
2545 1718 2793 1772 dicamus
2825 1732 3018 1770 recens
3053 1725 3178 1769 nata
3215 1717 3468 1784 dogmata.
3496 1714 3593 1768 aliis
3618 1730 3704 1783 pro-

2224 1819 2455 1878 ponunt.
2493 1808 2788 1861 Damnatus
2812 1816 3072 1873 praeterea
3098 1815 3178 1860 est
3204 1807 3376 1861 dictus
3395 1805 3703 1860 Monernhasie

2226 1900 2630 1971 hypopsephius
2663 1938 2677 1961 ,
2710 1899 2801 1968 qui
2844 1901 3033 1952 eadem
3069 1913 3132 1952 ac
3160 1896 3402 1951 Palanias
3427 1897 3644 1950 sentiebat
3665 1896 3703 1947 iu

2224 1990 2406 2060 pravis
2457 1990 2764 2044 divinorum
2827 1988 3185 2057 Eloquiornm
3236 1988 3631 2056 expositionibus,
3667 1998 3699 2035 el

2225 2083 2367 2152 quod
2384 2068 2471 2136 'ab
2493 2095 2557 2135 eo
2582 2096 2641 2136 se
2665 2080 2996 2150 disiungere.
3025 2091 3082 2135 et
3120 2080 3490 2152 professionem
3537 2080 3702 2147 propria!

2224 2149 2507 2231 sententiae
2540 2185 2596 2230 et
2642 2176 2822 2229 cultus
2860 2149 3082 2229 tradere
3132 2175 3322 2228 nollet.
3372 2149 3700 2230 Verumtamen,

2228 2267 2430 2336 quibus
2463 2265 2516 2319 id
2549 2266 2600 2319 in
2633 2267 2816 2319 animo
2847 2275 2953 2327 est,
2988 2274 3048 2318 ut
3082 2264 3349 2318 malorum
3386 2262 3591 2317 omnium
3637 2276 3706 2313 au-

2224 2358 2395 2411 ctoris
2432 2357 2695 2411 dremouis
2727 2356 2844 2409 telis
2865 2356 3302 2423 irnpenetrabiles
3332 2357 3465 2418 liant,
3488 2354 3608 2407 omni
3627 2360 3707 2404 stu-

2225 2450 2315 2504 dio
2351 2464 2409 2504 se
2443 2462 2770 2517 quacunque
2797 2463 2859 2500 ex
2899 2456 3054 2516 parte
3090 2445 3375 2501 defendere
3404 2444 3598 2498 debent.
3626 2441 3704 2494 llr»

2225 2539 2328 2593 dus
2359 2539 2575 2608 quippe
2610 2539 2757 2592 illius
2794 2546 2898 2600 est,
2934 2547 2988 2591 et
3022 2537 3218 2607 ingens
3256 2545 3525 2601 certamen,
3549 2549 3706 2601 semper

2226 2629 2478 2684 scandala
2534 2639 2782 2683 serentes
2839 2628 2891 2681 in
2944 2626 3194 2683 Ecclesia
3244 2628 3473 2681 homines
3509 2625 3701 2678 excitare.

2228 2721 2333 2776 Sed
2366 2739 2463 2775 vos
2514 2722 2567 2774 in
2614 2720 2944 2789 evangelicis
2990 2728 3045 2774 et
3091 2719 3407 2790 apostolicis
3444 2726 3490 2771 et
3528 2714 3706 2784 paternis

2229 2812 2618 2865 traditionibus
2650 2812 2880 2873 assueti,
2911 2819 2965 2864 et
3002 2811 3234 2873 exculti,
3268 2820 3318 2865 et
3342 2808 3541 2878 legitimi
3568 2805 3705 2858 Eccle-

2181 2919 2193 2931 δ
2225 2902 2319 2955 sine
2345 2902 2459 2964 filii,
2490 2901 2807 2957 omnimoda
2838 2901 2906 2954 ab
2935 2901 3002 2955 iis
3028 2902 3125 2969 qui
3152 2900 3421 2954 Palaniain
3449 2905 3704 2966 sequuntur,

2224 2994 2589 3063 separatione,
2626 2994 2899 3048 immunes
2930 2994 3307 3065 vosmetipsos
3329 3006 3607 3047 conservare
3625 3001 3709 3041 nu-

554 3089 646 3146 sit,
679 3084 1134 3153 quemadmodum
1177 3100 1204 3137 a
1256 3083 1476 3138 deiferis
1512 3083 1765 3138 Patribus
1795 3094 2119 3153 exponatur.
2153 3108 2194 3165 ο
2229 3085 2371 3139 dele.
2433 3083 2567 3149 Quis
2620 3083 2765 3137 enim
2815 3099 3004 3137 eorum
3064 3083 3381 3138 commercii
3430 3090 3477 3135 et
3518 3075 3705 3132 auditorii

558 3174 658 3227 l‘ro
688 3172 910 3242 quibus,
943 3182 1089 3227 torno
1116 3172 1325 3243 digesto
1353 3189 1417 3227 ex
1441 3173 1683 3243 synodali
1707 3175 2002 3239 sententia,
2038 3191 2122 3229 ex-

555 3264 979 3317 ennimnnicatio
1026 3265 1131 3318 lata
1165 3275 1247 3319 est
1277 3281 1290 3329 ;
1317 3280 1425 3334 qua
1470 3264 1559 3320 ille
1604 3266 1869 3334 neglecta,
1918 3268 2118 3319 malum

556 3356 796 3419 adauxit,
828 3356 1149 3424 scriptiones
1179 3372 1368 3412 rursus
1394 3358 1612 3411 easdem
1641 3368 1694 3411 et
1726 3359 2122 3426 disputationes

558 3463 851 3515 usurpans.
892 3464 920 3501 a
947 3448 1168 3517 quibus.
1204 3459 1263 3502 ut
1302 3448 1528 3503 omnino
1558 3448 1871 3515 abstineret,
1901 3449 2114 3519 jussum

557 3537 753 3591 fuerat.
788 3537 1190 3607 Proptereaque
1214 3553 1276 3592 ex
1306 3553 1372 3592 eo
1399 3548 1648 3607 tempore
1680 3538 1733 3592 in
1757 3539 2013 3608 ambiguo
2036 3554 2124 3594 res

556 3632 693 3683 erat,
738 3632 791 3675 et
820 3621 1145 3675 succedente
1180 3628 1419 3689 tempore
1455 3622 1630 3692 magis
1671 3636 1735 3675 ac
1774 3622 1946 3691 magis
1975 3622 2122 3676 circa

557 3714 681 3779 ιιῑοει.
708 3723 814 3765 tem
866 3711 1114 3765 Palamas
1167 3712 1458 3779 ambiguus
1508 3712 1816 3777 videbatur,
1863 3727 1986 3767 cum
2023 3729 2124 3768 nec

559 3805 957 3871 professionem
978 3803 1100 3857 tidei
1119 3803 1419 3872 inscriptis,
1434 3804 1497 3859 ab
1516 3804 1752 3858 Ecclesia
1774 3804 2121 3873 postulatam,

555 3895 856 3950 exhiberet.
880 3892 1160 3959 Quomodo
1177 3894 1359 3962 itaque
1381 3894 1625 3950 resillius
1644 3895 1837 3966 negligi
1853 3902 2124 3963 poterant,

554 3988 682 4039 dum
711 3987 800 4040 ille
830 3985 1168 4055 pervicacius
1198 3986 1483 4041 inhaereret
1518 3988 1822 4056 proposito,
1859 4001 1958 4041 nec
1994 4001 2024 4040 a
2054 3987 2128 4040 si-

557 4076 777 4130 tni‘ihus
803 4076 1212 4130 commentariis
1259 4074 1579 4138 abstineret,
1608 4082 1662 4129 et
1687 4075 1887 4129 multos
1915 4082 2127 4143 pertur-

560 4170 713 4228 bans,
746 4166 811 4219 ad
844 4167 1216 4234 expositiones
1262 4181 1390 4221 suas
1434 4166 1839 4234 amplectendas
1881 4164 2124 4234 compel-

559 4257 712 4319 feret,
748 4256 886 4309 male
909 4257 1073 4310 etiam
1103 4257 1258 4309 Tomi
1288 4257 1550 4309 nonnulla
1587 4264 1911 4323 exponeret.
1943 4268 2124 4327 neque

560 4347 813 4400 Ιοὶοιιιρείκ
843 4360 903 4399 se
927 4345 1272 4399 submitteret
1295 4346 1318 4398 ἲ
1338 4346 1564 4413 ideoque
1587 4361 1694 4399 non
1719 4346 1999 4416 neglectus
2019 4357 2120 4409 est,

2228 3177 2402 3232 usus?
2447 3174 2617 3241 Cujus
2663 3190 2792 3229 vero
2836 3175 3024 3244 gratize
3070 3174 3225 3230 fures
3276 3174 3507 3230 Ecclesiae
3545 3171 3704 3239 quill-nt

2225 3268 2515 3337 imperium
2547 3269 2874 3347 detrectant,
2929 3267 3296 3323 archieratica
3329 3281 3444 3320 vero
3484 3278 3616 3331 opera
3644 3277 3708 3323 ις’

2223 3359 2565 3429 gredinntur,
2596 3369 2897 3428 amantque
2944 3359 3173 3425 docere,
3208 3368 3262 3413 et
3291 3357 3579 3427 persuadere
3610 3368 3703 3405 con.

2225 3449 2476 3511 tendunt,
2505 3448 2647 3503 bona
2684 3464 2806 3503 esse
2835 3464 2957 3515 quae
2992 3448 3062 3503 ab
3097 3449 3236 3519 ipsis
3261 3442 3611 3513 enuntiaptur?
3632 3440 3704 3493 No-

2223 3539 2307 3594 bis
2351 3555 2514 3610 porro
2570 3542 2772 3609 saepius
2824 3555 2920 3595 eos
2971 3540 3319 3612 illacrymare
3358 3537 3571 3606 contigit,
3609 3529 3704 3585 mihi

2224 3630 2446 3691 credite,
2472 3630 2968 3694 considerantibus,
3003 3632 3157 3699 quali
3196 3630 3432 3686 veritatis
3457 3629 3529 3682 via
3553 3625 3704 3679 relicta.

2225 3720 2279 3774 in
2328 3729 2591 3789 quantum
2641 3735 2701 3774 se
2745 3720 3063 3775 barathrum
3114 3720 3501 3790 praecipitarint.
3543 3723 3703 3771 conten.

2225 3810 2360 3864 tioni
2383 3808 2630 3872 obnoxii,
2650 3810 2743 3879 qui
2775 3810 3116 3880 negligentes
3147 3810 3200 3863 in
3234 3807 3581 3879 tranquillitate
3598 3799 3705 3871 cogi-

2225 3900 2493 3954 tationum
2529 3900 3007 3970 gubernationem.
3049 3900 3183 3955 licet
3218 3900 3443 3954 tumultu
3477 3909 3603 3952 suum
3621 3907 3703 3951 cor.

2226 3990 2464 4045 tumultu
2499 4005 2656 4045 suam
2696 3990 2933 4044 animam
2964 3989 3245 4059 oppletam
3278 3988 3547 4049 obtineant,
3571 3981 3707 4036 odiose

2225 4091 2388 4151 atque
2408 4082 2775 4147 contentiose,
2804 4081 2946 4150 quod
2980 4081 3083 4150 ipsi
3113 4088 3435 4151 proponunt,
3456 4074 3707 4132 conﬁrmare

2224 4181 2496 4243 satagunt,
2548 4186 2648 4226 nec
2684 4171 2813 4225 illud
2866 4172 3053 4227 animo
3084 4187 3283 4241 capere
3323 4178 3546 4241 possunt,
3576 4175 3706 4230 neque

2227 4263 2455 4333 probum
2493 4278 2667 4333 neque
2710 4263 2915 4329 justum
2945 4279 3090 4326 esse,
3138 4263 3358 4318 Patrum
3393 4259 3613 4315 terminos
3646 4251 3706 4304 di-

2227 4372 2465 4422 movere,
2493 4367 2547 4412 et
2576 4356 2874 4417 adversari.
2907 4365 2960 4410 et
2992 4370 3103 4410 non
3137 4355 3333 4411 cedere
3359 4366 3518 4421 neque
3543 4342 3706 4399 obedire

558 4440 650 4493 sed
672 4450 723 4490 ut
745 4438 1013 4492 sententia
1033 4447 1085 4489 et
1100 4439 1300 4507 pietate
1315 4438 1712 4507 ambiguum,et
1730 4438 2123 4507 professionem
2158 4438 2201 4493 D
2228 4448 2484 4504 Ecclesia
2509 4448 2561 4502 in
2592 4447 2657 4503 iis
2686 4462 2807 4516 qua:
2834 4447 2903 4501 ab
2931 4447 3044 4516 ipsa
3074 4447 3246 4516 probe
3275 4454 3329 4501 et
3367 4439 3622 4498 secundum
3641 4448 3703 4485 σει·

552 4529 815 4596 scriptam
846 4526 1057 4581 tradere
1090 4536 1409 4582 renuentem
1433 4566 1448 4591 ,
1476 4539 1537 4582 ut
1564 4528 1901 4597 pervicacem
1932 4538 1985 4583 et
2022 4528 2125 4583 Ec-

559 4620 744 4674 clcsizn
779 4619 873 4674 Dei
908 4617 1068 4673 subdi
1105 4618 1372 4682 nescium,
1418 4626 1477 4671 ut
1508 4620 1773 4674 tumultus
1804 4628 1859 4674 et
1901 4629 2127 4674 conten-

560 4711 725 4764 tionis
765 4709 1101 4780 potissimam
1133 4724 1380 4773 causam,
1411 4717 1472 4763 ut
1519 4723 1784 4762 novorum
1816 4708 2128 4778 peregrino-

559 4819 791 4872 rnmque
816 4802 1131 4873 dogmatnm
1164 4811 1517 4868 assertorem,
1551 4801 1642 4855 Dei
1675 4800 1918 4855 Ecclesia
1949 4799 2123 4854 virum

558 4910 587 4949 a
616 4910 672 4947 se
697 4896 811 4961 ipsa
834 4893 1193 4963 proscripsit;
1215 4892 1363 4961 juste
1384 4893 1669 4961 equidem,
1710 4905 1971 4947 novorum
1996 4891 2129 4961 dog-

559 4994 763 5057 inatum
793 4993 1071 5048 auctores,
1103 4983 1212 5037 imo
1239 4983 1291 5036 in
1319 4981 1454 5037 alias
1483 4992 1647 5053 atque
1671 4981 1802 5036 alias
1824 4981 2126 5037 sententias

560 5077 760 5146 scripta
798 5076 1054 5131 Ecclesiae
1076 5070 1484 5144 detorquentes,
1517 5074 1847 5128 contumelia
1894 5066 2147 5142 probro-'

559 5184 665 5239 que
698 5166 956 5230 alliciens,
984 5176 1037 5220 et
1066 5165 1167 5221 sibi
1201 5166 1307 5236 ipsi
1338 5166 1390 5218 in
1432 5164 1746 5233 apostolicis
1788 5173 1842 5218 et
1883 5166 2125 5232 paternis

561 5260 945 5314 traditionibus
978 5258 1304 5322 profundam
1342 5256 1790 5326 tranquillitatem
1821 5271 1884 5308 ac
1916 5246 2167 5311 stabili--

559 5359 722 5407 tatem
754 5364 1073 5421 procurans.
1126 5348 1199 5401 De
1234 5363 1337 5418 qua
1381 5360 1574 5418 magna
1617 5357 1667 5401 et
1698 5348 1889 5418 ingens
1919 5348 2125 5404 solliei-

560 5441 691 5495 tndo
724 5442 1021 5502 invaserat,
1064 5455 1093 5493 a
1126 5438 1233 5494 Deo
1257 5432 1581 5493 coronatanf
1606 5438 2039 5509 potentissimam
2070 5449 2126 5495 et

565 5542 808 5587 sanctam
863 5547 1037 5586 meam
1099 5531 1404 5592 dominam.
1462 5538 1518 5585 et
1570 5546 1601 5585 a
1655 5530 1765 5587 Deo
1816 5522 2004 5587 datum
2061 5546 2126 5587 ac

568 5621 769 5675 mundo
802 5622 1220 5677 desiderabilem
1260 5621 1406 5676 illius
1458 5625 1763 5685 surculum,
1802 5621 2123 5691 potentissi-

570 5724 714 5762 nnnn
748 5721 800 5765 et
830 5724 1079 5768 sanctum
1112 5730 1291 5771 meum
1330 5714 1707 5781 imperatorem
1737 5729 1750 5777 ;
1786 5722 1841 5767 ut
1873 5723 1926 5767 et
1957 5727 2122 5768 vene-

2228 4554 2400 4596 nones
2443 4539 2630 4594 divina
2664 4537 2837 4609 gratia
2880 4536 3100 4592 decreta
3140 4545 3309 4602 sunt;
3340 4534 3426 4591 sed
3465 4545 3513 4589 et
3541 4529 3702 4583 liberta-

2227 4641 2359 4692 tein,
2392 4645 2456 4684 ac
2492 4631 2541 4686 si
2580 4630 2665 4685 sui
2689 4638 2872 4685 essent
2895 4616 3061 4700 juris.
3104 4636 3375 4699 usurpant
3396 4639 3507 4696 qure
3537 4620 3590 4673 ad
3611 4615 3703 4670 alios

2226 4724 2524 4794 pertinent,
2557 4722 2661 4791 ipsi
2700 4720 3068 4777 inverecunde
3099 4729 3414 4792 operantur,
3447 4724 3495 4771 et
3521 4725 3619 4769 cum
3645 4706 3701 4760 la-

2227 4814 2486 4870 cullatem
2539 4814 2746 4867 nullam
2798 4814 3058 4877 habeant,
3116 4814 3409 4869 monachos
3454 4802 3701 4862 detondenl.

2226 4905 2391 4976 idque
2421 4905 2585 4959 etiam
2623 4905 2676 4958 in
2705 4904 2958 4973 juvenem
2992 4905 3250 4970 nobilem,
3285 4901 3458 4958 multis
3482 4895 3700 4968 pcllectuut

2225 4998 2532 5060 fraudibus,
2566 5011 2673 5049 non
2722 4996 2843 5051 sine
2891 4996 3119 5049 audacia
3167 4996 3530 5064 praestiterunt.
3559 4983 3621 5038 Ab
3644 4977 3701 5029 bis

2226 5089 2409 5157 itaque
2439 5096 2553 5140 toto
2586 5102 2681 5141 vos
2718 5086 2900 5141 animo
2941 5094 3235 5148 seinovete,
3263 5068 3696 5155 orthodoxislﬁcdf'

2226 5182 2318 5235 sic
2341 5178 2688 5247 dogmatibus
2709 5176 3069 5233 adhaerentes.
3091 5178 3224 5231 Cum
3250 5176 3419 5241 itaque
3434 5160 3692 5237 propter?“

2225 5274 2403 5328 dictas
2436 5286 2634 5327 causas
2667 5271 3006 5340 proscriptus
3036 5270 3106 5325 sit
3137 5268 3205 5322 ab
3233 5262 3457 5319 Ecclesia
3492 5257 3693 5342 Ριιαιιιιςι

2225 5364 2416 5420 eodem
2450 5378 2514 5418 ac
2564 5362 2653 5417 ille
2701 5361 2862 5416 modo
2913 5358 3200 5431 proscripti
3250 5364 3370 5411 sunt
3412 5360 3591 5405 omnes,
3630 5349 3695 5403 ‘1'“

2225 5471 2378 5526 a‘que
2409 5470 2471 5509 ac
2499 5455 2590 5509 ille
2621 5453 2905 5518 sentiunt;
2940 5452 3136 5522 quippe
3168 5449 3276 5503 illis
3306 5443 3541 5501 credunt;
3569 5438 3697 5526 nonne

2224 5522 2306 5602 esi
2329 5547 2599 5602 similibus
2618 5562 2742 5617 pars
2761 5547 2866 5601 ulla
2887 5547 3001 5600 sive
3028 5544 3317 5603 limi-editas,
3335 5532 3493 5607 quoad

2227 5638 2552 5691 seritentiam
2588 5645 2888 5692 sectantur.
2912 5635 3168 5706 Separatc
3201 5632 3374 5698 itaque
3398 5638 3484 5678 vos
3507 5619 3562 5669 ab
3585 5619 3690 5665 i5ll5~

2228 5731 2482 5788 Ecclesiae
2515 5729 2830 5785 obcdientcs
2852 5771 2866 5795 ,
2903 5729 3300 5799 acquiesccntcs
3329 5711 3695 5789 perseverantes-
