3884 6204
497 385 607 451 ⁸303

1697 379 2076 443 ΒΕῑὋΒΕϐ(

2179 383 2238 442 :o
2279 382 2584 444 PALAMA
2763 368 2784 372 “
3597 391 3678 452 9m

500 503 674 556 ταῦτα
739 500 1022 570 δεξάμενοι
1071 497 1437 568 ἀπεριέργως.
1490 498 1570 550 Td:
1615 499 1726 570 γὰρ
1772 499 1880 552 τῶν
1910 499 2076 567 ἁγίων

2187 508 2310 568 post
2339 499 2569 552 Tomum
2602 498 2805 552 editum
2833 497 3326 554 circumferuntur?
3376 500 3543 554 Conati
3580 519 3681 558 sint

497 597 610 655 τοῖς
643 594 814 660 ἀγίως
851 593 948 658 μὲν
973 592 1065 643 καὶ
1111 590 1353 653 εὐσεϐῶς
1392 592 1574 644 νοοῦσι
1610 593 1706 644 καὶ
1755 592 2070 661 δεχομένοις

497 687 616 754 φῶς
650 687 798 737 ἐστιν
851 683 1107 752 ἀληθείας
1141 684 1279 754 πρὸς
1315 684 1408 738 τὸν
1449 684 1607 748 Θεὸν,
1642 688 1754 748 τοῖς
1783 685 1826 737 δ’
1868 686 2072 754 ἑτέρως

494 781 714 846 ἐλεγχος
751 777 845 828 καὶ
875 777 1218 846 κατάκριμα.
1252 776 1398 846 Πλὴν
1420 778 1541 830 οὐδὲ
1573 777 2074 848 ίσχυρογνωμονοῦ-

499 887 618 938 μεν,
653 870 706 922 ετ
741 887 793 922 τι
827 869 921 923 καὶ
955 870 1042 922 ἐπ’
1096 871 1279 933 αὐτοῖς
1317 874 1428 932 τοῖς
1463 873 1636 939 ἁγίων
1676 874 1857 941 ῥητοῖς
1897 873 2073 922 εἰπεῖν

495 961 608 1030 ἔχει
635 979 740 1026 τις,
775 961 935 1014 ἆτινα
985 963 1175 1026 ἁπλῶς
1212 965 1308 1015 καὶ
1344 964 1719 1028 ἀνεξετάστως
1769 961 2074 1031 ἐδεξάμεθα

493 1055 568 1114 ὼς
611 1053 802 1120 ἁγίων.
843 1054 940 1106 Ἐν
971 1055 1079 1124 γάρ
1115 1056 1262 1108 ἐστιν
1313 1057 1445 1125 ἡμῖν
1491 1057 1552 1108 τὸ
1585 1055 1946 1125 ζητούμενον,
1985 1053 2075 1107 ἴνα

494 1149 561 1216 τῇ
627 1146 924 1219 Ἐκκλησίᾳ
969 1147 1103 1200 Θεοῦ
1147 1147 1215 1201 τὰ
1268 1150 1444 1202 οἰκεῖα
1500 1149 1749 1219 δόγματα.
1792 1149 2074 1218 ἀκραιφνῆ

421 1263 426 1267 ~
492 1240 822 1310 ὖιατηρηθῇ,
859 1242 956 1295 καὶ⁸
989 1239 1171 1304 καθὼς
1199 1243 1359 1310 ἡμεῖς
1396 1245 1452 1296 ὲν
1478 1243 1686 1307 τούτοις
1717 1242 2072 1310 διεδεξὰμεοα

494 1332 686 1400 αὐτὴν,
713 1331 856 1386 οὕτω
889 1334 982 1387 καὶ
1022 1334 1157 1401 πρὸς
1196 1335 1322 1394 τοὺς
1367 1334 1483 1402 μεθ’
1514 1337 1660 1404 ἡμᾶς
1696 1334 2071 1403 παραπέμψω-

501 1443 621 1493 μεν,
656 1426 834 1494 ἀμιγῆ
888 1425 1091 1488 παντὸς
1133 1426 1291 1478 νόθου
1341 1429 1435 1479 καὶ
1488 1427 1727 1496 ἐκφύλου
1783 1428 2078 1496 δόγματος.

495 1520 568 1570 Οὐ
617 1517 721 1588 μὴν
746 1517 884 1570 ἀλλά
919 1519 1074 1586 καὶὴ
1111 1520 1253 1570 κατά
1296 1517 1391 1570 τοῦ
1425 1518 1740 1587 ὑποψηφίου
1780 1519 2079 1586 Μονεμϐα-

499 1611 622 1673 σίας
676 1610 928 1680 συνοδικὴ
985 1609 1182 1679 πρᾶξις
1239 1611 1467 1680 ἀρκέσει
1539 1613 1652 1672 τοῖς
1709 1609 2078 1676 ὲνδοιάζουσι,

493 1705 722 1758 κάκεῖνοι
755 1703 892 1773 μετὰ
925 1705 1033 1757 τῶν
1078 1702 1254 1758 ἄλλων
1285 1702 1392 1755 τῶν
1437 1704 1528 1755 ἐπὶ
1562 1704 1627 1774 τῇ
1662 1701 1932 1773 καταδίκῃ
1969 1703 2078 1753 αὺ-

495 1795 586 1848 τοῦ
623 1797 898 1864 φέρουσα,
933 1795 1013 1847 ὅτι
1066 1793 1293 1855 δύσνους
1327 1794 1458 1863 περὶ
1512 1792 1574 1846 τὸ
1617 1793 1888 1862 βασίλειον
1942 1791 2078 1862 ὕψος

494 1891 840 1958 πεφώραται,
874 1887 968 1939 καὶ
999 1887 1080 1940 ὅτι
1114 1887 1295 1955 χαίρει
1328 1886 1424 1939 καὶ
1460 1885 1784 1954 πρόσκειται
1819 1888 1953 1949 τοῖς,
1993 1882 2074 1947 οἷς

494 1979 809 2050 δογματίζει
845 1981 872 2032 ὁ
898 1980 1165 2048 Παλαμᾶς
1200 1979 1336 2047 μετὰ
1362 1979 1459 2046 τὴν
1500 1977 1597 2030 τοῦ
1645 1979 1824 2048 Τόμου
1858 1978 2075 2030 ἔκθεσιν

494 2072 588 2124 καὶ
617 2073 714 2140 τὴν
756 2071 822 2124 δι’
854 2069 1019 2122 αὑτοῦ
1068 2070 1212 2122 καιτά
1261 2068 1371 2122 τῶν
1420 2069 1680 2122 τοιούτων
1730 2070 2071 2139 ἐπιτίμησιν.

495 2164 853 2218 ql’atr-iarehae
881 2144 945 2218 de
972 2161 1163 2216 Tomo.
1191 2163 1370 2216 Palam
1403 2171 1483 2216 est
1516 2177 1577 2217 ex
1606 2163 1721 2231 ipso
1752 2163 1942 2224 Tomo,
1973 2163 2074 2216 nisi

491 2258 613 2324 quis
634 2271 696 2308 ex
736 2255 935 2309 invidia
970 2265 1133 2324 atque
1169 2253 1295 2308 odio
1324 2270 1413 2309 res
1448 2254 1753 2322 dijudicar'c
1813 2255 1962 2316 velit,
2005 2254 2073 2308 dc

493 2349 709 2401 duobus
734 2357 913 2400 tamen
951 2347 1217 2414 capitulis
1285 2346 1555 2413 judicium
1617 2356 1797 2399 actum
1857 2361 1981 2399 esse
2021 2355 2074 2398 et

492 2439 1039 2504 determinatibncm;
1084 2439 1150 2492 de
1178 2437 1362 2490 divino
1401 2437 1609 2491 lumine
1637 2436 1689 2490 in
1721 2444 1901 2489 moute
1931 2434 2076 2488 Tha-

493 2531 669 2594 borio,
704 2541 755 2583 et
783 2529 850 2583 de
885 2529 1157 2589 oratione,
1197 2531 1256 2582 ut
1281 2527 1420 2581 infra
1453 2542 1832 2595 exponemus;
1889 2535 1944 2580 et
1975 2541 2073 2595 pro

491 2622 708 2675 duobus
733 2621 881 2675 hisce
911 2619 1165 2689 capitulis
1217 2619 1664 2680 condemnatum,
1727 2619 2074 2686 ejectumque

499 2713 869 2776 Barlaamum,
911 2725 1209 2780 pinnasque
1237 2710 1292 2763 in
1317 2709 1490 2764 Τοιηο
1510 2709 1812 2778 appositas,
1865 2710 1928 2762 ad
1981 2715 2074 2762 de-

495 2804 797 2856 fensionem
851 2804 1248 2856 monachorum
1305 2797 1375 2854 ob
1421 2801 1533 2855 haec.
1563 2803 1670 2854 duo
1729 2799 2074 2852 solummodo

490 2893 676 2958 capita
720 2893 951 2947 indictas
972 2906 1112 2945 esse.
1140 2890 1296 2944 Nunc
1330 2906 1457 2945 vero
1508 2891 1694 2954 audio,
1745 2890 2074 2944 contendere

490 2983 812 3053 cosjudicio
842 2997 901 3037 se
929 2982 1210 3036 absolutos
1249 2981 1418 3035 fuisse
1445 2981 1510 3036 de
1551 2981 1832 3043 omnibus,
1869 2997 1988 3049 qua:
2023 2991 2073 3032 et

492 3085 618 3128 ante
653 3081 705 3126 et
738 3082 922 3142 postea
977 3072 1353 3126 decreverant.
1387 3070 1498 3124 Hoc
1527 3087 1722 3139 purum
1774 3082 1958 3139 putum
1993 3081 2074 3125 est

2175 591 2338 646 etiam
2402 591 2698 646 secundam
2754 593 3026 662 synodum
3092 608 3278 662 cogere
3335 599 3426 647 sub
3476 609 3677 661 prmlettu

2175 683 2467 754 Aciudyni,
2528 684 2776 738 szeculari
2843 694 3111 754 potestate
3144 684 3362 747 sut'tuhi,
3391 696 3437 737 et
3466 701 3679 740 convene-

2176 785 2304 830 runt
2350 777 2402 830 in
2457 777 2864 831 catechumenia
2925 777 3162 831 caelestis
3223 779 3393 845 templi
3435 777 3512 832 Dei
3563 779 3679 835 ιἐτιιι

2179 867 2473 937 Sapientiae
2505 870 2784 939 pr-zesules,
2811 879 2863 922 et
2909 879 3131 922 senatus
3185 883 3278 937 pro
3319 869 3410 922 hac
3438 885 3489 922 re
3533 880 3681 936 pra-tr

2178 959 2511 1012 voluntatem
2565 970 2828 1024 nostraru,
2888 960 2961 1012 ita
3027 960 3133 1012 illis
3165 959 3679 1028 procurantibuszst-d

2180 1050 2329 1105 nullo
2382 1051 2542 1105 modo
2583 1052 2633 1104 id
2665 1060 2747 1106 est
2777 1067 2807 1105 a
2860 1053 3016 1105 nobis
3047 1052 3398 1121 permissum:
3456 1063 3548 1104 tum
3574 1057 3681 1120 qu.d

2180 1158 2357 1212 neque
2391 1145 2541 1212 prius
2561 1158 2738 1212 neque
2771 1143 3040 1212 posterius
3069 1160 3242 1213 neque
3272 1160 3484 1212 unquam
3509 1149 3682 1198 Omnino

2181 1247 2562 1315 consensus’et
2588 1239 2842 1293 voluntas
2875 1251 3062 1292 noszra
3098 1239 3281 1302 fuerit,
3331 1242 3612 1309 quaestiones
3635 1247 3683 1298 de

2181 1329 2524 1398 dogmatibus
2569 1331 2774 1385 moveri
2808 1333 2860 1385 in
2905 1333 3150 1387 ECelesia
3213 1332 3322 1392 llei,
3365 1344 3551 1403 promer
3593 1353 3685 1404 quze

2183 1423 2306 1477 inde
2339 1433 2646 1492 sequuntur
2673 1424 2990 1478 discrimina
3023 1433 3078 1477 et
3138 1425 3396 1492 pericula;
3453 1437 3546 1479 tum
3575 1429 3683 1494 quod

2187 1516 2634 1581 intellexerimus,
2675 1532 2798 1570 eum
2840 1518 2932 1586 qui
2975 1518 3038 1569 ad
3077 1519 3179 1570 hoc
3223 1519 3415 1572 act-itus
3445 1520 3607 1584 fuerat,
3649 1531 3686 1572 rt

2187 1609 2240 1661 in
2279 1623 2376 1662 nos
2416 1610 3015 1674 seseinsinuabat,'sibi
3052 1612 3343 1672 vindicare.
3368 1613 3450 1680 qui
3497 1613 3600 1666 inde
3621 1631 3686 1664 or-

2187 1706 2276 1751 tus
2317 1697 2528 1764 fuisset,
2562 1698 2849 1762 honorem,
2905 1701 3050 1769 quod
3094 1702 3504 1756 imminutionem
3555 1703 3687 1773 imp».

2190 1791 2340 1845 rialis
2371 1792 2556 1860 gloriae
2613 1807 2675 1846 ac
2733 1793 3032 1860 maiestatis
3085 1795 3470 1862 judicabamus.
3505 1797 3686 1862 Ideoque

2110 1866 2150 1918 Β
2181 1898 2309 1939 rem.
2329 1898 2436 1937 non
2473 1883 2825 1949 admisimus,
2849 1889 2941 1940 sed
2971 1889 3171 1954 objam
3199 1887 3362 1941 dictas
3379 1889 3499 1941 duas
3535 1904 3638 1942 caus
3665 1907 3684 1942 ε

2179 1986 2406 2033 conatus
2437 1975 2578 2028 illius
2609 1978 2990 2044 repressimus.
3045 1977 3342 2033 Postulavit
3388 1995 3500 2034 vero
3539 1981 3684 2032 deinde

2177 2077 2230 2121 et
2257 2067 2539 2136 compulit,
2594 2077 2654 2122 ut
2691 2069 2955 2137 scriptum
3012 2073 3076 2124 c'e
3126 2070 3191 2123 iis
3240 2088 3352 2139 qua-
3408 2071 3536 2138 prius
3575 2071 3683 2123 dcta

2179 2162 2747 2234 fuerantnmonachis
2798 2165 3242 2229 concederemus,
3290 2176 3341 2220 et
3380 2179 3556 2218 merent
3594 2181 3684 2234 ges-

2177 2255 2372 2311 simus.
2409 2256 2586 2322 Quare
2615 2258 2793 2311 editus
2830 2267 2914 2312 est
2941 2268 3148 2322 tomus,
3175 2260 3374 2312 nullum
3403 2259 3529 2312 aliud
3549 2274 3682 2326 neque

2178 2350 2504 2417 principium
2539 2365 2709 2418 neque
2763 2336 2922 2403 linem
2971 2351 3200 2416 habens,
3262 2353 3353 2405 nisi
3389 2362 3566 2406 tantum
3603 2350 3684 2404 duo

2177 2441 2289 2504 illa,
2321 2457 2440 2510 quae
2475 2442 2526 2494 iu
2555 2457 2621 2496 eo
2664 2443 3034 2506 continentur,
3097 2445 3298 2514 capiti,
3326 2445 3472 2497 .livini
3512 2444 3681 2511 inquam

2178 2532 2697 2602 Trausliguratiouis
2726 2535 2966 2598 luruinis,
2997 2544 3050 2588 et
3074 2537 3359 2598 orationis,
3394 2546 3446 2589 ut
3485 2535 3577 2604 jam
3620 2537 3683 2586 di-

2179 2627 2378 2680 ximus.
2408 2626 2478 2680 De
2502 2627 2698 2696 quibus
2723 2629 2992 2696 capitibus
3024 2639 3077 2683 el
3097 2631 3240 2684 dicta
3262 2630 3464 2683 Patrum
3490 2631 3681 2698 apposita

2177 2727 2326 2780 sunt,
2361 2718 2506 2770 nulla
2555 2718 2738 2772 addita
2773 2735 2948 2790 neque
2997 2722 3340 2790 exrrositione
3373 2736 3524 2790 neque
3565 2737 3684 2772 enar-

2179 2811 2408 2872 ratione,
2447 2820 2702 2878 tanquam
2759 2826 2879 2880 quae
2933 2822 3256 2866 sanctorum
3303 2811 3432 2865 dicta
3491 2811 3594 2871 sint,
3643 2818 3682 2860 et

2177 2911 2363 2956 sancte
2387 2902 2661 2956 enuntiata
2692 2917 2754 2956 ac
2790 2903 3058 2956 intellecta
3123 2905 3192 2957 ab
3238 2904 3301 2958 iis
3333 2906 3416 2974 qui
3447 2905 3518 2973 pie
3541 2919 3589 2956 ea
3613 2917 3683 2954 ex-

2177 2995 2406 3064 cipiunt.
2455 2997 2590 3048 Cum
2625 2996 2807 3064 itaque
2837 2996 2890 3049 iu
2918 2995 3004 3050 his
3037 2995 3259 3051 duobus
3283 2997 3527 3066 capitibus
3544 3008 3680 3048 causa

2179 3085 2300 3140 finis
2331 3087 2616 3154 impositus
2653 3087 2868 3148 fuisset,
2915 3103 3016 3140 nos
3069 3088 3310 3158 quietem
3349 3088 3567 3142 Ecclesia:
3615 3084 3682 3138 Dei

496 3165 840 3218 mendacium
883 3174 936 3217 et
978 3164 1274 3218 calumnia.
1313 3163 1560 3229 Quanam
1627 3175 1806 3218 autem
1860 3164 2070 3217 ratione
2100 3207 2143 3264 Ε
2179 3188 2557 3246 procurantes,
2589 3179 2931 3247 gravioribus
2958 3180 3142 3248 ρωηῖε
3178 3180 3556 3238 obstringam,
3602 3189 3681 3228 ιιιηι

491 3272 590 3310 eos
622 3255 918 3310 defendere
969 3267 1023 3308 et
1066 3270 1407 3323 propugnare
1459 3269 1784 3310 conarentur
1851 3269 1947 3323 pro
1983 3253 2070 3316 iis,

492 3363 617 3414 qum
673 3345 914 3400 nondum
955 3354 1111 3398 erant
1167 3345 1452 3399 enuntiata
1505 3346 1559 3398 in
1617 3345 1846 3414 synodo,
1899 3360 2076 3412 neque

489 3438 841 3492 exaruinata?
871 3436 1004 3489 Nam
1042 3437 1096 3488 in
1130 3436 1379 3505 synodali
1439 3436 1506 3490 de
1545 3436 1646 3489 hac
1694 3451 1750 3490 re
1799 3437 2072 3502 examine,

491 3533 546 3585 in
579 3546 688 3600 quo
735 3530 1128 3584 celeberrimus
1163 3540 1216 3583 et
1253 3529 1425 3582 beata:
1456 3528 1732 3581 memoria:
1785 3529 2077 3596 imperator

494 3640 592 3677 sua
629 3629 909 3691 prwsentia
947 3622 1118 3674 voluit.
1170 3628 1540 3691 propugnator
1592 3636 1735 3687 esse,
1773 3632 1936 3689 atque
1981 3622 2077 3679 ad:

493 3727 716 3769 vocatus
742 3713 993 3766 Ecelesrte
1015 3714 1127 3774 Dei,
1161 3723 1418 3780 tauquam
1451 3721 1726 3766 rectorum
1759 3713 2072 3781 dogmatum

494 3815 618 3859 ante
643 3805 778 3858 alios
805 3815 1043 3858 sectatur
1074 3814 1126 3858 et
1157 3805 1467 3874 piissimus,
1507 3807 1710 3859 missus
1749 3814 1835 3859 est
1863 3805 2079 3859 Barlaa-

499 3912 642 3960 mus,
674 3905 732 3947 ut
773 3897 986 3964 publice
1023 3897 1089 3949 de
1166 3894 1451 3948 monachis
1503 3895 1741 3950 ediceret
1791 3911 1852 3950 ea
1893 3897 2076 3950 omnia

492 4002 725 4054 quorum
763 3986 979 4040 eosdem
1015 3985 1375 4040 insimulabat
1409 4003 1424 4043 :
1462 3985 1550 4039 ille
1593 3988 1756 4041 aliam
1796 3987 2077 4055 ingressus

492 4079 658 4139 viam,
688 4077 1046 4146 proponebat,
1088 4091 1209 4145 qua:
1232 4076 1333 4129 sibi
1361 4076 1714 4139 adhibebant,
1743 4077 1807 4130 de
1843 4077 2077 4145 dogma-

495 4172 641 4225 tibus
670 4171 1028 4238 quzestiones,
1060 4183 1201 4236 quas
1235 4169 1336 4222 sibi
1371 4169 1504 4222 solvi
1540 4185 1581 4222 a-
1607 4170 1761 4222 nobis
1798 4169 2076 4237 poscebat,

494 4262 585 4327 qui
629 4259 898 4326 repulsam
929 4273 1148 4326 passus,
1187 4274 1291 4311 non
1327 4269 1533 4311 tantum
1561 4259 1699 4326 ipse,
1747 4263 1840 4314 sed
1897 4269 1952 4313 et
1991 4260 2080 4314 hic

496 4353 612 4418 ipse
657 4350 932 4411 Palamas,
964 4348 1357 4416 inbibitusque,
1392 4364 1456 4401 ne
1484 4349 1550 4403 de
1584 4349 1931 4419 dogmatibus
1969 4351 2080 4406 dis-

490 4450 718 4496 sereret,
753 4440 929 4490 allatis
960 4438 1223 4505 lectisque
1248 4437 1313 4490 de
1343 4439 1444 4491 hoc
1474 4454 1540 4492 ex
1570 4441 1740 4493 sacris
1773 4440 2081 4510 divinisque

2176 3271 2386 3338 eosqui
2422 3271 2473 3324 in
2521 3281 2795 3340 posterum
2842 3264 3148 3328 menaclros
3202 3288 3449 3328 act-usare
3500 3272 3683 3324 niteren-

2178 3366 2285 3422 tur,
2321 3369 2431 3412 tum
2463 3374 2556 3413 eos
2582 3359 2670 3428 qui
2698 3360 2780 3412 vel
2806 3375 2899 3414 ore
2925 3361 3006 3414 vel
3041 3363 3254 3432 scripto
3295 3363 3358 3417 de
3406 3358 3682 3430 dogmatibus

2177 3448 2380 3516 aliquid
2413 3449 2781 3503 tradidissent.
2829 3449 2893 3502 lli
2925 3465 3076 3514 vero,
3139 3462 3197 3505 ut
3249 3469 3341 3506 nos
3389 3452 3615 3509 audiruus,
3650 3444 3683 3500 si

2177 3542 2302 3608 quis
2331 3556 2414 3602 ea,
2448 3556 2569 3610 quae
2598 3541 2693 3602 ipsi
2718 3558 2839 3595 cum
2901 3542 3194 3597 Barlaamu
3233 3548 3542 3598 decertantes
3585 3541 3683 3593 scr-

2177 3642 2424 3702 pscrurrt,
2452 3644 2504 3686 et
2561 3635 2758 3702 saepius
2827 3637 3130 3703 perquisita
3193 3637 3584 3695 absconduntur,
3614 3645 3684 3684 nec

2179 3724 2580 3792 producuntur,
2615 3739 2676 3778 ea
2711 3739 2952 3792 quoque.
2975 3743 3099 3795 quae
3155 3727 3232 3781 illi
3263 3737 3435 3796 postea
3469 3727 3682 3785 dixerunt,

2179 3822 2272 3867 aut
2299 3815 2660 3883 scripserunt,
2692 3817 3012 3870 adversatus
3041 3816 3227 3882 fuerit,
3254 3831 3305 3873 et
3343 3834 3428 3873 eos
3459 3814 3685 3885 reprelien-

2179 3906 2338 3968 derit,
2369 3905 2434 3960 ad
2464 3905 2620 3959 Tomi
2649 3906 2912 3977 judicium
2941 3909 3292 3976 confugiunt,
3321 3917 3370 3962 et
3401 3921 3563 3976 poenas
3592 3917 3684 3972 pm-

2180 4007 2406 4062 ponrrnt,
2440 4011 2499 4050 ac
2520 3996 2562 4050 si
2597 3997 2710 4050 lucc
2743 3996 2857 4066 ipsa
2893 3996 3044 4066 prius
3095 3999 3165 4051 ab
3205 3998 3390 4051 iisdem
3429 3993 3685 4062 composita,

2176 4095 2382 4155 et“,qu;e
2421 4103 2567 4142 nunc
2613 4101 2890 4157 exponunt
2924 4099 2979 4143 et
3039 4090 3342 4160 publicant,
3401 4089 3449 4140 in
3494 4083 3688 4140 examine

2180 4178 2424 4247 synodali
2466 4183 2741 4248 proposita
2799 4179 3029 4234 fuissent
3063 4182 3255 4251 :ipsos
3315 4195 3431 4232 vero
3469 4172 3687 4248 prohiberi

2180 4271 2248 4324 ab
2281 4271 2472 4324 iisdem
2501 4272 2676 4340 poenis
2709 4271 2911 4329 similia
2965 4273 3172 4343 eloqui,
3221 4286 3274 4328 et
3329 4273 3509 4325 talibus
3556 4264 3688 4336 panis

2184 4362 2300 4417 fleri
2325 4364 2612 4428 obnoxios,
2667 4373 2924 4434 tanquam
2987 4366 3382 4430 inobedientes,
3435 4365 3494 4418 de
3538 4359 3688 4429 quibus

2183 4470 2357 4522 neque
2381 4456 2552 4524 prius,
2589 4471 2762 4526 neque
2782 4472 2950 4520 nunc,
2976 4473 3153 4521 neque
3181 4459 3332 4527 ipsis,
3355 4471 3514 4525 neque
3544 4463 3685 4503 eorm"

490 4529 816 4588 canonibus,
848 4542 1191 4596 quaecunque
1254 4527 1392 4580 lecta
1433 4529 1743 4583 sunt.Cum
1798 4546 1926 4586 vero
1985 4549 2076 4587 nec

2189 4549 2684 4618 prepuguatoribus
2731 4564 2876 4603 curae
2910 4549 3034 4603 fuit.
3069 4550 3182 4603 Nos
3211 4567 3359 4619 ergo,
3387 4546 3687 4619 postTomurn

495 4619 647 4670 hisce
669 4619 884 4672 cederet
915 4617 1259 4680 Barlaarnus,
1307 4632 1371 4671 ex
1432 4619 1606 4688 ipsius
1651 4619 2075 4676 Commentariis

494 4710 655 4762 allata
685 4719 735 4763 et
762 4710 894 4763 lecta
945 4719 1096 4771 sunt,
1174 4727 1293 4779 qua:
1344 4712 1410 4764 de
1450 4709 1654 4765 lumine
1728 4725 1782 4766 et
1829 4717 2077 4768 oratione

495 4803 897 4871 pelli-artabat;
945 4813 998 4855 et
1035 4803 1138 4857 hac
1166 4819 1264 4856 sua
1320 4802 1624 4872 scriptione
1679 4805 2075 4861 condemnatus

493 4905 600 4955 est,
647 4893 699 4946 in
727 4910 911 4948 errore
936 4895 1332 4962 deprehensus,
1367 4903 1420 4946 et
1452 4895 1663 4948 veniam
1697 4897 1866 4964 petiit.
1901 4897 2078 4952 Lecta:

495 4982 644 5036 fuere
673 5000 888 5052 quoque
941 4985 1117 5036 oratio
1154 4984 1330 5038 sancti
1355 4983 1585 5039 Joannis
1626 4985 1983 5053 Damasceni,
2025 4997 2078 5042 et

495 5077 671 5129 oratio
691 5057 1137 5130 'saueti'Andrea:
1167 5075 1495 5142 Cretensis;
1541 5092 1678 5144 quas
1713 5078 1784 5131 illi
1819 5081 1870 5131 in
1898 5079 2080 5132 Domi-

499 5169 673 5220 lllt‘ﬂfl]
704 5182 817 5220 saw
842 5178 906 5220 tae
928 5168 1130 5219 Christi
1157 5165 1676 5237 Transligurationis
1707 5171 2077 5226 celebritatem

495 5269 946 5329 composuerunt.
1002 5259 1186 5326 Neque
1220 5259 1344 5312 inde
1399 5269 1582 5327 postea
1615 5276 1940 5315 concessum
1999 5275 2082 5317 est

498 5353 597 5412 illi,
635 5362 692 5404 ut
741 5349 946 5419 aliquid
981 5353 1246 5404 adversus
1287 5351 1592 5406 monachos
1647 5354 1874 5406 diteret.
1911 5355 1982 5407 De
2016 5355 2081 5410 iis

499 5445 682 5511 itaque
715 5459 809 5509 pro
843 5444 1040 5511 quibus
1087 5458 1266 5512 neque
1291 5458 1412 5496 eum
1443 5455 1814 5499 accusatorem
1854 5447 2081 5512 admisi-

501 5550 845 5602 mus,neque
876 5535 980 5602 ipsi
1032 5537 1456 5602 responsionem
1508 5535 1743 5604 aliquam
1795 5537 2081 5601 dederunt,

501 5623 777 5689 quomodo
868 5626 1235 5679 universalem
1319 5626 1718 5679 absolutionem
1799 5630 2081 5683 consecuti

501 5723 725 5773 sunt,ct
754 5715 1094 5788 potissimum
1133 5717 1197 5770 de
1227 5718 1293 5771 iis
1345 5733 1464 5785 qute
1525 5726 1778 5786 tanquam
1826 5720 2082 5790 dogmata

497 5802 870 5874 protulerunt,
907 5807 1195 5862 Barlaamo
1224 5809 1524 5878 contraria,
1559 5810 1619 5865 de
1645 5809 1711 5865 iis
1741 5812 1927 5876 etiam,
1962 5827 2083 5882 quae

2181 4639 2522 4706 expeditum,
2564 4641 2891 4708 scriptiones
2916 4650 2970 4694 et
2993 4641 3377 4710 responsiones
3431 4640 3489 4691 de
3515 4639 3687 4700 dogma’

2180 4730 2325 4784 tibus
2340 4730 2573 4784 Palaruae
2603 4746 2726 4784 cum
2756 4732 3108 4796 vidissemus,
3140 4734 3225 4784 vix
3261 4732 3432 4787 induci
3453 4730 3686 4798 potuimus.

2183 4832 2240 4876 ut
2282 4823 2438 4875 [idem
2467 4823 2870 4878 adhiberemus.
2903 4824 3083 4890 Quare
3127 4825 3371 4895 pluribus
3405 4821 3556 4874 modis
3598 4829 3685 4865 eum

2182 4912 2246 4964 ad
2281 4927 2381 4966 nos
2419 4914 2740 4978 acciviruus,
2767 4925 2847 4978 ut,
2905 4916 2949 4970 si
2987 4917 3115 4982 quid
3164 4916 3267 4971 tale
3323 4914 3576 4969 aeriderat.
3622 4911 3682 4954 at"

2183 5005 2384 5059 factum
2448 5005 2644 5068 fuerat,
2708 5021 3031 5066 curaremus
3081 5018 3135 5061 et
3187 5007 3569 5074 corrigerenurs.
3621 4993 3685 5044 llic

2182 5113 2289 5152 non
2344 5101 2764 5166 obtemperavit,
2809 5101 2918 5165 ised
2986 5101 3240 5154 mandata
3291 5093 3586 5150 detrectavit.
3639 5083 3681 5136 l'l

2184 5208 2312 5245 vero
2338 5194 2493 5247 nobis
2523 5195 2776 5257 innotuit,
2803 5194 2874 5246 ita
2901 5194 3087 5246 eodem
3124 5192 3399 5251 referente,
3431 5181 3679 5239 necessilétlt‘

2184 5297 2454 5350 coactura,
2491 5297 2544 5338 ut
2571 5289 2685 5356 ipse
2709 5289 2908 5350 aiebat,
2936 5299 2988 5340 et
3015 5287 3159 5354 loqui
3185 5295 3236 5338 et
3271 5283 3487 5336 scribere
3505 5278 3570 5330 si»
3593 5270 3676 5324 ili..;

2184 5387 2257 5442 et,
2290 5379 2333 5431 si
2385 5379 2802 5433 accusatoribus
2861 5379 3136 5433 silentium
3197 5378 3552 5445 imponeretur,
3597 5364 3677 5427 ίιιεε

2185 5485 2401 5539 quoque
2432 5470 2704 5524 scribendi
2745 5470 3109 5539 loquendique
3162 5470 3312 5520 tinem
3377 5464 3576 5516 faceret;
3613 5465 3676 5500 ³ί““

2185 5561 2509 5615 οοτδίνὶηὶυε
2549 5577 2687 5630 quos
2721 5565 2834 5632 ipse
2864 5572 3240 5632 proposuerat,
3284 5568 3332 5610 et
3356 5547 3676 5620 jmperarimus

2188 5654 2346 5722 ipsis,
2384 5669 2723 5723 qumcunque
2759 5657 2915 5709 nobis
2943 5657 3051 5707 visa
3087 5663 3212 5705 sunt
3241 5667 3254 5702 :
3284 5657 3330 5701 et
3363 5638 3671 5697 obediveruut,

2187 5744 2564 5814 dederuntquc
2591 5744 3008 5813 proersioucm',
3041 5745 3113 5798 uti
3146 5742 3447 5812 postulatum
3507 5731 3671 5782 fut-nu;

2188 5848 2294 5900 qua
2317 5834 2473 5890 facile
2497 5836 2740 5906 dignosci
2764 5846 2962 5906 potest,
2996 5846 3121 5907 qum
3171 5833 3266 5902 ipsi
3317 5843 3401 5884 sua
3437 5815 3670 5892 εἰ¹⁰ῖ¹³ί⁰¹¹⁶
