3956 6194
283 362 386 424 9οΞ

1430 356 1531 418 GR
1544 358 1873 419 .‘ECURUM
1919 358 2060 418 SEN
2069 355 2385 417 TENTUE.

3356 233 3403 255 Ι

3435 353 3536 418 906

283 476 671 547 promiserant.
710 477 787 528 An
816 482 1097 544 pr0pterea
1126 470 1286 525 etiam
1330 470 1511 540 aliquo
1534 472 1696 525 modo
1726 486 1849 526 sua-
1888 472 1930 526 A
1960 470 2072 522 lmo
2111 469 2370 521 adversus
2401 463 2784 519 Monembasia:
2816 460 3259 531 Hypopsephium
3292 462 3532 531 synoda-

278 569 395 621 deri
448 566 549 620 sibi
600 581 795 635 passus
849 574 928 621 est
972 563 1261 618 Palatuas?
1316 561 1693 632 Nequaquam.
1752 562 1857 615 Sed

278 658 447 721 idem,
476 656 568 726 qui
626 655 778 725 prius
846 663 984 719 erat,
1026 652 1360 723 permansit;
1412 665 1586 719 neque
1642 651 1706 702 ad
1762 663 1862 702 nos

277 750 538 805 accedere
592 748 781 810 voluit,
842 748 965 803 licet
1018 746 1341 808 accersitus,
1399 759 1574 813 neque
1636 743 1703 797 de
1754 744 1859 795 do-

277 844 556 914 gmatibus
591 840 894 895 disserendi
924 839 1084 893 ﬁnem
1130 838 1307 893 facere
1344 854 1358 901 ;
1419 838 1672 892 detentus
1735 851 1863 889 vero

273 950 338 988 ea
362 936 594 997 ratione,
624 948 729 1002 qua
760 932 874 985 ﬁeri
909 929 1107 1000 potuit,
1133 944 1233 983 nec
1256 928 1328 983 ita
1366 927 1594 997 quievit.
1638 926 1732 981 sed
1766 925 1862 979 ad-

278 1022 388 1077 huc
428 1021 601 1089 magis
628 1035 691 1074 ac
720 1019 891 1087 magis
923 1018 1174 1087 proprias
1205 1016 1505 1073 sententias
1534 1014 1865 1085 promulgat-

277 1115 346 1169 de
374 1114 555 1183 ptenis
583 1112 687 1167 sibi
720 1111 984 1180 injunctis
1017 1125 1208 1179 parum
1247 1109 1623 1169 sollicitus,‘ut
1645 1122 1710 1160 ex
1744 1122 1866 1160 om-

278 1206 439 1259 nilms
477 1204 718 1274 conspici
753 1202 1043 1272 colligique
1075 1208 1250 1268 potest
1273 1215 1301 1253 a
1331 1200 1572 1253 veritatis
1604 1207 1866 1264 amatore,

280 1312 308 1350 a
336 1296 633 1365 principio,
670 1296 903 1364 propria:
943 1292 1230 1348 electionis
1252 1302 1305 1346 et
1340 1291 1582 1346 audacia:
1608 1300 1661 1344 et
1679 1299 1869 1344 contu-

285 1386 471 1440 maciaa
505 1388 777 1450 morbum,
811 1377 1093 1439 Palatnam
1126 1385 1177 1437 in
1214 1383 1410 1440 similia
1433 1384 1699 1437 excitasse
1741 1396 1865 1435 cum

285 1477 468 1531 omnia
518 1476 602 1530 vir
648 1480 873 1541 audeat,
903 1475 995 1544 qui
1048 1476 1245 1530 nedum
1286 1474 1610 1531 sententiam
1651 1488 1869 1542 permu-

284 1570 437 1632 tarit,
484 1571 577 1624 sed
609 1569 890 1623 mordicus
922 1567 1025 1622 sibi
1058 1566 1191 1622 visis
1213 1566 1517 1630 adhaerens,
1542 1565 1605 1620 ad
1630 1568 1865 1635 seipsum

285 1660 612 1727 compellere
673 1660 1004 1729 trabereque
1065 1667 1299 1713 conatur
1356 1671 1716 1727 quoscunque
1768 1657 1869 1711 hac

286 1768 383 1807 sua
414 1754 673 1821 Opinione
710 1752 949 1806 irretitos
976 1750 1439 1805 animadverterit.
1486 1750 1559 1804 De
1619 1765 1728 1818 quo
1795 1748 1870 1801 nil

288 1842 491 1896 mirum
530 1851 635 1904 est,
678 1842 722 1896 si
760 1842 926 1895 homo
957 1843 1081 1896 talis
1116 1842 1454 1911 pervicacia,
1479 1842 1596 1897 sine
1635 1841 1747 1895 ullo
1778 1855 1864 1893 re-

285 1935 490 1996 medio,
524 1935 994 1999 perseveretzsed
1043 1949 1294 2004 magnum
1361 1943 1414 1987 et
1478 1932 1590 1989 fere
1648 1938 1862 1987 ostento

286 2039 397 2078 non
425 2024 707 2088 dissimile,
740 2024 783 2077 si
814 2025 961 2092 quis,
1017 2025 1189 2079 donec
1221 2023 1309 2079 ille
1360 2024 1433 2077 ita
1464 2023 1649 2085 sentit,
1704 2038 1861 2093 opem

288 2112 433 2167 ferre
488 2114 737 2179 voluerit,
794 2129 1122 2183 unaqucac
1186 2112 1275 2168 ille
1324 2114 1547 2175 sentire,
1607 2112 1863 2167 Ecclesia

291 2203 384 2257 Dei
418 2204 733 2258 adversans.
768 2202 878 2257 Nos
903 2204 1070 2267 enim,
1113 2214 1233 2257 utut
1263 2218 1322 2258 se
1352 2202 1608 2264 habeant,
1637 2218 1757 2270 quae
1795 2203 1863 2256 ab

285 2298 478 2353 eodem
509 2312 633 2351 cum
666 2296 953 2351 Barlaamo
986 2298 1301 2351 decertante
1333 2303 1458 2349 ante
1480 2294 1711 2349 Tomum
1735 2308 1864 2348 con-

288 2390 497 2460 scripta
527 2388 761 2455 fuerant,
791 2396 845 2444 et
876 2396 998 2459 post
1026 2387 1283 2453 Tomum,
1333 2395 1528 2456 prteter
1551 2386 1664 2456 jam
1720 2384 1864 2439 dicta

286 2484 404 2539 duo
426 2483 604 2551 capita
648 2482 981 2544 examinata,
1009 2495 1189 2550 neque
1218 2480 1471 2534 volumus
1498 2492 1669 2547 neque
1694 2476 1864 2533 susti-

284 2590 488 2630 nemus
522 2574 731 2637 audire,
783 2571 875 2627 sed
926 2570 1137 2625 abunde
1190 2570 1348 2624 nobis
1391 2567 1666 2624 suﬁiciunt
1720 2567 1865 2622 dicta

281 2665 536 2729 Patrum,
570 2675 629 2719 ut
654 2672 927 2729 tenentur,
980 2662 1124 2717 etab
1164 2660 1412 2715 Ecclesia
1457 2658 1550 2713 Dei
1584 2673 1863 2727 exponun-

284 2766 405 2822 tur,
431 2757 723 2812 schismata
765 2752 1004 2817 reveriti,
1047 2752 1229 2822 qualia
1283 2752 1335 2805 in
1378 2749 1650 2805 similibus
1714 2749 1865 2803 nasci

280 2855 684 2903 consuescunt.
714 2843 958 2898 Breviter
978 2857 1106 2912 ergo
1139 2857 1239 2896 nos
1291 2841 1647 2910 exposuimus
1711 2853 1865 2893 sum-

283 2953 441 2995 mam
476 2940 530 2993 in
562 2939 666 2993 hac
692 2936 943 2993 veritatis
974 2950 1139 2991 causa
1168 2934 1235 2989 de
1271 2932 1485 2989 duobus
1518 2932 1868 2988 solummodo

282 3032 588 3102 capitibus,
613 3031 790 3099 neede
813 3028 923 3082 ullo
949 3028 1057 3083 alio
1085 3025 1345 3089 svnodale
1372 3040 1601 3080 examen
1628 3024 1869 3089 ﬁnitum,

1967 562 2034 615 lis
2070 559 2209 614 actio
2236 557 2621 612 haesitantibus
2663 558 2793 611 satis
2830 556 3008 617 fuetit,
3038 555 3125 608 illa
3154 557 3315 610 etiam
3347 568 3540 625 przeter

1969 651 2070 703 alia
2099 652 2151 703 in
2184 649 2632 702 eondemnatione
2661 645 2973 715 prrefcrens,
3042 645 3314 713 majestati
3366 648 3537 716 impe-

1970 743 2086 797 riali
2122 741 2392 796 infensum
2420 740 2611 803 fuisse,
2643 747 2696 792 et
2730 740 2966 807 gaudere
2998 746 3050 791 et
3099 738 3538 794 addictissimum

1969 848 2087 887 esse
2114 833 2392 887 sententiis
2424 831 2648 885 Palaune
2671 842 2791 899 post
2821 829 3051 883 Tomum
3075 830 3304 894 editum,
3336 840 3389 885 et
3422 848 3540 901 poe—

1972 943 2069 984 nas
2101 943 2193 997 per
2214 943 2335 980 eum
2366 934 2549 980 contra
2587 926 2751 980 hosce
2793 924 3113 993 publicatos.
3144 943 3160 973 ι
3197 922 3312 991 His,
3348 934 3405 977 ut
3429 924 3543 993 jam
3624 934 3631 941 '

1971 1019 2141 1081 vides,
2183 1018 2371 1082 lector,
2422 1018 2736 1071 Batlztamus
2766 1017 3159 1071 condemnatus
3186 1015 3447 1072 asscritur
3481 1020 3546 1072 tle

1971 1109 2184 1163 duobus
2215 1110 2505 1178 capitibus.
2544 1108 2791 1161 Palantas
2824 1107 3109 1162 absolutus
3142 1122 3245 1162 non
3278 1116 3381 1171 est,
3431 1118 3541 1162 tum

1975 1200 2253 1253 Barlaamo
2302 1210 2414 1253 tum
2466 1199 2701 1253 Palrnnte
2746 1199 3020 1253 silentium
3091 1201 3156 1253 de
3202 1200 3546 1271 dogmatibus

1974 1291 2294 1359 imponitur.
2327 1292 2723 1345 Contlcmnatio
2754 1291 2842 1345 illa
2874 1292 3148 1361 quomodo
3176 1308 3232 1347 se
3270 1293 3545 1358 habuerit,

1974 1400 2077 1437 non
2112 1385 2298 1453 liquet.
2349 1385 2487 1449 Quid
2520 1400 2647 1451 ergo
2674 1384 2830 1438 nobis
2867 1385 3284 1439 Cantacuzenus
3340 1396 3447 1439 tam
3480 1389 3547 1440 do

1975 1477 2255 1531 Barlaamo
2278 1493 2437 1547 quam
2469 1478 2535 1531 de
2577 1478 2792 1531 Palama
2840 1478 2974 1532 adeo
3002 1479 3211 1532 diversa
3284 1481 3545 1533 obtrudit.

1976 1568 2311 1639 Nicepltorus
2346 1568 2637 1637 Gregoras,
2672 1570 2920 1624 oculatus
2972 1571 3137 1623 etiam
3208 1571 3322 1638 ipse
3372 1572 3546 1631 testis,

1976 1659 2163 1722 refert,
2191 1660 2256 1712 de
2278 1661 2527 1727 dOgmate
2554 1661 2684 1713 nihil
2722 1671 2901 1715 actum
2934 1677 3076 1724 esse,
3109 1659 3177 1714 ob
3208 1664 3547 1729 praesentiam

1979 1753 2242 1820 imperitae
2270 1752 2667 1819 multitudinis;
2719 1763 2853 1818 tum,
2904 1768 2970 1807 ne
3001 1753 3288 1822 theologia:
3346 1766 3549 1824 myste-

1979 1844 2056 1896 ria
2081 1842 2327 1912 profanis
2367 1844 2510 1913 vulgi
2547 1845 2774 1898 auribus
2833 1846 3254 1914 ingerereutur;
3302 1856 3439 1907 tum,
3486 1864 3550 1899 ne

1970 1931 2241 1993 Palatnas,
2265 1941 2459 1987 contra
2489 1932 2802 2002 disputante
2842 1934 3152 1991 Barlaamo.
3214 1935 3549 2003 bla~phenne

1971 2028 2233 2080 doctrinm
2263 2025 2719 2090 convinceretur;
2750 2026 3017 2097 synodum
3074 2042 3223 2083 vero.
3267 2027 3446 2079 lumen
3496 2028 3546 2077 iu

1969 2114 2261 2175 Thaborio,
2313 2117 2639 2177 increatuni,
2674 2128 2726 2169 et
2749 2117 2925 2186 ipsum
2956 2120 3201 2170 naturale
3233 2116 3322 2169 Dei
3364 2118 3548 2170 lumen

1968 2204 2158 2268 fuisse,
2184 2206 2398 2259 dilheile
2421 2207 2660 2260 adducor
2683 2217 2739 2260 ut
2761 2209 2999 2270 credant,
3054 2208 3378 2269 decrevisse,
3428 2223 3550 2261 cum

1968 2295 2165 2350 falsum
2185 2297 2407 2349 omnino
2430 2298 2780 2351 decrevisset.
2801 2298 3071 2366 Quidquid
3098 2298 3239 2351 enim
3259 2296 3553 2352 adversarii

1968 2397 2237 2451 asserant,
2269 2387 2412 2457 quod
2438 2390 2718 2457 corporeis
2750 2389 2924 2444 oculis
2964 2389 3198 2453 videtur,
3252 2389 3551 2443 inereatum

1966 2494 2074 2532 non
2093 2489 2205 2534 est:
2228 2478 2409 2533 lumen
2429 2476 2763 2533 Tbaborium
2785 2480 3065 2549 corporeis
3084 2478 3257 2533 oculis
3273 2494 3302 2531 a
3320 2477 3559 2548 diseipu‘

1970 2572 2035 2625 lis
2059 2572 2235 2627 visum
2266 2583 2381 2628 est:
2408 2585 2545 2638 tum,
2568 2573 2831 2644 quidquid
2862 2574 3135 2641 corporeis
3155 2574 3328 2627 oculis
3347 2573 3505 2650 videt:
3532 2586 3558 2622 r

1969 2672 2209 2720 creatum
2227 2675 2331 2732 est,
2357 2668 2536 2719 lumen
2556 2665 2887 2720 Tbaborium
2912 2666 3089 2721 visum
3123 2674 3224 2731 est,
3252 2682 3379 2736 ergo
3405 2683 3559 2721 cna-

1974 2768 2087 2814 tum
2111 2767 2212 2821 est,
2248 2767 2302 2813 et
2330 2759 2477 2812 nullo
2507 2761 2665 2814 modo
2695 2760 3019 2814 iucreatum.
3056 2758 3216 2813 Plura
3244 2759 3559 2814 Philotbens

1971 2851 2306 2920 patriarcha,
2337 2860 2391 2906 et
2426 2851 2604 2905 aliide
2632 2853 2732 2905 hoc
2760 2850 2986 2914 lumine,
3042 2866 3139 2919 pro
3169 2850 3401 2905 Palam-.e
3437 2866 3561 2905 sen-

1979 2940 2169 3005 tentia,
2196 2941 2361 2997 editis
2387 2941 2549 2996 etiam
2596 2941 2769 3004 libris,
2800 2940 3173 2995 disseruerunt
3202 2958 3215 2993 :
3247 2942 3342 2997 sed
3388 2957 3562 3010 neque

1976 3033 2135 3088 dictis
2158 3033 2497 3102 argumentis
2527 3032 2859 3102 respondent
2885 3051 2900 3099 ;
2929 3033 3258 3103 ﬁrmumque
3289 3043 3342 3089 et
3372 3034 3563 3089 incon-

281 3135 349 3183 ει
390 3135 609 3196 propter
638 3124 755 3178 haec
788 3122 903 3179 sola
938 3123 1171 3193 ejectum
1201 3122 1627 3189 damnatumque
1673 3118 1872 3174 absur-
1904 3129 1947 3187 ο
1980 3138 2198 3179 cussum
2225 3132 2350 3178 stat.
2378 3124 2655 3193 Quidquid
2683 3134 2785 3189 eat,
2829 3132 2919 3177 aut
2952 3125 3089 3180 Deus
3140 3134 3242 3191 est,
3287 3135 3381 3180 aut
3409 3140 3509 3179 cret
3538 3156 3564 3167 -

285 3218 592 3272 dissimum
626 3215 998 3279 Barlaamum,
1023 3223 1077 3268 et
1117 3221 1324 3267 tantam
1370 3227 1590 3282 ptenam
1616 3212 1689 3265 illi
1742 3227 1773 3265 a
1798 3210 1873 3265 De

283 3309 541 3363 Ecclesia
578 3307 839 3361 inllietam
898 3306 1090 3361 fuisse.
1122 3307 1234 3360 Hos
1274 3317 1455 3359 autem
1480 3313 1533 3359 et
1570 3305 1706 3359 alios
1744 3319 1871 3359 cum

283 3400 661 3466 vehementia,
685 3398 1077 3469 increpatione,
1128 3407 1184 3453 et
1208 3398 1527 3453 austeritate
1580 3398 1874 3468 spirituali,

286 3493 700 3563 impedivimus,
729 3507 797 3547 ne
822 3491 953 3561 quid
990 3489 1214 3545 omnino
1240 3498 1539 3555 moverent,
1568 3499 1663 3544 aut
1692 3489 1877 3561 loque-

285 3597 486 3644 rentur
514 3588 581 3642 de
601 3585 967 3656 dogmatibus,
1002 3594 1056 3639 et
1076 3583 1267 3637 turbas
1324 3595 1389 3637 ac
1425 3581 1717 3646 tumultus,
1776 3598 1878 3638 nec

285 3696 402 3736 non
430 3680 729 3735 schismata
761 3676 854 3732 Dei
886 3676 1143 3731 Ecclesiae
1169 3674 1562 3739 conciliarent;
1604 3684 1658 3730 et
1686 3689 1875 3731 eorum

284 3786 418 3841 qua:
452 3772 603 3840 prius
624 3771 688 3823 ab
707 3769 861 3839 ipsis,
896 3768 1025 3823 dum
1058 3783 1184 3824 cum
1207 3769 1491 3823 Barlaamo
1515 3768 1877 3838 diSputarent,

284 3870 605 3929 autgpostea
643 3861 1108 3929 conscripserunt,
1141 3858 1352 3912 nullum
1395 3872 1623 3912 examen
1674 3857 1877 3912 factum

288 3952 473 4005 fuisse
525 3949 847 4005 asserimus.
900 3948 1015 4002 lmo
1071 3948 1262 4002 sedulo
1329 3947 1531 4003 similia
1580 3948 1879 4016 postulata,

290 4054 516 4097 tantum
548 4040 741 4107 abfuit,
768 4051 828 4095 ut
862 4040 1058 4095 tradita
1088 4040 1313 4106 fuerint,
1344 4048 1406 4094 ut
1428 4040 1591 4094 etiam
1623 4052 1746 4109 post
1771 4038 1879 4092 To-

296 4152 458 4190 mum
497 4135 600 4188 alia
630 4134 992 4188 inverecunde
1040 4132 1375 4189 sanciverint
1412 4140 1466 4185 et
1512 4131 1881 4187 decreverint.

290 4227 455 4281 Dicta
505 4242 671 4296 porro
721 4224 942 4280 Patrum
998 4241 1104 4280 non
1157 4224 1459 4279 adulterata
1503 4223 1569 4278 ad
1611 4223 1879 4277 dictorum

288 4325 534 4376 duorum
554 4320 796 4389 capitum
822 4319 1135 4372 ﬁrmitatem
1167 4318 1375 4387 absque
1403 4317 1510 4372 ulla
1534 4319 1884 4372 enarratione

291 4426 343 4470 et
384 4413 732 4483 expositione
749 4411 1044 4480 amplexati
1070 4426 1284 4465 sumus.
1315 4408 1471 4475 Quod
1504 4411 1548 4464 si
1576 4412 1699 4481 quis
1723 4427 1783 4465 ea
1813 4412 1878 4465 ad

293 4506 583 4574 proprium
622 4517 845 4571 sc0pum
890 4502 1165 4555 attrahete
1220 4501 1470 4564 voluerit,
1529 4513 1582 4554 et
1624 4501 1881 4569 interpre-

292 4599 429 4663 tari,
465 4607 518 4650 et
547 4610 713 4665 super
746 4593 850 4649 illis
877 4593 1101 4659 ﬁrmari,
1130 4593 1361 4661 aliisque
1419 4595 1487 4647 de
1536 4594 1734 4663 quibus
1803 4592 1884 4645 di-

292 4700 452 4745 ctum
507 4697 612 4751 est,
665 4704 773 4742 non
822 4697 1109 4757 prepterea
1163 4688 1391 4741 omnino
1440 4686 1567 4739 mali
1626 4682 1882 4739 censendi

292 4794 451 4851 sunt,
483 4783 575 4853 qui
606 4798 668 4838 ea
697 4786 770 4838 ita
810 4786 929 4839 sine
979 4785 1085 4838 alio
1114 4784 1367 4837 examine
1410 4793 1759 4853 acceperunt.
1796 4783 1886 4838 Di-

290 4888 383 4934 cta
420 4880 568 4934 enim
601 4890 916 4933 sanctorum
949 4878 1015 4932 iis
1045 4879 1139 4948 qui
1172 4887 1359 4932 sancte
1416 4887 1471 4931 et
1532 4878 1621 4945 pie
1685 4877 1887 4931 intelli-

294 4978 436 5038 gunt
461 4977 519 5022 et
562 4968 976 5033 exosculantur,
1027 4968 1211 5022 lumen
1266 4977 1395 5020 sunt
1453 4968 1697 5022 veritatis
1754 4981 1881 5037 erga

296 5059 477 5115 Deum
505 5077 519 5127 ;
557 5060 647 5129 qui
672 5059 779 5113 alio
813 5059 976 5114 modo
1007 5060 1303 5129 accipiunt,
1334 5058 1402 5114 iis
1437 5069 1563 5113 sunt
1588 5059 1881 5128 reprehen-

293 5153 385 5205 sio
416 5161 469 5206 et
490 5155 896 5208 condemnatio.
924 5150 1033 5205 Nec
1066 5153 1229 5205 etiam
1288 5151 1561 5205 obstinate
1618 5152 1880 5221 prohibe-

296 5257 451 5307 mus,
479 5257 545 5295 ne
573 5257 736 5312 super
761 5241 893 5311 ipsis
931 5251 1248 5296 sanctorum
1292 5241 1455 5295 dictls
1489 5240 1696 5311 aliquid
1728 5241 1883 5311 quis-

294 5335 449 5403 piam
476 5333 645 5399 dicat,
674 5349 794 5404 qum
828 5334 1149 5404 simpliciter
1170 5344 1221 5387 et
1244 5333 1359 5387 sine
1383 5334 1587 5403 pravio
1615 5336 1884 5400 examine,

297 5436 564 5495 tanquam
631 5437 970 5489 sanctorum,
1037 5427 1438 5496 amplectimur.
1498 5424 1683 5481 Unum
1741 5430 1885 5483 enim

295 5525 409 5579 est,
445 5517 585 5584 quod
614 5532 643 5569 a
681 5517 839 5572 nobis
868 5527 1220 5586 procuratur,
1258 5518 1357 5573 Dei.
1379 5519 1635 5575 Ecclesiae
1663 5521 1884 5590 propria

296 5610 561 5674 dOgmata
593 5620 739 5664 sarta
768 5620 909 5665 tecta
937 5612 1273 5676 conservari,
1307 5620 1382 5676 et,
1423 5612 1883 5681 quemadmodum

298 5716 408 5753 nos
442 5715 557 5753 eam
592 5704 925 5771 accepimus,
976 5705 1046 5756 ita
1079 5712 1132 5757 et
1182 5704 1246 5758 ad
1311 5713 1559 5773 posteros
1617 5707 1686 5759 ab
1736 5706 1882 5761 omni

300 5790 576 5846 adulterio
606 5805 658 5848 et
692 5796 866 5849 alieno
882 5797 1131 5867 dogmate
1156 5798 1451 5852 immunem
1484 5798 1874 5855 transmittere.

626 5895 892 5953 l'ATttuL.
938 5897 1054 5956 Gn.
1114 5894 1227 5961 CL,

1980 3224 2138 3281 tura;
2169 3215 2213 3269 si
2234 3212 2399 3279 Deus,
2427 3229 2562 3284 ergo
2587 3229 2692 3269 non
2715 3214 3045 3284 conspicitur
3061 3216 3233 3269 oculis
3251 3216 3562 3285 corporeis:

1979 3308 2024 3363 si
2054 3318 2325 3371 creatura,
2362 3324 2466 3361 non
2506 3322 2635 3377 ergo
2680 3309 3002 3363 inereatum.
3036 3306 3101 3362 Et
3140 3310 3285 3363 dicta
3319 3309 3561 3375 Patrum,

1981 3417 2103 3472 qua:
2127 3416 2222 3469 pro
2259 3402 2493 3455 Palatinae
2538 3402 2795 3471 Opinione
2853 3402 3251 3472 agglomerant.
3306 3403 3556 3458 Barlaam

1983 3495 2161 3564 potius
2212 3493 2537 3549 sententiam
2575 3494 2816 3559 ﬁrmare,
2845 3494 3106 3549 latissime
3160 3495 3351 3563 probat
3399 3494 3565 3548 Joan-

1982 3602 2078 3641 nes
2101 3586 2489 3657 Cyparissiata,
2525 3601 2647 3656 cap.
2674 3585 2707 3639 4
2738 3594 2792 3640 et
2816 3584 2849 3639 5
2883 3585 3112 3640 Decadis
3142 3593 3329 3641 sextae.
3366 3586 3567 3653 Quem-

1981 3679 2272 3732 admodum
2306 3695 2367 3731 ex
2395 3678 2499 3731 alia
2556 3685 2707 3745 parte
2738 3674 3012 3747 Josephus
3048 3676 3373 3745 Btyennius,
3422 3687 3563 3731 orat.

1982 3768 2048 3822 de
2074 3765 2572 3837 Transliguratione
2602 3765 2839 3828 Domini,
2869 3766 3185 3821 eorumdctu
3245 3767 3403 3822 dictis
3460 3766 3562 3819 Pa-

1982 3858 2140 3912 lamae
2163 3859 2485 3913 sententiam
2518 3857 2861 3912 corroborat.
2918 3856 3059 3922 Quid
3115 3871 3244 3926 ergo
3277 3857 3564 3911 dicendum

1983 3950 2105 4005 est?
2133 3951 2394 4005 Patresne
2452 3950 2553 4003 sibi
2604 3949 2835 4003 invicem
2905 3949 3174 4002 contraria
3240 3947 3569 4002 tradidisse?

1981 4044 2361 4114 Nequaquam.
2390 4042 2593 4109 Quare,
2637 4044 2712 4098 uti
2743 4043 2793 4096 itt
2822 4042 2988 4097 rebus
3024 4043 3165 4107 aliis,
3219 4043 3293 4096 ita
3352 4040 3405 4094 in
3464 4040 3567 4095 hac

1981 4151 2221 4205 quoque,
2266 4136 2435 4189 inedia
2460 4135 2544 4187 via
2570 4133 3024 4205 progrediendum
3063 4144 3167 4195 est,
3199 4150 3263 4187 ne
3289 4150 3317 4187 a
3341 4135 3569 4188 veritate

1983 4232 2324 4282 aberremus.
2389 4227 2441 4282 Id
2471 4245 2593 4283 cum
2655 4244 2766 4283 non
2826 4229 3059 4285 assecuti
3112 4227 3345 4283 fuissent
3391 4243 3568 4297 neque

1983 4321 2501 4392 Barlaamusuequc
2534 4323 2802 4387 Palatnas,
2843 4322 2896 4377 in
2931 4323 3109 4378 varios
3163 4338 3379 4378 errores
3432 4322 3570 4393 lapsi

1986 4424 2132 4466 sunt.
2163 4411 2535 4484 Erroritaque
2564 4415 2749 4478 fuerit,
2793 4432 3057 4481 asserere,
3122 4415 3303 4471 lumen
3355 4417 3481 4471 illttd
3515 4420 3569 4472 in

1988 4514 2170 4559 monte
2193 4504 2466 4561 Thaborio
2498 4524 2604 4563 non
2636 4508 2805 4564 fuisse
2848 4511 3067 4564 doitatis
3118 4511 3260 4565 ill.us
3312 4511 3567 4580 gloriam,

1984 4610 2037 4653 et
2067 4602 2248 4656 lumen
2281 4608 2587 4673 proprium,
2632 4608 2926 4677 lumenque
2978 4613 3046 4663 ab
3097 4613 3333 4665 essentia
3385 4614 3570 4668 divina

1985 4705 2270 4760 emanans,
2320 4696 2462 4763 quod
2490 4713 2654 4751 unum
2683 4709 2736 4752 et
2786 4700 2923 4754 idem
2952 4716 3076 4753 cum
3129 4704 3365 4757 essentia
3389 4704 3574 4757 divina

1985 4795 2101 4838 erat
2164 4799 2267 4840 nec
2321 4785 2491 4852 aliud,
2540 4798 2600 4840 ut
2657 4800 2912 4845 asserunt
2962 4792 3302 4860 apertissime
3360 4796 3571 4865 Patres,

1986 4875 2233 4945 Ephraem
2281 4878 2472 4949 Syrus,
2538 4878 2775 4937 Joannes
2837 4883 3227 4947 Damascenus.
3288 4889 3574 4961 Dionysms

1990 4969 2344 5039 Areopagita,
2413 4972 2659 5027 Andreas
2693 4974 2997 5033 Cretensis.
3042 4979 3270 5034 Cosnias
3306 4981 3572 5049 Melodus,

1992 5058 2259 5116 Maximus
2289 5063 2592 5127 confessor,
2621 5066 2858 5136 Cyrilus
2885 5067 3305 5136 Alexandrinus,
3334 5073 3574 5129 Joanttrs

1987 5150 2433 5223 Cbrysostomus,
2508 5156 2808 5228 Gregorius
2870 5156 3277 5230 Nazianzenus,
3337 5167 3572 5223 Basibus

1989 5244 2217 5315 Magnus
2244 5258 2298 5304 et
2324 5250 2658 5307 Athanasius
2708 5251 3051 5322 Synadenus.
3104 5259 3371 5329 Splendor
3425 5262 3571 5316 enim

1989 5339 2104 5405 ille,
2147 5352 2200 5397 et
2249 5346 2452 5410 lumen,
2483 5346 2601 5415 ipsa
2642 5349 2841 5406 Christi
2875 5352 3044 5408 deitas
3079 5353 3223 5409 beati
3270 5354 3392 5417 fuit,
3451 5370 3573 5424 quae

1988 5442 2084 5498 per
2114 5432 2435 5487 miraculum
2468 5436 2534 5490 ad
2564 5436 2695 5492 illud
2731 5450 2945 5510 tempus
2968 5452 3127 5506 tecta,
3163 5459 3230 5499 ne
3262 5445 3434 5501 oculis
3466 5450 3568 5499 bu-

1991 5525 2171 5579 manis
2207 5541 2304 5578 sua
2341 5527 2624 5595 majestate
2657 5532 2915 5597 ollieeret,
2958 5550 3021 5589 eo
3072 5536 3159 5590 die
3203 5547 3456 5595 cessante
3492 5543 3573 5593 dt-

1990 5623 2077 5668 cto
2126 5615 2391 5672 miraculo
2432 5624 2701 5690 apparuit,
2740 5634 2793 5681 et
2843 5629 3213 5695 apostolorum
3245 5630 3431 5687 oculos
3460 5637 3575 5687 cir~

1989 5708 2293 5763 cumfulsit.
2337 5709 2400 5764 Et
2446 5728 2821 5781 argumentum
2876 5720 2942 5774 de
2984 5732 3167 5777 creato
3212 5734 3265 5779 et
3329 5728 3573 5783 increato

1991 5798 2125 5856 nihil
2162 5803 2456 5861 concludit.
2494 5804 2691 5865 Verum
2738 5814 2882 5870 enim
2936 5824 3040 5885 est,
3082 5819 3258 5877 oculis
3292 5825 3569 5894 corporeis

3108 5914 3187 5974 29
