3956 6194
278 317 398 393 ’911

1586 317 1967 383 GREGORII
2005 318 2326 381 PALAME

3459 311 3564 377 9i!

293 441 416 495 cine
432 447 594 510 putas
610 453 726 495 mea
746 437 1005 494 memoria
1020 436 1288 494 excidisse
1311 435 1510 490 bonum
1530 433 1662 488 illud
1678 434 1884 489 beneli-

1994 433 2171 496 Οὕτως
2201 434 2302 487 οίει
2337 449 2401 504 με
2435 429 2634 502 ῥᾳδίως
2665 431 2764 502 τῆς
2807 431 3026 501 μνήμης
3063 427 3318 483 ἐκσαλεῖν
3343 427 3563 497 ὁμιλίαν
3635 447 3643 454 ·

293 532 783 602 centissimumque
844 532 978 586 mihi
1025 529 1362 599 colloquium
1427 528 1573 598 quod
1611 542 1698 580 tne
1731 535 1882 580 tanto

296 619 555 674 liberavit
585 620 800 673 errore?
817 634 1022 683 errore,
1042 620 1289 688 inquam,
1305 633 1464 689 quem
1487 618 1694 689 peperit
1716 617 1882 672 Italus

296 712 398 764 iste
429 709 676 764 Barlaam
709 720 760 764 ct
805 720 1024 779 propter
1077 725 1237 779 quem
1279 711 1440 778 periit
1483 711 1534 764 in
1583 709 1800 774 exsilio,
1831 719 1884 763 et

295 801 412 870 ipse
448 802 596 854 illius
619 800 805 854 nescio
835 799 1110 866 quomodo
1140 800 1325 856 socius
1357 800 1882 871 iactusAcindynus,

295 893 397 946 sibi
463 892 690 961 suisque
734 893 1094 946 sectatoribus
1143 893 1513 948 certissimum
1581 891 1884 962 periculum

294 983 614 1050 (κίνδυνος).
1673 999 1675 1002 ‘

369 1075 592 1141 Theoplt.
628 1074 754 1129 Scio
789 1083 843 1130 te
867 1075 1055 1129 multis
1078 1075 1399 1144 implicitum
1425 1074 1678 1145 negotiis,
1700 1081 1753 1127 et
1785 1088 1886 1126 nu-

294 1175 388 1228 per
409 1162 655 1230 illapsam
687 1162 942 1216 omnibus
963 1163 1452 1231 perturbationem,
1474 1171 1695 1233 propter
1718 1177 1882 1232 quam

299 1266 422 1306 tuus
457 1256 666 1306 amicos
711 1269 855 1306 nunc
890 1254 1166 1323 imprimis
1214 1263 1304 1308 tua
1339 1255 1578 1325 indigere
1605 1254 1882 1324 sci0“pru-

293 1346 473 1398 dentia
515 1362 528 1398 :
571 1345 755 1414 itaque
797 1345 921 1398 huic
957 1346 1048 1398 illa
1085 1346 1520 1400 accommodavi.

369 1435 557 1490 Theot.
593 1435 795 1490 Verum
841 1452 943 1508 ego
972 1438 1187 1492 cunctis
1222 1439 1477 1507 negetiis,
1512 1437 1670 1501 scito,
1701 1445 1882 1491 tanta~

296 1545 418 1582 rum
453 1544 634 1584 rerum
673 1530 960 1600 anteposui
1003 1531 1518 1595 considerationem,
1554 1531 1627 1584 ita
1656 1538 1715 1584 ut
1748 1530 1871 1592 ilhc,

294 1622 366 1674 oh
389 1620 666 1675 assiduam
721 1621 1151 1687 meditationem,
1194 1623 1352 1689 quasi
1399 1621 1772 1676 characterem
1823 1620 1878 1673 in

294 1713 476 1764 anima
505 1725 622 1763 mea
647 1711 1046 1778 imprimerent,
1075 1727 1176 1765 nec
1198 1726 1284 1765 me
1310 1709 1669 1766 dormientem
1699 1709 1881 1764 dimit-

1988 527 2230 595 ἐκείνην,
2261 524 2360 596 τὴν
2388 524 2558 595 καλὴν
2586 524 2713 593 ἐμοὶ
2753 529 2848 577 καὶ
2879 524 2990 576 τῶν
3016 521 3322 576 καλλίστων
3363 519 3561 589 πρόξε-

1985 635 2074 671 νον
2100 655 2115 682 ,
2165 617 2233 669 δι’
2263 611 2330 687 ἧς
2376 614 2647 684 τοσαύτης
2668 614 2888 684 ,πλάνης
2921 613 3286 684 ἀπηλλάγηνς
3329 611 3562 680 πλάνης.

1985 711 2052 782 ἣν
2085 709 2242 763 ἔτεκε
2277 709 2376 778 μὲν
2423 711 2451 762 ό
2494 707 2696 770 Ἰταλὸς
2752 709 2958 770 ἐκεῖνος
2995 706 3284 776 Βαρλαάμ,
3325 705 3421 758 καὶ
3473 704 3566 772 ὑφ’

1983 799 2052 875 ἧς
2080 801 2300 856 διόλωλε
2327 800 2720 870 φυγαδευθεὶς,
2749 799 3212 869 εἰσποιησάμενος
3245 797 3302 851 δὲ
3335 798 3438 851 οὒκ
3463 795 3564 850 οἷδ’

1986 895 2188 958 ὅπωςὸ
2233 893 2548 956 Ἀκίνδυνος
2598 892 2843 956 κίνδυνος
2871 892 3049 961 σαφὴς
3098 891 3277 962 ἑαυτῷ
3321 891 3418 944 καὶ
3452 891 3565 953 τοῖς

1985 985 2136 1056 αύτῷ
2170 986 2516 1055 πειθομένοις
2551 989 2744 1052 γέγονε
2780 984 3019 1054 μάλιστα
3050 981 3342 1053 ἀγύρταις.

2062 1079 2240 1146 ϐεττερ.
2279 1072 2410 1129 Οἶδα
2457 1074 2674 1138 πολλοῖς
2713 1071 3249 1145 περιστοιχιζόμενόν
3277 1089 3338 1124 σε
3381 1070 3565 1139 πράγ-

1989 1187 2145 1242 μασι,
2182 1169 2277 1222 καὶ
2307 1167 2396 1222 τὸν
2427 1166 2761 1238 περισχόντα
2817 1166 3050 1235 θόρυϐον
3077 1164 3281 1234 ἀρτίως
3328 1162 3562 1229 πάντας,

1983 1262 2052 1317 δι’
2084 1262 2143 1315 ὃν
2174 1261 2334 1332 εἴπερ
2375 1259 2508 1312 ποτὲ
2541 1258 2668 1320 τοὺς
2698 1257 2884 1326 φίλους
2913 1257 3124 1310 δεῖσθαί
3157 1274 3250 1308 σου
3280 1254 3380 1324 τῆς
3405 1255 3564 1324 ἀγχι-

1984 1356 2134 1418 νοίας
2167 1349 2342 1422 οἶμαι.
2379 1350 2548 1404 Ταῦτ’
2580 1351 2687 1420 ἄρα
2711 1348 2883 1420 ταύτῃ
2916 1351 3156 1420 ἠρόμην.

2065 1446 2232 1500 Θεότ.
2269 1443 2414 1496 Ἀλλ’
2437 1441 2548 1511 ἐγὼ
2579 1444 2672 1495 καὶ
2697 1442 2949 1512 ἀσχολίας
2979 1441 3199 1510 ἁπάσης
3235 1437 3562 1508 ὑπερτέραν,

1986 1532 2045 1586 εὖ
2077 1531 2212 1598 ῐσθι,
2250 1532 2560 1603 πεποίημαι
2613 1529 2715 1602 τὴν
2755 1531 2888 1600 περὶ
2947 1529 3288 1600 τηλικούτων
3346 1527 3562 1597 σκέψιν,

1985 1627 2128 1681 ὥστε
2160 1645 2252 1694 μοι
2281 1627 2378 1680 καὶ
2415 1627 2522 1680 ἀπὸ
2566 1624 2668 1694 τῆς
2700 1624 2958 1694 συνεχοῦς
3017 1623 3252 1693 μελέτης
3304 1619 3418 1674 οἶόν
3442 1637 3569 1674 τινα

1985 1721 2158 1775 τύπον
2191 1719 2406 1774 ἐνδῦναι
2436 1720 2514 1783 είς
2549 1717 2648 1790 τὴν
2680 1717 2885 1787 ψυχὴν,
2919 1719 3011 1768 καὶ
3054 1715 3190 1784 μηδὲ
3233 1713 3571 1769 καθεύδοντα

294 1810 494 1870 terent,
522 1810 575 1856 et
615 1801 999 1871 expergefacto
1058 1801 1243 1856 statim
1304 1803 1490 1872 quales
1524 1809 1683 1856 erant
1713 1815 1882 1869 appa-

1994 1813 2214 1877 Ξινιέναι,
2267 1809 2668 1881 ὲξεγειρομένῳ
2713 1826 2771 1862 τε
2806 1806 2970 1871 εὐθὺς
3026 1807 3282 1876 παρεῖναι
3338 1806 3414 1868 ὡς
3443 1805 3569 1873 ὲνῆν

298 1903 486 1948 rerent
516 1893 684 1947 menti
739 1893 985 1962 singulas
1011 1893 1370 1957 examinanti,
1405 1892 1648 1962 mihique
1664 1891 1880 1945 viderer

297 1987 352 2040 in
394 1987 630 2056 quodam
684 1986 866 2041 lucido
929 1986 1224 2040 veritatum
1276 1986 1587 2041 divinarum
1630 1987 1878 2040 contuitu

297 2079 530 2133 ﬁrmiter
577 2090 753 2142 stans.
819 2079 910 2132 ubi
971 2077 1322 2133 sermonibus
1377 2079 1484 2133 tuis
1549 2077 1882 2133 constitutus

295 2185 471 2237 eram,
507 2179 563 2224 et
601 2170 743 2223 unde
789 2170 934 2223 velut
970 2185 1037 2224 ex
1085 2169 1272 2240 aliquo
1311 2169 1605 2237 prospectu
1652 2165 1884 2235 aspicie-

295 2260 420 2314 bam
452 2258 592 2315 infra
621 2260 891 2330 iacentem
925 2258 1256 2330 profundum
1287 2261 1580 2330 quemdam
1622 2260 1880 2313 vorticem

296 2356 704 2424 obscuramque
744 2354 1002 2424 abyssum
1033 2353 1269 2420 caligine
1301 2352 1542 2422 plenam,
1590 2351 1884 2419 voragino-

297 2460 420 2500 sum
468 2445 675 2500 scilicet
714 2459 958 2498 errorem
1004 2444 1227 2498 illorum
1281 2445 1400 2511 qui,
1444 2458 1595 2513 spem
1633 2443 1686 2496 in
1729 2455 1886 2496 tuen-

295 2540 456 2594 dacio
510 2546 859 2608 reponentes,
891 2552 959 2592 eo
1001 2547 1213 2591 tantum
1269 2535 1614 2590 delectantur
1660 2546 1885 2605 tamque

301 2633 585 2702 copiosam
623 2632 917 2701 prodigum
949 2629 1246 2695 fallaciam,
1278 2637 1335 2684 ut
1363 2629 1584 2688 sibimet
1618 2629 1887 2682 mentian-

300 2734 389 2779 tur
413 2736 467 2779 et
500 2724 710 2795 seipsos
735 2723 1030 2792 decipiant.
1064 2722 1222 2777 Modo
1250 2721 1397 2776 enim
1435 2719 1680 2775 deiﬁcam
1711 2719 1882 2790 Spiri-

297 2825 389 2871 tus
410 2817 662 2888 gratiam,
701 2831 807 2886 qua
856 2817 1031 2871 sancti
1073 2815 1368 2886 participes
1433 2813 1530 2869 Dei
1580 2813 1663 2868 vel
1706 2815 1886 2883 potius

299 2925 445 2964 unus
476 2925 599 2964 eum
635 2909 744 2962 Deo
783 2909 1013 2978 spiritus
1071 2909 1226 2970 liunt,
1260 2921 1384 2962 esse
1403 2915 1645 2962 creatam
1686 2906 1888 2961 audac-

298 3011 384 3058 ter
410 3001 701 3068 amrmant,
737 3013 787 3056 et
821 3001 1158 3072 argumentis
1190 2999 1601 3072 Scripturaeque
1633 2999 1882 3054 testimo-

299 3094 410 3149 niis
435 3110 625 3148 ornncs
658 3095 988 3149 convincere
1017 3093 1253 3147 maxima
1279 3101 1562 3147 conantur
1589 3090 1882 3152 industria;

1985 1907 2199 1958 ἕκαστα
2251 1904 2600 1974 βασανίζοντι
2648 1903 2726 1972 τῷ
2767 1901 3037 1972 λογισμῷ.
3085 1897 3194 1953 Καί
3246 1916 3337 1970 μοι
3389 1897 3568 1951 ἐδόκει

1987 1995 2238 2065 καθάπερ
2269 1995 2360 2048 ἐπὶ
2401 1995 2634 2057 σκοπιᾶς
2661 2009 2808 2056 τινος
2837 1989 3158 2061 ἀμφιφαοῦς
3186 1992 3284 2059 τῆς
3307 1987 3568 2058 ἀληθείας

1983 2086 2092 2140 τῶν
2118 2088 2248 2156 περὶ
2280 2085 2416 2138 Θεοῦ
2446 2086 2740 2155 δογμάτων
2773 2084 3032 2154 ἑστηκότι
3075 2083 3333 2154 βεϐαίως,
3370 2082 3458 2149 ἐφ’
3499 2081 3569 2150 ἢν

1986 2172 2284 2244 ἐτύγχανον
2317 2175 2422 2228 ὑπὸ
2453 2173 2562 2228 τῶν
2597 2175 2708 2228 σῶν
2753 2173 2931 2242 λόγων
2965 2171 3376 2235 ἀναόιδασθεὶς,
3421 2172 3570 2224 ἐκεῖ·

1987 2267 2078 2320 θεν
2112 2267 2188 2330 ὡς
2243 2267 2304 2332 ἐξ
2361 2267 2610 2321 ἀπόπτου
2669 2268 2815 2332 τινὸς
2846 2269 3001 2320 κάτω
3045 2283 3149 2319 που
3209 2264 3569 2334 διακειμένην

1987 2360 2255 2429 φάραγγά
2301 2377 2423 2414 τινα
2457 2359 2682 2430 βαθεῖαν
2714 2359 2812 2413 καὶ
2860 2357 3142 2428 διασφάγα
3179 2357 3428 2410 ἐπίσκιον
3457 2358 3572 2410 διά-

1988 2453 2165 2506 πλεων
2183 2453 2370 2519 ζόφου,
2389 2451 2634 2520 δηλονότι
2663 2449 2893 2520 ψεύδους
2919 2448 3299 2520 ἀμφιλαφοῦς,
3333 2449 3402 2502 τά
3425 2448 3570 2501 ὲκεί-

1986 2561 2093 2596 νων
2117 2543 2277 2614 όρᾷν,
2328 2543 2378 2596 οἳ
2409 2541 2608 2612 ψεῦδος
2651 2543 2915 2610 ἄντικρυς
2950 2541 3170 2611 θέμενοι
3201 2539 3299 2610 τὴν
3346 2538 3566 2602 ἐλπίδα,

1987 2634 2242 2688 τοσοῦτον
2270 2633 2690 2705 ὲπεντρυφῶσιν
2723 2634 2897 2702 αὐτῷ,
2925 2637 3023 2688 καὶ
3059 2633 3333 2702 τοσαύτην
3371 2631 3569 2686 ὲπιδαυ

1986 2711 2303 2796 ψιλεύονται
2330 2724 2430 2800 τῆν
2465 2727 2709 2798 ἀπάτην,
2738 2725 2815 2789 ὡς
2844 2726 2940 2780 καὶ
2973 2725 3122 2793 σφῶν
3145 2724 3328 2778 αὐτῶν
3361 2723 3577 2778 ἔθελον-

1987 2815 2086 2879 τάς
2120 2817 2579 2887 καταψεύδεσθαι,
2609 2820 2706 2872 καὶ
2747 2803 3030 2889 ἐξαπατᾷν
3060 2817 3310 2880 ἑαυτούς.
3351 2818 3420 2870 Oi.
3456 2816 3574 2886 γὰρ

1989 2909 2084 2963 νῦν
2117 2911 2216 2979 μὲν
2245 2910 2344 2980 τὴν
2377 2909 2628 2963 θεοποιὺν
2657 2909 2866 2980 δωρεὰν
2912 2907 3009 2962 τοῦ
3047 2908 3364 2978 [Ινεύματος
3395 2908 3464 2962 δι’
3497 2901 3572 2979 ἦς

1993 3000 2214 3072 μέτοχοι
2242 3000 2400 3064 Θεοῦ,
2436 3001 2639 3070 μᾶλλον
2673 3000 2729 3054 δὲ
2775 2999 2833 3054 ἓν
2865 2999 3088 3071 πνεῦμα
3129 3001 3269 3072 μετά
3301 2998 3398 3054 τοῦ
3431 3000 3573 3054 θεοῦ

1977 3095 2232 3163 γίνονται
2261 3097 2310 3148 οί
2331 3093 2516 3164 ἅγιοι,
2547 3095 2753 3162 κτίσμα
2776 3095 3080 3166 διαρρήδην
3103 3096 3356 3163 λέγοντες
3383 3095 3475 3148 καὶ
3499 3093 3574 3148 δι’

301 3188 466 3241 modo
505 3203 632 3241 vero
657 3189 844 3240 dicunt
871 3202 970 3242 nos
1001 3186 1172 3257 ipsius
1201 3186 1457 3241 essentize
1491 3183 1584 3240 Dei
1615 3199 1736 3239 esse
1760 3199 1884 3253 par-

1994 3187 2444 3257 ὲπιχειρημάτων
2491 3190 2590 3242 καὶ
2637 3187 2676 3242 Γ
2681 3189 2932 3258 ραφικῶν
2986 3188 3305 3258 μαρτυριῶν
3359 3187 3574 3246 πάντας

302 3279 523 3347 ticipes.
580 3278 773 3334 Nonne
813 3280 978 3334 sicin
1027 3279 1163 3333 duas
1225 3285 1411 3348 partes
1467 3276 1796 3340 claudicant,
1830 3285 1885 3330 et

299 3371 403 3425 sibi
437 3371 664 3442 suisque
725 3371 1076 3425 sermonibus
1127 3370 1574 3424 contradicentes
1623 3367 1881 3436 utrinque

300 3463 645 3516 mentiuntur
680 3473 732 3516 et
788 3461 1112 3530 semetipsos
1145 3459 1385 3514 fallunt?
1430 3458 1565 3514 Nam
1601 3461 1879 3528 quomodo

299 3555 393 3621 qui
423 3553 675 3607 essentia:
707 3552 904 3606 divinae
937 3554 1112 3621 (juxta
1144 3550 1318 3620 ipsos)
1353 3551 1410 3604 lit
1445 3549 1741 3620 particeps,
1775 3564 1881 3603 non

302 3645 630 3712 int-reatum,
655 3646 752 3700 sed
783 3655 1027 3701 creatum
1063 3642 1392 3715 participat?
1442 3643 1731 3710 Quomodo
1754 3658 1882 3698 vero

302 3740 396 3810 qui
453 3749 636 3794 creata
681 3739 855 3807 (juxta
905 3738 1075 3808 ipsos)
1122 3736 1294 3808 gratia
1345 3735 1653 3803 deiiicatur,
1689 3737 1884 3790 divina

303 3833 580 3902 particeps
608 3841 692 3885 est
713 3821 1000 3887 essentne?

383 4101 612 4173 Theoph.
639 4099 946 4165 Theorime,
985 4113 1095 4153 non
1126 4097 1415 4152 dissonant
1453 4110 1642 4151 eorum
1678 4109 1888 4149 sermo-

304 4210 404 4250 nes
455 4193 740 4264 cupiditati
782 4192 980 4246 animae
1039 4190 1178 4245 istos
1235 4187 1522 4258 parientis,
1570 4204 1636 4242 ex
1678 4202 1787 4256 quo
1828 4185 1928 4240 in'

303 4295 415 4340 tam
451 4283 690 4339 absurda
720 4282 846 4337 elati
884 4289 1014 4334 sunt
1046 4292 1066 4335 :
1099 4278 1229 4334 talia
1266 4281 1413 4334 enim
1449 4278 1652 4333 invidis
1681 4279 1885 4334 invidia

305 4394 599 4449 suggerere
630 4377 788 4431 solet.
827 4374 1048 4428 Illorum
1086 4373 1307 4443 quidem
1348 4373 1558 4441 loquela
1611 4371 1882 4438 loquenti-

305 4470 412 4524 bus
439 4467 788 4529 contradicit,
847 4464 1142 4519 ostendens
1192 4478 1287 4518 eos
1317 4479 1346 4518 a
1378 4464 1578 4533 quibus
1612 4464 1885 4534 profertur

306 4576 421 4615 non
471 4558 932 4629 semiimprobos,
989 4557 1082 4612 sed
1135 4556 1511 4625 nequissimos
1572 4574 1692 4613 esse
1747 4560 1882 4627 :qni

307 4653 454 4706 enim
497 4651 722 4706 omnino
754 4651 928 4704 malus
958 4659 1065 4712 est,
1096 4663 1163 4704 ne
1190 4648 1291 4702 sibi
1319 4648 1538 4718 quidem
1571 4659 1655 4704 est
1685 4650 1881 4704 bonus.

306 4745 576 4801 Caeterum
613 4743 700 4798 isti
733 4751 903 4797 semet
932 4741 1236 4796 destruant.
1269 4740 1348 4796 Tu
1393 4757 1543 4810 vero,
1571 4744 1614 4797 si
1646 4744 1882 4798 nondum

309 4836 458 4891 omni
487 4834 785 4889 extricatus
830 4851 890 4889 es
933 4831 1275 4899 diﬂicultate,
1321 4835 1654 4890 conﬁdenter
1690 4834 1884 4888 sciscio

310 4940 429 4985 tare
459 4927 724 4999 quidquid
755 4926 990 4980 volueris
1016 4941 1031 4979 :
1088 4941 1216 4980 nam
1257 4943 1378 4981 cum
1411 4941 1476 4981 eo
1499 4926 1590 4996 qui
1619 4941 1724 4980 non
1752 4939 1884 4980 con-

309 5020 606 5082 tentionis,
665 5019 758 5074 sed
789 5017 1035 5072 veritatis
1087 5017 1270 5073 studio
1318 5024 1694 5093 percontatur,
1764 5030 1890 5070 amo

311 5113 568 5183 collaqui.
1665 5089 1686 5105 ”

388 5205 570 5260 ΤΙιεοι.
604 5203 703 5260 Dic
743 5204 901 5265 mihi,
939 5217 1147 5274 qureso,
1180 5215 1306 5270 ante
1349 5203 1551 5266 omnia,
1597 5201 1889 5272 Theopha-

313 5315 436 5365 nes,
473 5301 597 5369 quis
621 5298 914 5354 absurdam
953 5299 1093 5351 hanc
1120 5299 1438 5365 auspicatus
1464 5295 1534 5349 sit
1557 5293 1888 5356 d0ctrinam,

313 5408 422 5466 qua
469 5390 728 5460 deceptus
759 5390 1009 5443 Barlaam
1049 5397 1311 5458 perpetuo
1342 5401 1400 5440 se
1448 5386 1709 5455 probrose
1751 5385 1894 5440 mul-

314 5483 453 5536 tavit
491 5481 706 5537 cxsilio.
739 5480 962 5535 Dicebat
993 5478 1140 5533 enim
1165 5493 1223 5532 se
1249 5476 1492 5547 quaedam
1526 5488 1743 5533 nactum
1773 5493 1893 5533 esse

316 5575 542 5644 scripta,
576 5588 607 5629 e
647 5573 848 5643 quibus
897 5571 1127 5627 selectos
1188 5569 1511 5625 ostendebat
1564 5571 1894 5640 multiplices

319 5677 521 5728 textus,
556 5681 698 5734 quos
735 5681 881 5734 ιτετο
917 5682 945 5717 a
977 5678 1036 5719 se
1069 5665 1254 5718 animo
1281 5663 1407 5719 ferri
1440 5663 1738 5718 asserebat.
1777 5662 1892 5717 Non

325 5763 468 5826 ipse,
518 5757 718 5822 aiebat,
789 5759 958 5812 ullum
1019 5757 1260 5812 subierat
1327 5757 1620 5823 damnum;
1686 5756 1781 5811 sed
1836 5754 1891 5808 in

1989 3279 2200 3333 πείθειν
2247 3279 2336 3333 διὰ
2399 3281 2667 3350 μεγίστης
2714 3279 3034 3349 ποιούμενοι
3088 3280 3345 3349 σπουδῆς,
3397 3278 3493 3332 νῦν
3522 3277 3572 3331 δ’

1987 3367 2144 3434 αὖθις
2178 3371 2252 3434 ὡς
2284 3372 2458 3441 αὐτῆς
2487 3373 2585 3441 τῆς
2612 3371 2800 3436 οὐσίας
2827 3373 2923 3425 τοῦ
2951 3372 3088 3425 Θεοῦ
3126 3371 3347 3442 μέτοχοι
3376 3373 3568 3438 ἐσμεν,

1988 3459 2077 3533 ἀρ’
2106 3464 2228 3534 οὐχὶ
2264 3464 2402 3534 πρὸς
2449 3463 2558 3516 τῶν
2598 3463 2717 3518 κατ’
2747 3465 3033 3535 ἀμφότερα
3077 3467 3256 3527 ταυτὶ,
3307 3464 3404 3518 καὶ
3446 3463 3574 3516 καθ’

1989 3551 2200 3606 ἑαυτῶν
2232 3555 2328 3607 καὶ
2357 3553 2718 3630 τῶνιοξκείων
2745 3553 2921 3621 λόγων
2947 3555 3030 3622 ἐφ’
3068 3553 3331 3624 ἑκατέρου
3362 3553 3573 3624 μέρους

1988 3645 2299 3715 ψεύδονται,
2337 3645 2431 3698 καὶ
2462 3643 2553 3712 ὑφ’
2582 3646 2789 3697 ἑαυτῶν
2821 3645 3140 3700 ἀπατῶνται
3167 3663 3182 3711 ;
3217 3644 3342 3707 Πῶς
3368 3645 3475 3715 γὰρ
3497 3643 3570 3697 ἂν

1988 3739 2144 3808 ὁτῆς
2194 3737 2384 3799 οὐσίας
2435 3735 2528 3789 τοῦ
2584 3735 2719 3789 Θεοῦ
2755 3737 2998 3808 μετέχων
3046 3737 3168 3790 κατ’
3221 3735 3417 3799 αὐτοὺς
3464 3735 3572 3787 οὐκ

1990 3829 2247 3883 ἀκτίστου
2304 3828 2438 3881 ἀλλά
2472 3827 2692 3880 κτιστοῦ
2731 3829 2973 3897 μετέχων
3007 3829 3091 3897 εἴη
3120 3845 3135 3892 ;
3171 3829 3294 3890 Πῶς
3340 3827 3385 3879 δ’
3415 3824 3574 3889 αὖθις

1989 3922 2018 3971 ό
2052 3922 2244 3988 κτιοτῇ
2279 3918 2400 3971 κατ’
2435 3919 2634 3981 αὐτοὺς
2674 3919 2856 3988 χάριτι
2898 3917 3318 3987 θεοποιούμενος
3349 3917 3449 3987 τῆς
3479 3916 3576 3969 οῦ-

1992 4010 2114 4073 σίας
2147 4011 2369 4079 μετέχει
2407 4007 2503 4061 τοῦ
2534 4008 2671 4061 Θεοῦ
2699 4027 2714 4075 ;

2063 4105 2238 4170 Θεοφ.
2273 4101 2524 4168 Θεότιμε,
2557 4100 2659 4152 οὐκ
2690 4097 2997 4176 ἀπεικότως
3031 4101 3080 4151 oi
3127 4098 3279 4169 σφῶν
3313 4097 3463 4168 λόγοι
3491 4099 3575 4165 τῷ

1991 4194 2154 4248 πάθει
2190 4195 2286 4264 τῆς
2317 4193 2516 4255 αὐτοὺς
2547 4191 2841 4259 τικτούσης
2887 4193 3098 4244 ἐοίκασι
3128 4191 3330 4261 ψυχῆς,
3382 4190 3472 4259 ἀφ’
3504 4185 3573 4243 οὗ

1991 4287 2126 4358 πρὸς
2153 4285 2252 4356 τὴν
2284 4285 2634 4354 λογολεσχίαν
2658 4283 2864 4354 ταύτην
2889 4282 3211 4353 ἐπήρθησαν
3234 4298 3248 4312 ·
3284 4281 3437 4350 σφίσι
3458 4284 3574 4351 γὰρ

1992 4381 2243 4448 ἐμποιεῖν
2277 4380 2390 4441 τοῖς
2435 4375 2721 4446 φθονοῦσιν
2759 4377 2787 4428 ὁ
2828 4375 3022 4444 φθόνος
3070 4373 3286 4442 πέφυκε
3312 4389 3327 4405 ⁸
3381 4373 3475 4427 καὶ
3514 4375 3572 4426 ot

1990 4472 2199 4526 τούτων
2243 4471 2392 4538 λόγοι
2430 4471 2543 4532 τοῖς
2575 4469 2827 4537 λέγουσιν
2875 4467 3270 4536 ἀντιλέγουσιν,
3306 4468 3407 4522 οὐκ
3437 4467 3570 4538 ἡμι-

1996 4564 2303 4635 μοχθήρους
2341 4561 2495 4625 τινὰς
2537 4562 2663 4625 τοὺς
2692 4561 3074 4632 προϊεμένους,
3107 4559 3243 4614 ἀλλὰ.
3274 4561 3575 4630 παμπονὴ-

1997 4672 2119 4725 ρους
2176 4652 2482 4715 δεικνύντες
2508 4667 2522 4682 ⁶
2581 4655 2608 4706 ὁ
2652 4652 2762 4722 γὰρ
2794 4652 2992 4714 τελέως
3039 4651 3205 4715 κακὸς
3250 4651 3358 4704 οὐδ’
3387 4651 3576 4720 ἑαυτῷ

1991 4748 2140 4798 ἐστιν
2165 4746 2390 4814 ἀγαθός.
2440 4745 2581 4800 ’Δλλ’
2617 4746 2816 4798 ἐκεῖνοι
2871 4743 2972 4814 μὲν
3006 4745 3233 4806 ἑαυτοὺς
3271 4760 3577 4814 καταστρε-

1994 4838 2204 4906 φόντων
2226 4854 2239 4868 ·
2271 4837 2336 4889 σὺ
2369 4837 2413 4889 δ’
2445 4839 2494 4890 εί
2541 4837 2618 4906 μὴ
2648 4837 2758 4889 τῶν
2806 4835 3050 4905 ἀποριῶν
3102 4834 3433 4889 ἀπολέλυσαι
3477 4851 3575 4887 τε-

1992 4928 2153 4993 λέως,
2181 4927 2452 4981 πυνθάνου
2481 4927 2673 4992 ἀδεῶς,
2695 4929 2832 4999 ὅπερ
2863 4928 2927 4982 ἂν
3017 4944 3097 4980 σοι
3122 4926 3432 4996 βουλομένῳ
3456 4942 3470 4957 ·
3493 4926 3576 4994 τῷ

1994 5019 2102 5089 γὰρ
2140 5019 2215 5088 μὴ
2263 5018 2401 5090 πρὸς
2450 5019 2587 5087 ἔριν,
2623 5018 2763 5078 ἀλλά
2795 5020 2930 5088 πρὸς
2978 5018 3240 5088 ἀλήθειαν
3289 5018 3574 5089 ζητητικῷ

1994 5110 2380 5180 διαφερόντως,
2418 5109 2476 5163 εῦ
2515 5111 2645 5173 ῑσθι,
2683 5109 2858 5183 χαίρω
2886 5108 3292 5178 διαλεγόμενος.

2069 5206 2232 5259 Θεότ.
2269 5202 2442 5257 Τοῦτό
2473 5221 2564 5273 μοι
2592 5204 2728 5274 πρὸς
2760 5201 2897 5257 Θεοῦ
2939 5203 3044 5273 πρὸ
3070 5201 3180 5258 τῶν
3220 5201 3397 5255 ἄλλων
3427 5200 3573 5270 φρά-⁵

1998 5313 2110 5360 σον,
2143 5294 2440 5363 Θεόφανες,
2479 5295 2565 5358 τίς
2605 5291 2724 5347 ποτ’
2757 5295 2864 5364 ἄρα
2897 5293 2997 5362 τῆς
3025 5293 3332 5360 ἀντιλογίας
3367 5291 3571 5358 ταύτης

1995 5383 2153 5458 ἦρξε,
2203 5386 2324 5440 καθ’
2375 5387 2442 5456 ἣν
2479 5386 2787 5458 ἡττηθεῖςὸ
2822 5386 3086 5455 Βαρλαάμ
3137 5384 3429 5455 ἀειφυγίαν
3478 5383 3570 5435 ὑπ’

1997 5479 2258 5550 αἰσχύνης
2297 5480 2492 5533 ἑαυτοῦ
2534 5479 2983 5550 κατεψηφίσατο;
3020 5479 3317 5550 Γράμμασι
3348 5475 3458 5546 γὰρ
3492 5478 3572 5528 ἑν-

1996 5576 2182 5642 τυχείν
2214 5572 2399 5640 έλεγεν
2431 5574 2662 5638 ἐκεῖνος,
2700 5573 2791 5640 ἀφ’
2827 5565 2903 5627 ὧν
2935 5571 3026 5626 καὶ
3058 5568 3413 5638 πολυστίχους
3444 5567 3572 5619 ὑπε-

1997 5664 2182 5718 δείκνυ
2207 5665 2394 5734 ῥήσεις
2417 5664 2800 5734 ἐκλεξάμενος,
2824 5664 2891 5717 δι’
2912 5664 2975 5726 ἃς
2995 5661 3186 5716 παθεῖν
3201 5658 3570 5714 διεϐεϐαιοῦτο

1997 5759 2097 5828 τὴν
2149 5755 2347 5828 ψυχὴν,
2385 5756 2486 5809 ούκ
2546 5756 2709 5819 αὑτός
2761 5773 2814 5808 τι
2867 5754 3066 5825 βλάϐος
3118 5753 3400 5815 ὑποστάςο
3438 5752 3570 5804 ἀλλα
