3956 6194
417 328 524 390 9:3
1766 343 2289 408 TlIEOPllANES.
3534 342 3650 432 on

417 444 557 496 κατὰ
587 443 695 497 τῶν
746 447 1215 516 συγγραψαμένων
1259 452 1512 506 ὑπόνοιαν
1551 456 1840 525 δεξάμενος
1882 457 1979 509 οὑκ

2087 458 2377 527 scriptorcs
2413 461 2785 532 suspicionem
2811 481 3131 539 conceperat
3170 489 3276 527 non
3306 476 3523 542 bonam,
3555 486 3648 536 sel

414 534 646 601 ἀγαθὴν,
699 536 899 602 μᾶλλον
928 537 982 589 δὲ
1035 541 1128 592 καὶ
1169 540 1289 593 λίαν
1341 548 1539 615 κακήν.
1574 549 1821 616 Δυσσεϐἧ
1871 550 1976 619 γὰρ

2086 550 2266 617 potius
2298 550 2453 606 valde
2485 555 2680 608 malam
2715 574 2729 614 :
2770 562 3085 630 suspicatus
3129 568 3384 622 est'enint
3415 585 3510 625 eos
3545 574 3646 627 im-

415 627 559 695 ἔχειν
589 626 747 692 δόξαν
782 628 1052 683 ὑπέλαϐεν
1084 632 1299 698 αὐτοὺς,
1338 635 1406 704 ἢν
1436 636 1500 707 δὴ
1552 639 1647 692 καὶ
1676 640 1977 693 ἀνασκευά-

2086 636 2229 704 piam
2284 640 2525 706 proﬁteri
2579 626 2907 714 doctrinam,
2959 653 3023 705 ad
3081 669 3243 723 quam
3296 626 3648 718 refellendum

413 719 540 782 ζων,
572 719 995 791 άντιρῤητικοὺς
1020 724 1212 792 λόγους
1244 730 1648 798 συνεγράψατο.
1677 733 1975 803 Τοιγαροῦν

2090 727 2463 784 refutationem
2492 738 2817 803 composuit.
2849 741 3040 810 Itaque
3068 719 3114 796 a-
3127 748 3340 801 nemine
3368 750 3473 805 dici
3528 768 3652 823 pos-

412 816 514 867 οὑκ
544 813 607 866 ἂν
631 815 744 885 ἔχοι
779 834 863 881 τις
915 822 1089 871 εἰπεῖν
1125 822 1286 875 αὑτὸν
1315 826 1415 895 τῆς
1457 826 1769 895 ἀντιλογίας
1817 844 1974 882 κατα-

1817 844 1983 882 κατα-
2084 827 2167 872 set
2197 822 2309 889 ipse
2341 823 2733 893 disputationis
2764 828 3115 889 fundamenta
3140 835 3366 905 jecisse.

411 904 672 960 ϐαλέσθαι
703 908 801 976 τὴν
829 910 1024 979 ἀρχήν.

486 998 660 1065 Θεοφ.
694 998 890 1064 Καλῶς
923 998 1045 1056 εἶπέ
1079 1022 1160 1067 τις
1205 1008 1311 1059 τῶν
1362 1007 1606 1062 παλαιῶν
1658 1012 1977 1082 Καισάρων,

2160 1000 2387 1067 ..neoph.
2427 1000 2592 1057 Recte
2624 1004 2762 1059 dixit
2805 1008 3026 1078 quidam
3075 1023 3319 1069 veterum
3372 1016 3647 1074 Cmsarum

410 1087 484 1146 di;
508 1087 607 1156 οὑχ
638 1088 859 1157 ὑπέχειν
877 1090 1043 1161 ἄμφω
1072 1095 1153 1148 δεῖ
1183 1098 1248 1148 τὰ
1273 1091 1383 1150 ὦτα
1405 1103 1518 1162 τοῖς
1548 1104 1858 1171 κατηγοροῖ)
1870 1122 1972 1167 σιν,

2086 1104 2191 1144 non
2230 1094 2549 1160 prmbcndas
2601 1110 2721 1152 esse
2770 1100 2960 1156 ambas
2998 1118 3158 1158 aures
3209 1110 3647 1179 accusatoribus,

408 1178 543 1230 ἀλλὰ
578 1178 654 1246 τῷ
704 1181 1163 1256 ἀπολογησομένῳ
1207 1187 1433 1258 θάτερον
1462 1192 1737 1261 ἀκήρατον
1781 1194 1970 1262 φυλάτ-

2089 1182 2177 1233 sed
2212 1192 2265 1235 et
2320 1198 2378 1236 se
2414 1185 2708 1242 defensuro
2764 1204 2924 1245 unam
2979 1208 3169 1257 aurern.
3216 1196 3482 1268 integram
3532 1218 3651 1257 esse

408 1287 523 1322 τειν
571 1268 685 1335 οὖς,
721 1271 860 1326 ὥστε
901 1276 1123 1346 μηδαμῆ
1160 1279 1327 1348 μηδὲν
1364 1282 1617 1353 στέργειν
1669 1284 1805 1354 μηδὲ
1836 1286 1970 1339 ἀπο-

2092 1273 2425 1335 servamlam,
2465 1276 2534 1327 ita
2579 1288 2635 1330 ut
2690 1279 2824 1332 nihil
2860 1282 3175 1337 admittatur
3233 1298 3327 1340 aut
3376 1290 3654 1359 rejiciatur

410 1363 697 1429 φαίνεσθαι
726 1368 853 1436 πρὶν
881 1367 946 1420 ἂν
976 1369 1238 1442 διακοὺσῃ
1263 1373 1610 1446 ἀμφοτέρων.
1649 1378 1832 1431 Ταῦτα
1867 1381 1972 1449 γὰρ

2091 1367 2214 1433 quin
2248 1375 2486 1435 utraque
2515 1382 2643 1436 pars
2691 1371 2876 1424 audita
2920 1372 3104 1428 fuerit.
3140 1374 3254 1428 Non
3302 1378 3488 1432 eadem
3538 1379 3653 1436 fere

407 1454 548 1506 αὑτὰ
581 1456 716 1509 κάπὶ
755 1457 856 1525 τῆς
914 1461 1139 1514 συνόδου
1189 1463 1436 1534 διεξῆλθε
1482 1468 1681 1538 μικροῦ
1731 1470 1824 1523 καὶ
1885 1472 1969 1523 ἐπὶ

2085 1458 2147 1511 ad
2168 1461 2396 1513 verbum
2443 1460 2496 1513 in
2537 1462 2749 1531 synodo
2778 1466 3053 1518 enarravit
3088 1468 3375 1535 Barlaam;
3419 1482 3471 1523 et
3519 1473 3647 1525 dum

405 1545 607 1610 λέξεως
645 1551 672 1599 ό
720 1549 1024 1622 Βαρλαάμ·
1066 1555 1159 1608 καὶ
1196 1557 1334 1609 πολὺ
1389 1558 1497 1611 τῶν
1544 1562 1753 1614 ἐκείνου
1801 1563 1967 1631 λόγων

2088 1549 2420 1617 loqueretur,
2469 1555 2637 1608 multa
2688 1557 2880 1608 saucio
2934 1572 3127 1626 passus
3171 1574 3292 1614 sum
3335 1564 3519 1616 animo
3550 1578 3650 1634 pro

409 1639 610 1706 μεταξὺ
642 1640 720 1702 τὸ,
747 1642 1234 1716 Τετραυμάτισμαι
1262 1649 1357 1701 καὶ
1383 1651 1627 1705 πέπονθα
1651 1653 1747 1725 τὴν
1773 1656 1971 1727 ψυχὴν,

2087 1640 2187 1693 illis
2221 1641 2474 1697 videlicet
2500 1657 2621 1712 qua:
2646 1644 2866 1699 dicebas
2891 1648 3269 1717 scriptis.Sed
3302 1654 3368 1705 ad
3400 1653 3649 1707 refellen—

526 1725 600 1785 ὧν
629 1733 764 1803 ἔφης
791 1740 1240 1808 συγγραμμάτων
1273 1741 1494 1814 δηλαδή.
1530 1747 1673 1817 Πρὸς
1719 1725 1888 1800 ταῦτα
1909 1725 1969 1802 δὲ

2084 1733 2209 1787 dum
2241 1750 2363 1803 quae
2386 1737 2662 1791 asserebat
2687 1753 2861 1805 pauco
2893 1742 3050 1795 nobis
3074 1756 3324 1798 sermone
3344 1759 3483 1814 opus
3512 1746 3646 1802 fuit:

406 1794 537 1896 ἡμῖν
569 1794 761 1896 ὀλίγων
810 1794 1021 1902 ἐδὲῆξτέ
1044 1794 1221 1902 λόγων
1252 1853 1266 1867 ’
1300 1794 1520 1907 εἴχομεν
1713 1842 1812 1913 τὴν
1864 1845 1968 1898 ἀπὸ

2090 1840 2203 1877 nam
2244 1794 2333 1881 res
2365 1827 2495 1893 ipsa:
2519 1794 2911 1885 irrefu'tabilem
2938 1832 3095 1886 nobis
3116 1794 3533 1904 suppeditabant
3566 1853 3652 1893 re-

403 1914 513 1964 τῶν
542 1919 884 1984 πραγμάτων
906 1920 1258 1986 ἀνεξέλεκτον
1284 1926 1581 1982 ἀντίθεσιν.
1629 1930 1965 1999 Ἐξενεγκόν-

2086 1918 2419 1973 lntationem.
2442 1919 2806 1975 Produximus
2838 1920 2984 1975 enim
3009 1933 3063 1977 et
3084 1927 3426 1983 ostendimus
3441 1929 3648 1998 scripta

405 2019 496 2064 τες
527 2003 635 2073 γὰρ
669 2005 1032 2078 ὑπεδείξαμεν
1078 2015 1494 2084 συγγράμματα
1534 2019 1742 2073 ἐκείνου
1794 2023 1967 2092 πολλῷ

2080 2007 2223 2062 illius
2260 2010 2470 2063 nostris
2510 2012 2686 2066 multo
2730 2014 3028 2077 anteriora,
3065 2032 3187 2086 quae
3224 2019 3289 2071 ad
3321 2030 3642 2088 praesentem

370 2108 375 2129 ι
402 2093 645 2161 πρότερα
677 2092 787 2148 τῶν
816 2098 1125 2169 ἡμετέρων,
1159 2104 1403 2158 τείνοντα
1447 2109 1675 2163 κάκεῖνα
1711 2112 1932 2184 πρδςντὴ

2077 2096 2225 2151 litem
2262 2100 2586 2165 attinebant,
2621 2109 2675 2155 et
2721 2102 2924 2171 quibus
2970 2118 3156 2160 nostra
3195 2108 3639 2164 obluctabantur.

403 2186 786 2256 προκειμένην
814 2189 997 2261 δίκην,
1042 2194 1177 2263 πρὸς
1212 2194 1246 2249 ἃ
1275 2197 1368 2248 καὶ
1419 2199 1696 2254 ἀντέκειτο
1731 2203 1799 2255 τὰ
1830 2207 1965 2274 ἠμέ-

2081 2189 2180 2245 Scd
2215 2192 2324 2246 illis
2356 2207 2385 2244 a
2429 2191 2818 2248 Thessalonica
2855 2197 3053 2251 ablatis
3084 2208 3137 2252 et
3172 2212 3201 2252 e
3239 2212 3551 2269 conspectu,
3585 2214 3643 2257 ut

401 2292 553 2345 τερα.
590 2278 775 2333 Ταῦτα
798 2280 855 2333 δὲ
902 2283 1109 2347 ἐκεῖνος
1149 2286 1248 2355 τῆς
1272 2286 1667 2362 Θεσσαλονίκης
1721 2295 1963 2367 ἀπαίρων

2076 2285 2321 2353 putabat,
2359 2284 2665 2352 subductis,
2694 2287 2801 2340 alia
2838 2288 3040 2343 ibidem
3070 2289 3352 2346 substituit
3386 2308 3504 2361 qua:
3530 2310 3638 2350 uno

400 2369 692 2435 ἀφανίσας,
725 2371 800 2434 ὥς
825 2389 888 2441 γε
922 2374 1073 2443 ᾤετο,
1109 2377 1201 2428 καὶ
1218 2378 1286 2430 τὰ
1334 2382 1451 2448 μετ’
1483 2384 1727 2439 ἐνιαυτὸν
1761 2403 1962 2454 συγγε-

2080 2384 2195 2444 post
2250 2390 2392 2429 anno
2451 2386 2641 2430 contra
2706 2378 3091 2434 refutatiooem
3146 2392 3385 2438 nostram
3420 2400 3642 2453 compo-

399 2462 699 2529 γραμμὲνα
743 2465 793 2516 οἱ
834 2466 971 2534 πρὸς
1005 2467 1103 2530 τὰς
1137 2469 1226 2538 ὑφ’
1265 2471 1423 2539 ήμῶν
1454 2477 1742 2542 γεγονυίας
1789 2479 1961 2551 ἀντιρ-

2075 2476 2273 2529 suerat,
2313 2477 2366 2521 et
2400 2468 2604 2537 ignaris
2646 2469 2804 2524 facile
2823 2474 3092 2540 persuasit
3115 2489 3173 2528 se
3209 2477 3637 2533 controversiam

402 2555 590 2623 ῥήσεις
621 2557 946 2625 προδεικνὺς
974 2559 1186 2625 ἐνθάδε,
1216 2562 1343 2626 τοὺς
1371 2565 1471 2618 οὑκ
1494 2567 1725 2633 εἰδότας,
1763 2571 1839 2634 ὡς
1868 2571 1964 2625 οὑκ

2075 2574 2181 2614 non
2205 2574 2459 2615 exorsum
2482 2575 2625 2616 esse.
2655 2561 2760 2616 Sed
2784 2578 2891 2617 non
2926 2565 3107 2619 minus
3132 2566 3289 2621 facile
3313 2569 3524 2623 detecta
3551 2581 3637 2625 est

397 2640 553 2714 ἦρξε,
582 2648 711 2717 ῥᾷον
758 2648 994 2703 ἔπειθεν.
1040 2651 1203 2706 Ἀλλὰ
1236 2655 1346 2725 γὰρ
1383 2658 1793 2730 άναπεφηνότος
1825 2662 1959 2717 οὕτω

2077 2651 2222 2706 fraus
2250 2660 2303 2707 et
2323 2651 2561 2717 fallacia,
2582 2653 2707 2722 quia
2738 2653 3261 2715 Thessalonicenses
3289 2661 3515 2716 aderant
3538 2665 3639 2718 viri

398 2733 575 2802 ῥᾷστα
628 2734 805 2789 δολίου
841 2738 983 2792 κατὰ
1038 2742 1200 2795 τοῦτο
1243 2746 1337 2797 καὶ
1392 2747 1641 2815 ψευδοῦς,
1692 2751 1815 2804 ἐπεὶ
1873 2755 1960 2806 καὶ

2076 2745 2305 2798 scientes
2343 2747 2624 2813 quaesitam
2667 2747 2933 2817 originem
2959 2751 3197 2813 patuisse
3252 2765 3486 2821 quatuor
3512 2764 3638 2809 ante

395 2822 811 2890 Θεσσαλονικεῖς
852 2830 1044 2899 ἄνδρες
1076 2835 1330 2905 παρῆσαν
1357 2838 1407 2890 οί
1437 2841 1738 2903 συνειδότες
1774 2845 1957 2910 ἐξετα-

2074 2836 2248 2902 annis,
2280 2837 2503 2906 quando
2524 2838 2616 2892 ille
2648 2837 2832 2894 forsan
2858 2842 3134 2896 nesciebat
3160 2844 3246 2898 ubi
3269 2860 3367 2899 nos
3386 2862 3636 2903 essemus

396 2911 631 2984 ζομένης
661 2915 763 2985 τῆς
793 2918 970 2988 ἀρχῆς
1000 2921 1124 2975 ὅθεν
1143 2925 1389 2997 ἀνεφάνη
1417 2930 1524 2999 πρὸ
1554 2933 1817 2987 ἐνιαυτῶν
1846 2954 1958 2990 τετ-

2076 2943 2167 2982 nec
2195 2928 2389 2983 litteris
2414 2944 2656 2999 unquam
2683 2930 2966 2986 nobiscum
2982 2935 3288 2991 collocutus
3318 2948 3438 2992 erat
3464 2954 3478 2991 :
3505 2950 3638 2995 tunc

394 3005 598 3075 τάρων,
636 3008 725 3060 ὅτε
765 3012 899 3080 μηδὲ
927 3013 1043 3084 ᾔδει
1098 3034 1215 3079 πως
1262 3021 1470 3089 σχεδὸν,
1505 3024 1608 3077 ποῦ
1652 3028 1754 3097 γῆς
1802 3031 1956 3099 ἡμεῖς

2076 3021 2236 3087 enim,
2266 3029 2373 3074 tam
2398 3021 2559 3091 longe
2581 3023 2852 3089 anterius,
2878 3024 3141 3080 simulans
3172 3042 3231 3082 se
3261 3029 3496 3098 simplici
3518 3034 3638 3086 cui-

397 3099 587 3167 ἔσμεν,
638 3101 773 3169 μηδὲ
803 3103 889 3156 διὰ
925 3108 1269 3176 γραμμάτων
1319 3113 1617 3185 ἐτύγχανεν
1666 3119 1959 3191 ὡμιληκὼς

2073 3112 2192 3165 dam
2229 3111 2499 3165 monacho
2521 3127 2728 3168 morem
2765 3128 2970 3184 gerere,
2997 3133 3057 3173 ea
3106 3118 3635 3193 inclioavitqnornm

394 3189 550 3257 ἡμῖν,
591 3190 713 3243 τότε
762 3194 875 3267 πρὸ.
897 3196 1153 3249 τοσούτου
1183 3201 1375 3269 χρόνου
1432 3207 1568 3274 πρός
1598 3189 1726 3263 τινα
1768 3189 1876 3265 τῶν
1905 3214 1956 3265 ἐν

2082 3214 2379 3267 tecusatur,
2406 3213 2467 3258 ut
2500 3205 2552 3258 in
2581 3204 2733 3261 Actis
2765 3210 2956 3278 synodi
2982 3209 3129 3265 clare
3159 3213 3361 3267 videbit
3386 3189 3644 3287 quisquis

390 3280 662 3349 ἁπλότητι
694 3286 1039 3350 μοναζόντων
1076 3289 1324 3362 ὑπακοὴν
1361 3295 1523 3349 αὑτὸν
1582 3298 1952 3371 ὑποκρινάμε-

2074 3294 2317 3349 voluerit.
2338 3294 2622 3361 Praeterea,
2643 3297 2767 3366 quis
2783 3300 3168 3356 controversia:
3193 3313 3382 3359 auctor
3408 3308 3427 3360 ἰ
3460 3324 3636 3364 nonne

390 3390 502 3439 νον,
541 3378 605 3426 ἐκ
635 3376 830 3429 τούτου
857 3380 957 3443 τὰς
987 3380 1158 3445 λαϐὰς
1194 3386 1457 3456 εὑρέσθαι
1503 3390 1612 3443 τῶν
1643 3408 1952 3465 κατηγορη-

2074 3397 2371 3453 accusator,
2402 3403 2583 3443 nonne
2618 3390 3003 3447 insimulator?
3037 3396 3182 3465 quod
3208 3397 3321 3468 ipse
3359 3402 3636 3460 evidenter

391 3467 603 3534 μάτων,
631 3467 705 3529 ὼς
736 3470 827 3522 καὶ
857 3472 885 3524 ό
916 3473 1194 3537 συνοδικὸς
1222 3477 1390 3547 τόμος
1414 3482 1723 3550 καταφανὲς
1749 3484 1953 3540 τίθεται

2069 3488 2201 3532 erat.
2233 3478 2341 3533 Nos
2374 3495 2503 3534 vero
2534 3496 2714 3535 nonne
2739 3494 3084 3553 postseptern
3113 3504 3329 3545 menses
3361 3494 3631 3561 venimus,

386 3560 500 3621 τοῖς
532 3558 904 3631 βουλομένοις.
932 3564 1077 3635 Πρὸς
1117 3566 1174 3619 δὲ
1202 3570 1315 3632 τοῖς
1347 3572 1663 3642 είρημὲνοις
1687 3576 1768 3638 τίς
1796 3577 1825 3629 ὁ
1850 3578 1948 3631 τῶν

2072 3570 2387 3639 patriarcha:
2404 3571 2601 3627 litteris
2620 3574 2900 3628 accersiti?
2924 3573 3114 3632 Nonne
3138 3579 3302 3649 igitur
3331 3584 3634 3640 clarissime

386 3646 560 3715 λόγων
592 3649 810 3719 ἄρχων;
842 3653 940 3723 οὐχ
974 3655 1002 3707 ὁ
1030 3658 1375 3727 κατηγορῶν,
1410 3661 1507 3731 οὑχ
1537 3662 1565 3714 ὁ
1600 3664 1873 3731 ἐγκαλῶν,
1901 3666 1948 3730 ὃς

2066 3674 2183 3717 ante
2202 3662 2383 3715 omnia
2412 3662 2576 3732 liquet
2596 3679 2702 3717 non
2726 3663 3247 3723 nobi‘s'tribuendum
3272 3687 3391 3727 esse
3413 3675 3628 3730 initium

385 3734 452 3808 ἦν
479 3742 730 3809 φανερῶς
755 3744 917 3808 αὑτός
944 3764 959 3811 ;
988 3747 1182 3818 Ἡμεῖς
1210 3751 1253 3803 δ’
1276 3752 1337 3805 οὑ
1371 3756 1511 3822 μετὰ
1543 3756 1717 3825 μῆνας
1745 3760 1947 3830 ἥκομεν

2067 3758 2455 3826 disputationis
2475 3759 2541 3813 ad
2572 3758 2722 3812 illum
2764 3764 3098 3831 spectantis?
3130 3764 3480 3835 Ceteroquin,
3514 3771 3629 3825 sive

384 3831 546 3899 ἑπτὰ,
589 3841 1011 3909 πατριαρχικοῖς
1045 3843 1339 3914 γράμμασι
1376 3848 1799 3919 μετάπεμπτοι;
1835 3853 1946 3917 Πῶς

2067 3850 2128 3905 ab
2161 3864 2245 3913 eo,
2282 3847 2397 3902 sive
2430 3863 2459 3901 a
2495 3848 2654 3901 nobis
2676 3859 2863 3903 exorta
2892 3852 2984 3915 sit,
3014 3868 3194 3907 nonne
3220 3855 3312 3910 ille
3339 3858 3513 3927 magis
3545 3860 3629 3912 in-

382 3918 475 3976 οὗν
512 3924 573 3977 οὑ
611 3927 809 3989 παντὸς
847 3929 1050 3999 μᾶλλον
1076 3932 1335 4002 ἐκφανὲς,
1364 3935 1438 3999 ὡς
1465 3938 1567 4009 οὑχ
1592 3940 1751 4008 ἡμεῖς
1780 3943 1828 3995 οί
1856 3942 1944 4014 τήι

2064 3938 2371 4008 culpandus
2394 3945 2478 3992 est
2508 3937 2590 3992 vel
2630 3939 2811 4006 potius
2844 3941 3216 3996 exsecrandus
3238 3945 3330 4013 qui
3356 3945 3523 4015 impia
3550 3948 3622 4003 lu.

386 4014 562 4084 ἀρχὴν
590 4016 693 4085 τῆς
729 4018 867 4088 πρὸς
901 4021 1066 4074 αὑτὸν
1100 4022 1411 4092 ἀντιλογίας
1462 4026 1948 4099 καταϐαλλόμενοι,

1649 4029 1949 4099 αλλόμενοι,
2066 4035 2254 4101 quitur
2282 4045 2443 4099 quam
2475 4029 2567 4099 qui
2597 4029 2863 4083 duntaxat
2894 4031 3211 4089 inchoavit?

324 4149 343 4159 -,
380 4106 440 4157 οὐ
471 4107 578 4176 μὴν
604 4108 721 4161 ἀλλ’
764 4109 862 4163 εἴτ’
895 4114 1105 4177 ἐκεῖνος
1150 4110 1317 4186 ἦρξεν
1348 4117 1447 4172 εἶθ’
1477 4120 1662 4189 ἡμεῖς,
1690 4123 1717 4175 ὁ
1746 4122 2024 4189 δυσσεῦῶς
2088 4127 2261 4194 λέγων
2302 4123 2535 4194 μάλιστα
2604 4123 2907 4193 μεμπτέος,
2948 4123 3153 4194 μᾶλλον
3228 4126 3284 4179 δὲ
3351 4130 3444 4184 καὶ
3489 4132 3627 4187 ἀπο-

380 4200 659 4269 τρόπαιος,
694 4203 812 4257 ἀλλ’
845 4206 943 4275 οὐχ
970 4207 1159 4271 ἁπλῶς
1186 4211 1214 4262 ι
1238 4210 1407 4279 ἄρξας
1436 4232 1450 4279 ;
1851 4200 1875 4217 “

452 4300 621 4353 Θεότ.
654 4295 727 4352 Εὖ
755 4300 957 4366 λέγεις.
990 4303 1161 4356 Τοῦτο
1197 4306 1294 4375 μὲν
1336 4308 1400 4377 δὴ
1436 4310 1527 4364 καὶ
1564 4313 1941 4383 προὺργιαίτε-
1981 4321 2014 4382 ι]

2129 4314 2311 4367 Theot.
2338 4314 2481 4367 Bene
2521 4312 2782 4381 loqueris.
2818 4312 2869 4368 ld
2906 4315 3124 4383 quidem
3158 4318 3351 4373 melius
3385 4327 3527 4373 esset
3559 4336 3623 4378 ac

378 4405 471 4456 ρον
501 4388 568 4442 ἂν
598 4389 684 4458 εἴη
713 4390 804 4445 καὶ
836 4391 1261 4467 δυσχερέστερον
1307 4402 1499 4469 μαθεῖν
1522 4405 1693 4474 ’σὲμοὶ
1717 4406 1773 4460 δὲ
1821 4409 1940 4462 οὑκ-

2055 4405 2327 4461 dilIicilius
2357 4405 2603 4470 discere;
2638 4405 2768 4457 mibi
2806 4421 2931 4458 vero
2960 4408 3184 4461 minime
3223 4409 3447 4461 dubium
3499 4420 3617 4466 est:

376 4478 451 4532 ἐτ’
487 4482 975 4553 ἀμφισϐητήσιμον
1001 4486 1153 4541 οὐδέν
1178 4504 1194 4520 ⁸
1246 4493 1340 4543 καὶ
1376 4493 1482 4564 γὰρ
1510 4494 1682 4564 ἔγνων
1703 4499 1938 4569 άκριὸῶς

2055 4497 2329 4565 percalleo
2360 4498 2504 4549 enim
2552 4505 2793 4565 quantus
2829 4499 2900 4550 sit
2953 4496 3112 4552 istius
3163 4499 3262 4552 viri
3300 4514 3475 4555 error.
3511 4502 3617 4566 Qui

378 4570 475 4640 τὴν
504 4571 601 4625 τοῦ
651 4573 844 4643 ἀνδρὸς
878 4576 1201 4641 κακοδοξίαν
1255 4582 1376 4651 ὅση.
1416 4584 1651 4655 Μακρᾶς
1694 4586 1750 4641 δὲ
1778 4588 1940 4661 οὔσης

2054 4602 2178 4642 cum
2203 4586 2275 4640 sit
2315 4588 2520 4640 multus
2554 4599 2618 4640 ac
2640 4586 2918 4653 inliltiplex
2951 4595 3005 4640 et
3050 4602 3079 4642 a
3120 4592 3533 4647 successoribus
3564 4594 3615 4645 iu

377 4665 471 4717 καὶ
496 4663 853 4733 πολυσχιδοῦς
880 4666 973 4719 καὶ
1007 4668 1110 4720 ὑπὸ
1135 4668 1243 4721 τῶν
1267 4669 1668 4743 διαδεξαμένων
1689 4678 1939 4749 αὐξηθεί-

2057 4678 2321 4734 detcriora
2357 4672 2575 4739 atictus,
2624 4677 2881 4731 metbodo
2924 4678 3106 4747 aliqua
3155 4679 3393 4750 indigeo,
3435 4692 3619 4753 quoad

375 4770 473 4824 σης
506 4754 563 4818 ἐς
597 4755 663 4809 τὰ
689 4754 948 4826 μάλιστα,
984 4756 1206 4827 μεθόδου
1240 4762 1382 4825 τινὸς
1424 4765 1638 4835 δέομαι,
1665 4769 1787 4823 καθ’
1815 4771 1937 4824 ὅσον

2051 4768 2164 4823 fieri
2197 4776 2372 4837 potest
2426 4766 2676 4836 praecisa,
2731 4756 2839 4823 non
2874 4767 2939 4822 ad
2998 4770 3142 4824 hunc
3202 4771 3612 4843 intelligendum

372 4839 545 4897 οἷόντε
579 4847 1057 4919 συντετμημένης,
1092 4850 1192 4903 οὑκ
1223 4854 1301 4916 είς
1340 4855 1668 4926 κατάληψιν,
1699 4859 1814 4911 ἀλλ’
1859 4862 1934 4921 είς

2051 4859 2288 4930 quidem,
2332 4858 2424 4912 sed
2467 4858 2853 4917 elucidandum
2916 4868 2970 4911 et
3020 4858 3409 4927 refellendum;
3456 4873 3613 4939 teque

370 4936 702 5005 διασάφησίν
749 4956 810 4991 τε
841 4943 936 4994 καὶ
964 4941 1188 5011 ἔλεγχον
1238 4944 1445 5013 αὐτῆςο
1488 4948 1581 4999 καὶ
1625 4949 1717 5002 σοῦ
1748 4950 1932 5021 δέομαι

2055 4966 2145 5005 oro
2174 4959 2231 5003 ut
2262 4964 2370 5003 non
2425 4948 2668 5013 omittas,
2696 4959 2962 5018 quantum
3011 4961 3187 5020 putes,
3227 4954 3390 5008 talem
3430 4968 3617 5009 Oslcn-

372 5027 446 5098 μὴ
480 5029 691 5083 ἀνεῖναι
740 5032 882 5086 κατὰ
916 5032 976 5084 τὸ
1033 5035 1332 5104 ἐγχωροῦν,
1382 5036 1499 5091 ὁδον
1552 5038 1934 5111 ὑφηγήσασθαι

2051 5043 2176 5097 dere
2215 5043 2377 5105 viam,
2409 5057 2514 5110 qua
2545 5057 2644 5095 nos
2674 5041 3042 5109 ambulantes,
3076 5052 3131 5097 et
3158 5046 3315 5114 quasi
3348 5058 3502 5102 scuto
3526 5065 3612 5102 ve-

368 5120 644 5191 τοιαύτην,
670 5123 817 5187 ὅπως
843 5123 911 5177 δι’
942 5124 1115 5195 αὑτῆς
1142 5128 1300 5197 ἡμεῖς
1330 5128 1523 5196 ἰόντες,
1556 5131 1649 5184 καὶ
1686 5132 1761 5196 ὡς
1788 5134 1930 5206 ὅπλῳ

2050 5139 2224 5193 ritatis
2251 5136 2595 5200 circumdati,
2633 5150 2823 5190 eorum
2857 5136 3045 5192 deliria
3088 5139 3388 5203 videamus,
3423 5152 3483 5195 ut
3510 5140 3612 5196 fert

367 5212 729 5283 κυκλούμενοι
781 5218 849 5286 τῇ
903 5216 1155 5287 ἀληθείᾳ,
1209 5223 1513 5284 πιπτούσας
1572 5224 1789 5295 ὁρῶμεν
1838 5230 1929 5293 τὰς

2054 5232 2308 5301 psalmus,
2340 5231 2587 5283 cadentia
2615 5244 2641 5281 a
2674 5230 2840 5284 latere
2867 5238 2921 5284 et
2953 5231 3215 5287 adextris
3237 5273 3265 5297 ,,
3284 5236 3350 5287 ad
3386 5250 3487 5289 nos
3516 5250 3616 5311 an.

366 5305 591 5359 ἑκείνων
618 5307 958 5377 λεσχηνείας,
990 5309 1279 5379 ψαλμικῶς
1302 5314 1492 5378 εἰπεῖν,
1516 5315 1585 5368 ἔκ
1611 5334 1669 5369 τε
1698 5320 1793 5371 τοῦ
1825 5321 1928 5373 κλί-

1274 5314 1492 5378 ;εῑπεῖν,
1516 5315 1585 5368 ἔκ
1611 5334 1669 5369 τε
1698 5320 1793 5371 τοῦ
1825 5321 1939 5373 κλί-
2043 5335 2149 5380 ten)
2184 5340 2290 5379 non
2323 5323 2836 5393 appropinquantis.

362 5414 485 5459 τους
523 5400 614 5451 καὶ
654 5400 717 5451 ὲκ
749 5399 963 5463 δεξιῶν,
998 5403 1131 5470 ἡμῖν
1164 5402 1218 5453 δὲ
1250 5402 1325 5471 μὴ
1357 5404 1706 5471 ἐγγιζούσας.

435 5491 613 5556 Θεοεθ.
643 5489 717 5541 Oti
745 5490 945 5561 μικρόν
970 5492 1085 5543 ἐστι
1107 5491 1167 5543 τὸ
1193 5492 1423 5561 αἴτημα,
1454 5489 1498 5546 ὦ
1526 5495 1789 5564 βέλτιστε,
1820 5499 1932 5567 ἐγώ

2112 5501 2339 5569 ΤΙιεορΙι.
2376 5499 2529 5555 Haud
2557 5516 2750 5571 parum
2779 5512 2865 5556 est
2905 5501 3049 5571 quod
3084 5502 3355 5572 postulas,
3396 5504 3607 5562 charis-

360 5598 421 5633 τε
453 5581 675 5635 τοιαῦτα
726 5583 863 5637 ἄττα
912 5583 1035 5638 οὔτε
1065 5585 1295 5640 συνιδεῖν
1345 5588 1471 5651 ὀξὺς
1525 5588 1648 5642 οὔτε
1695 5592 1922 5657 ἐξειπεῖν

2043 5594 2197 5659 sime,
2233 5609 2407 5661 neque
2429 5610 2530 5663 ego
2561 5606 2668 5649 tam
2716 5596 3004 5663 perspicax
3053 5597 3145 5664 qui
3188 5606 3334 5652 tanta
3389 5600 3605 5669 conspi-

357 5672 549 5735 δεινός.
587 5674 694 5744 Σὴν
722 5674 767 5726 δ’
790 5676 939 5746 ὅμως
974 5676 1152 5747 χάριν,
1185 5678 1308 5730 ἐπεὶ
1341 5679 1564 5742 καὶτοῖς
1592 5680 1731 5751 ὑπὲρ
1764 5682 1919 5735 66m-

2036 5687 2192 5749 ciam,
2229 5702 2405 5750 neque
2436 5698 2540 5739 tam
2575 5688 2927 5755 dlSCI'ltlSoQUl
2964 5688 3089 5743 talia
3141 5689 3390 5759 eloquar.
3441 5695 3598 5748 Atta-

361 5783 452 5835 μιν
484 5766 521 5833 ἡ
569 5767 755 5838 ἀγάπη
817 5770 1012 5835 πείθει,
1074 5771 1364 5839 ἐγχειρεῖν,
1422 5772 1645 5843 σχήσειν
1696 5774 1921 5840 ἐλπίσας

2038 5794 2176 5845 men,
2210 5793 2329 5833 cum
2377 5793 2539 5846 supra
2614 5780 2753 5832 vires
2805 5779 3021 5849 aggredi
3064 5783 3287 5838 suadeat
3336 5784 3600 5853 Charitas,
