3956 6194
379 273 480 338 917

1708 261 2120 325 Tl-IEOPHAN
2130 261 2241 321 ES.

3497 259 3616 322 ωε

381 388 475 442 καὶ
505 385 622 448 πῶς
673 384 772 452 οὑχ
832 379 932 445 εἷς,
970 381 1055 434 ἶνα
1111 380 1186 450 μὴ
1236 377 1426 432 άτοποὶ
1464 395 1605 441 τινες
1657 372 1808 448 ὦμεν
1856 378 1949 430 καὶ

2068 393 2201 432 unus
2225 393 2238 429 ε
2262 390 2327 429 ne
2353 373 2501 430 stulti
2532 372 2705 426 simus
2735 379 2788 425 et
2838 371 3242 441 nobismetipsis
3262 373 3316 426 in
3342 375 3626 432 sentiendo

384 479 515 546 ἡμῖν
545 475 728 536 αὐτοῖς
757 471 928 534 οὕτως
957 469 1298 523 ἀνακόλουθα
1325 467 1639 534 δοξάζοντες
1669 468 1766 521 καὶ
1791 468 1957 537 φθεγ-

381 570 628 639 γὸμενοι.

456 658 620 710 Θεότ.
654 655 805 708 Πάνυ
860 653 960 722 μὲν
992 647 1102 706 οὖν.
1137 651 1214 705 Οὑ
1270 651 1378 720 γὰρ
1415 650 1540 712 τοὺς
1589 649 1716 718 περὶ
1749 651 1956 701 ἀκατα-

380 750 591 819 λήπτου
645 746 840 812 λόγους
869 741 1273 808 ἁνθυπενέγκαι
1313 758 1397 802 τις
1454 739 1519 792 ἂν
1570 739 1678 790 τῶν
1720 734 1778 790 εὖ
1809 755 1957 808 φρο-

383 839 619 892 νοὺντων
665 835 742 906 τῷ
766 833 1158 904 πυνθανομένῳ
1181 832 1294 894 πῶς
1315 829 1460 883 τοῦτ’
1484 829 1631 882 ἐστὶν
1657 829 1914 898 ὁπότερον
1937 843 1952 859 ⁸

383 933 505 986 ἐπεὶ
541 930 616 1000 μὴ
671 929 770 999 τὴν
809 925 1080 995 ἐκατέρου
1136 923 1590 994 πολυπραγμονεῖ
1637 921 1815 975 αἰτίαν
1856 921 1957 990 τῆς

384 1022 695 1088 ὑπάρξεως,
743 1016 882 1074 ἀλλὰ
929 1017 1028 1087 τὴν
1077 1016 1309 1086 θατέρου
1357 1015 1493 1084 πρὸς
1552 1013 1780 1084 θάτερον
1841 1012 1957 1065 δια-

383 1114 578 1184 φοράν.

456 1208 634 1273 Θεοφ.
673 1201 923 1272 Ἀγαμαί
956 1218 1016 1253 σε
1057 1200 1161 1269 τῆς
1201 1199 1494 1259 συνέσεως.
1542 1197 1630 1250 Ἰζν
1661 1194 1791 1263 γοῦν
1833 1196 1955 1256 ταῖς

382 1295 662 1358 τοιαύταις
692 1295 940 1355 διπλόαις
963 1292 1059 1361 τῆς
1089 1291 1371 1358 θεολογίας
1407 1290 1604 1358 μικροῦ
1658 1290 1836 1340 πᾶσαν
1863 1302 1959 1338 πο-

387 1387 560 1456 νηράν
615 1385 831 1453 αἵρεσιν
896 1383 1214 1452 κινηθεῖσαν
1262 1383 1389 1444 ῐδοις
1446 1382 1546 1436 ἄν,
1583 1381 1723 1436 Ἀλλ’
1761 1382 1789 1433 δ
1851 1381 1951 1448 μὲν

383 1476 674 1537 ἀποδιδοὺς
721 1477 811 1527 τὸν
845 1475 1003 1542 λόγον
1057 1474 1253 1538 οὕτως.
1287 1475 1362 1538 ὡς
1413 1475 1704 1546 ἀμφότερα
1762 1473 1952 1536 πιστὰ,

386 1569 553 1639 μηδὲν
586 1561 749 1638 ἦττον
782 1566 814 1636 ἢ
850 1567 1116 1637 πρότερον
1173 1567 1444 1632 σώζεσθαι
1479 1568 1545 1620 τὰ
1590 1569 1755 1636 μέρη,
1803 1564 1956 1616 εὑσε-

384 1661 486 1732 εής
515 1677 530 1692 ·
576 1661 604 1712 ὁ
647 1659 701 1711 δὲ
741 1658 820 1729 τῷ
873 1660 1047 1734 ἑτέρῳ
1088 1659 1228 1712 κατὰ
1275 1658 1370 1712 τοῦ
1409 1659 1600 1727 ἐτέρου
1650 1656 1953 1732 χρώμενος,

385 1751 650 1822 ὁποιῳοῦν
683 1755 779 1804 καὶ
810 1749 1213 1821 ὁπηδηποτοῦν,
1246 1749 1513 1819 δυσσεϐὴς
1540 1749 1571 1819 ἢ
1604 1748 1700 1801 καὶ
1731 1747 1952 1819 ἀσεϐὴς,

398 1844 528 1898 ιατὰ
551 1842 710 1910 λόγον
741 1841 843 1908 τῆς
879 1842 1248 1914 προκειμένης
1275 1841 1512 1904 ἑκάστης
1547 1839 1883 1901 ὑποθέσεως.

458 1934 622 1996 Θεότ.
660 1931 890 2001 Ποίησον
927 1934 1020 1986 καὶ
1052 1931 1198 1985 τοῦθ’
1227 1930 1254 1982 ὃ
1284 1931 1485 1998 λέγεις,
1511 1931 1645 1999 πρὸς
1670 1928 1827 1995 θεοῦ,
1865 1945 1959 1982 σα-

400 2025 670 2092 ξέστερον.

457 2117 632 2182 Θεορ.
667 2113 776 2170 Καὶ
802 2113 864 2182 δὴ
903 2115 1059 2168 ποιῶ.
1103 2115 1216 2176 Πᾶς
1249 2113 1347 2183 μὲν
1371 2115 1398 2165 ὀ
1427 2112 1536 2165 τῶν
1562 2111 1736 2179 ἁγίων
1765 2109 1954 2180 ὅμιλος

393 2208 650 2274 Πατέρων
673 2206 769 2258 ἕνα
795 2202 948 2258 εἷπον
995 2207 1088 2259 τὸν
1117 2207 1250 2259 Θεὸν
1280 2206 1420 2259 κατὰ
1444 2206 1542 2274 τὴν
1567 2204 1775 2268 οὐσίαν,
1806 2204 1957 2271 τρεῖς

382 2297 475 2349 τὸν
505 2295 602 2349 ἕνα
635 2297 779 2350 κατὰ
805 2298 905 2360 τὰς
944 2298 1273 2359 ὑποστάσεις
1299 2312 1313 2325 ο
1349 2295 1482 2349 ἄλλο
1517 2296 1615 2364 μὲν
1660 2294 1826 2364 οὔσης
1856 2295 1958 2363 τῆς

385 2387 762 2452 ὑποστάσεως,
791 2388 884 2442 καὶ
911 2389 1042 2443 άλλο
1075 2392 1172 2458 τῆς
1197 2389 1408 2453 οὑσίας,
1441 2389 1516 2450 ὡς
1547 2387 1676 2440 ἄλλο
1705 2387 1798 2439 καὶ
1827 2385 1958 2438 ἄλλο

387 2476 767 2548 σημαινούσης
792 2478 1061 2549 ἑκατέρας
1085 2496 1097 2508 ·
1132 2480 1402 2531 ἁκτίστων
1430 2477 1485 2530 δὲ
1513 2477 1607 2528 καὶ
1635 2475 1957 2545 άχωρίστων

385 2571 564 2626 οὒσῶν
597 2572 845 2644 ἀλλήλων
871 2575 1198 2644 ἀμφοτέρων
1227 2576 1321 2628 καὶ
1349 2573 1460 2626 τῶν
1486 2573 1837 2626 ὑποστάσεων
1865 2571 1958 2624 καὶ

383 2666 483 2732 τῆς
521 2665 730 2730 οὐσίας,
781 2665 924 2720 οὕτω
977 2670 1316 2736 τηρήσαντες
1365 2666 1664 2718 ἀσάλευτον
1711 2664 1804 2717 καὶ
1860 2662 1958 2733 τὴν

385 2757 466 2818 είς
509 2758 717 2826 Τριάδα
753 2761 848 2812 καὶ
880 2758 980 2827 τὴν
1029 2759 1109 2820 είς
1165 2757 1466 2828 μοναρχίαν
1515 2757 1719 2809 πίστιν.
1753 2755 1958 2808 Σαὸἑλ-

384 2847 497 2910 λιος
522 2849 578 2901 δὲ
607 2849 852 2917 τριθεῖαν
877 2849 1266 2922 κατηγορήσας
1291 2850 1401 2902 τῶν
1427 2849 1570 2901 οὕτω
1597 2845 1953 2912 δοξαζὸντων,

385 2940 548 3002 αὑτὸς
577 2941 654 3002 είς
690 2939 750 2992 ἓν
781 2941 847 2992 τὰ
881 2940 1005 3008 τρία
1045 2940 1375 3010 συναλείψας
1405 2939 1493 2993 διὰ
1525 2939 1617 2992 τοῦ
1660 2937 1862 2991 ἐνιαίου
1895 2935 1956 2988 τὸ

387 3032 668 3099 τριαδικὸν
716 3033 894 3084 ἀνεῖλε
928 3032 1028 3100 τῆς
1066 3033 1320 3100 Οεῦτητος
1349 3049 1362 3062 ο
1399 3031 1496 3086 καὶ
1542 3033 1606 3084 ὲκ
1636 3029 1744 3082 τῶν
1791 3028 1952 3099 ιερῶν
1978 3043 2022 3102 ο

386 3123 624 3192 Γρατῶν
657 3125 783 3187 τοὺς
832 3128 960 3197 περί
1017 3125 1243 3195 μονάδος
1292 3125 1486 3194 λόγους
1537 3121 1955 3192 συλλεξάμενος,

389 3208 499 3266 οἷον
533 3232 551 3264 ι
612 3213 751 3281 Ἐγὼ
781 3214 913 3276 Θεὸς
947 3216 1183 3284 πρῶτος,
1218 3215 1312 3268 καὶ
1346 3215 1456 3282 ἐγὼ
1491 3212 1631 3284 μετὰ
1663 3212 1837 3266 ταῦτα
1868 3210 1961 3262 καὶ

387 3305 467 3367 εἰς
496 3304 588 3358 τὸν
613 3306 786 3358 αῑὼνα
817 3306 964 3374 λέγει
1011 3307 1238 3377 Κύριος,
1272 3305 1453 3360 καὶτὸ
1489 3305 1621 3376 παρ’
1671 3301 1836 3357 αὑτοῦ
1867 3299 1960 3353 τοῦ

387 3399 594 3468 Κυρίου
617 3401 674 3451 ἐν
692 3400 1044 3468 Εὑαγγελίοις
1074 3401 1416 3472 εἰρημένον-ι
1439 3399 1580 3468 Ἐγὼ
1602 3399 1697 3452 καὶ
1714 3400 1742 3452 ὁ
1771 3395 1962 3466 Πατὴρ

379 3489 447 3543 Iv
481 3494 675 3560 ἐσμεν,
710 3510 729 3543 ι
763 3494 858 3545 καὶ
887 3493 987 3547 ὅσα
1015 3495 1231 3555 τούτοις
1267 3491 1651 3560 παραπλήσια,
1689 3484 1964 3557 προύϐάλ-

2059 482 2123 522 ac
2153 464 2386 520 dicendo
2415 472 2818 518 contraeuutes.

2132 641 2311 695 Τήιοι.
2371 639 2604 711 Optime.
2640 638 2754 694 Non
2782 639 2925 694 enim
2979 641 3629 714 ineompreltensibililms

2059 735 2245 788 verbis
2271 733 2625 802 reSpnnderet
2659 732 2860 802 aliquis
2901 735 3212 799 lienesauus
3265 733 3626 804 interroganti

2060 823 2334 894 quomodo
2391 823 2612 878 illorum
2647 823 2974 877 alterutrum
3009 824 3106 885 sit,
3141 823 3341 892 quippe
3376 838 3483 876 non
3518 824 3630 877 sci-

2060 914 2276 969 scitanti
2335 930 2434 968 cur
2481 922 2773 984 utrumque
2831 913 2923 979 sit,
2994 915 3087 970 scd
3146 914 3199 968 in
3257 930 3366 984 quo
3417 913 3628 968 diﬂerat

2062 1006 2293 1060 alterum
2329 1005 2397 1060 ab
2436 1005 2634 1059 altero.

2135 1181 2364 1248 Theoph.
2398 1181 2564 1234 Miror
2596 1189 2742 1234 tuam
2772 1179 3207 1248 intelligentiam.
3232 1177 3289 1233 in
3319 1178 3646 1246 hujttsmodi.

2058 1275 2202 1328 enim
2249 1273 2518 1342 ambiguis
2583 1276 2692 1325 fere
2741 1286 2956 1326 omnem
3004 1272 3160 1324 sitam
3211 1287 3331 1324 esse
3382 1271 3629 1324 ltmresim

2057 1363 2268 1417 videas.
2324 1363 2428 1416 Sed
2465 1362 2559 1431 qui
2612 1363 2878 1416 rationem
2932 1364 3004 1416 ita
3041 1365 3235 1428 reddit,
3283 1375 3342 1419 ut
3396 1343 3629 1418 diuorum

2059 1452 2457 1510 credendorum
2514 1461 2748 1519 utraque
2805 1467 2934 1521 pars
2983 1468 3084 1505 nec
3135 1455 3258 1522 plus
3298 1470 3400 1509 nec
3451 1456 3634 1508 minus

2060 1552 2394 1606 asservetur,
2418 1545 2542 1613 pius
2571 1554 2687 1609 est;
2715 1543 2810 1612 qui
2835 1559 2962 1599 vero
2995 1560 3156 1598 unam
3189 1553 3374 1598 contra
3407 1545 3631 1598 alteram

2061 1643 2290 1704 usurpat
2315 1633 2686 1704 qualicunque
2724 1642 2777 1688 et
2808 1633 3050 1704 quolibet
3079 1637 3262 1699 modo,
3289 1633 3634 1704 irreligiosus

2060 1737 2226 1784 estet
2261 1727 2461 1797 impius
2515 1736 2760 1795 respectu
2823 1727 3107 1796 utriusque
3158 1728 3450 1796 proposita:
3483 1743 3634 1806 qua:-

2061 1820 2286 1876 stionis.

2131 1910 2313 1966 Theot.
2342 1909 2499 1977 Quod
2541 1908 2644 1973 ais,
2679 1907 2787 1975 fac,
2823 1924 3028 1979 quaeso,
3060 1910 3288 1966 clarius.

2133 2086 2361 2154 Theoph.
2389 2086 2574 2166 Facio.
2596 2086 2858 2141 Universa
2878 2097 3191 2142 sanctorum
3223 2085 3443 2140 Patrum
3475 2087 3643 2139 turba-

2059 2179 2315 2234 dixerunt
2350 2177 2521 2234 Deum
2562 2193 2688 2232 esse
2715 2193 2884 2232 unum
2911 2178 3176 2240 essentia,
3204 2185 3258 2230 et
3286 2187 3398 2230 tres
3435 2175 3486 2228 in
3525 2190 3636 2229 uno

2060 2285 2325 2342 personas
2358 2288 2372 2325 :
2399 2284 2520 2323 cum
2547 2268 2691 2323 aliud
2721 2269 2791 2322 sit
2818 2281 3071 2336 persona,
3107 2267 3250 2320 aliud
3274 2268 3533 2330 essentia,
3564 2267 3639 2320 si-

2061 2363 2277 2431 quidem
2312 2361 2455 2414 aliud
2490 2369 2539 2414 et
2574 2359 2722 2414 aliud
2754 2370 2980 2428 utraque
3005 2359 3298 2428 signitlcat;
3323 2373 3633 2428 quanquam

2058 2446 2298 2499 increata
2317 2453 2370 2516 et
2392 2443 2659 2497 immensa
2685 2451 2813 2496 sunt
2832 2443 3012 2507 ambo,
3034 2457 3280 2509 personae
3302 2442 3552 2495 videlicet
3571 2456 3637 2496 ac

2057 2534 2315 2590 essentia.
2342 2533 2407 2586 Et
2431 2534 2511 2590 sic
2533 2535 2912 2588 inconcussam
2946 2541 3238 2586 tenuerunt
3265 2531 3421 2587 ﬁdem
3454 2532 3507 2585 in
3540 2534 3638 2586 tri-

2059 2629 2282 2682 nitatem
2308 2627 2576 2696 ﬁdemque
2601 2628 2655 2681 iu
2684 2627 2971 2680 unitatem.
2995 2625 3266 2680 Sabellius
3319 2640 3448 2679 vero
3493 2624 3636 2679 hanc

2059 2721 2342 2780 Trinitatis
2360 2721 2663 2775 doctrinam
2685 2718 3112 2787 reprehendens.
3143 2726 3197 2771 et
3239 2716 3342 2771 tria
3375 2716 3428 2770 iu
3463 2730 3635 2769 unum

2058 2812 2437 2877 confundens,
2493 2809 2793 2863 divinitatis
2857 2807 3154 2862 trinitatem
3211 2822 3306 2876 per
3367 2805 3633 2858 unitatem

2059 2905 2316 2969 abstulit;
2353 2919 2382 2956 e
2407 2901 2815 2971 Scripturisque
2846 2900 3022 2954 sacris
3048 2907 3226 2952 textus
3251 2897 3510 2951 unitatem
3550 2898 3635 2949 iu-

2065 3007 2299 3052 nuentes
2342 2994 2628 3064 colligens,
2663 3003 2721 3048 ut
2745 2993 2889 3048 hunc
2922 3007 2935 3044 :
2969 3009 2987 3042 ‹
3018 2991 3127 3058 Ego
3155 2990 3296 3045 Deus
3326 2991 3552 3058 primus,
3583 2997 3638 3042 et

2063 3105 2164 3159 ego
2195 3098 2315 3158 post
2353 3089 2468 3142 haec
2496 3095 2551 3138 et
2592 3085 2644 3139 in
2681 3095 2971 3148 aeternum,
2995 3084 3128 3138 dicit
3158 3082 3419 3135 Dominus
3439 3083 3481 3147 ';
3529 3098 3546 3131 ι
3582 3089 3637 3134 ct

2009 3200 2016 3205 ·
2064 3181 2206 3237 istud
2234 3178 2406 3248 ipsius
2443 3175 2660 3230 Domini
2688 3177 2740 3230 in
2767 3174 3072 3242 Evangeliis
3091 3172 3315 3229 effatum
3352 3189 3366 3225 :
3403 3189 3422 3222 ι
3457 3170 3566 3242 Ego
3586 3178 3643 3226 et

2063 3276 2224 3330 Pater
2252 3287 2417 3325 unum
2439 3284 2685 3332 sumusp
2709 3276 2762 3324 et
2781 3267 3035 3335 quarliltet
3067 3265 3155 3321 his
3183 3264 3385 3320 similia
3415 3263 3644 3332 objicie-

2068 3367 2159 3422 bat
2187 3366 2240 3422 in
2265 3365 2639 3422 testimonium
2671 3360 2738 3414 ad
2770 3376 2838 3413 au
2851 3357 3128 3412 ferendam
3154 3369 3508 3427 personarum
3538 3352 3641 3406 tri-

2064 3460 2312 3514 nitatem.
2338 3458 2528 3513 Nonne
2546 3455 2626 3510 sic
2647 3453 2777 3508 facit
2795 3450 3064 3506 Sabellius
3091 3458 3148 3504 et
3173 3449 3292 3519 ejus
3313 3446 3645 3503 sectatores?-

333 3585 340 3592 ’
383 3582 509 3636 λετο
542 3587 679 3654 πρὸς
715 3587 1023 3655 μαρτυρίαν
1078 3588 1156 3649 εἰς
1191 3585 1477 3655 ἀναίρεσιν
1528 3583 1624 3637 τοῦ
1660 3577 1942 3652 τριαδικοῦ
1985 3574 2093 3628 τῶν
2142 3572 2524 3626 ὑποστάσεων.
2593 3568 2706 3637 Οὑχ
2762 3565 2904 3619 οὕτω
2962 3565 3112 3618 ποιεῖ
3166 3561 3462 3626 Σασέλλιος
3544 3563 3642 3615 καὶ

385 3677 500 3729 ὅσοι
532 3676 652 3730 κατ’
682 3677 846 3730 αὐτόν
870 3694 887 3743 ;

461 3775 628 3828 Θεότ.
660 3774 703 3824 T
706 3773 822 3826 οὗθ’
861 3770 1006 3826 οὕτω
1043 3771 1244 3835 πάντες
1285 3772 1465 3842 ῐσμεν.

465 3866 642 3930 Θεοερ.
679 3861 849 3930 Κάγὼ
877 3861 964 3915 διὰ
994 3862 1056 3914 τὸ
1098 3863 1265 3916 πᾶσιν
1317 3857 1456 3914 εἶναι
1497 3858 1656 3920 τοῦτο
1706 3860 1942 3930 φανερὸν

388 3955 693 4024 σαφηνείας
752 3955 919 4008 ἕνεκα
975 3958 1315 4023 προήνεγκα.
1359 3952 1431 4006 Σὺ
1486 3954 1594 4023 γάρ
1624 3952 1749 4015 τοὺς
1782 3951 1960 4006 αὑτοὺ

385 4041 660 4103 τοιούτους
707 4041 901 4108 λό·,ους
949 4044 1320 4112 προσαγαγὼν
1368 4041 1443 4112 τῷ
1477 4041 1714 4111 γνώμονι
1742 4041 1844 4110 τῆς
1876 4043 1964 4094 πί-

391 4149 583 4197 στεως,
619 4131 677 4193 ὃς
711 4133 805 4184 καὶ
854 4131 951 4183 ἕνα
983 4132 1077 4183 καὶ
1126 4131 1253 4202 τρία
1282 4131 1428 4197 λέγει
1475 4130 1566 4182 τὸν
1613 4129 1776 4190 αὑτὸν
1805 4129 1958 4193 Θεὸν,

389 4219 696 4285 ἐξελέγξεις
729 4218 959 4272 ἄπιστόν
987 4235 1044 4270 τε
1080 4220 1175 4272 καὶ
1205 4218 1520 4284 κακόδοξον,
1549 4215 1623 4278 ὡς
1657 4217 1717 4267 τὸ
1752 4215 1962 4283 τριαδι-

389 4309 485 4361 κδν
516 4307 840 4376 ἀναιροῦντα
870 4307 965 4360 τοῦ
1000 4309 1116 4376 ἐνὸς
1143 4308 1301 4371 Θεοῦ,
1336 4309 1430 4360 καὶ
1460 4306 1585 4368 τοὺς
1616 4307 1707 4358 ὑπ’
1746 4305 1958 4357 ἐκείνου

393 4397 546 4467 παρὰ
604 4396 758 4448 τοῦτο
784 4396 1078 4458 πολυθέους
1109 4397 1434 4468 λεγομένους
1461 4397 1534 4459 ὡς
1562 4395 1804 4456 εὐσεϐεῖς
1835 4395 1963 4462 άνα-

389 4491 652 4562 κηρύξεις
681 4493 773 4543 καὶ
807 4492 1056 4555 πιστούς.
1089 4493 1308 4560 ’Δρειος
1355 4491 1410 4542 δὲ
1445 4490 1536 4541 καὶ
1590 4488 1751 4549 αὑτὸς
1795 4487 1963 4539 πολυ-

392 4583 548 4645 θέους
597 4583 774 4650 λέγων
827 4585 954 4644 τοὺς
993 4581 1122 4652 τρία
1173 4581 1432 4649 λέγοντας
1484 4582 1551 4634 τὰ
1603 4580 1856 4643 άκτιστα,
1906 4578 1963 4630 ἓν

390 4677 648 4730 ἄκτιστον
680 4671 820 4728 εἶναι
856 4673 1229 4728 διεϐεϐαιοῦτο
1256 4673 1346 4725 τὸν
1391 4671 1639 4742 Πατέρα,
1671 4672 1770 4734 τὰς
1800 4670 1964 4732 ἄλλας

393 4766 722 4828 ὑποστάσεις
747 4768 826 4829 εἰς
864 4765 1069 4834 κτίσμα
1099 4763 1418 4829 κατασπῶν,
1451 4765 1541 4816 καὶ
1569 4765 1690 4824 ταῖς
1718 4760 1824 4817 ἀπὸ
1855 4761 1965 4812 τῶν

391 4857 628 4926 Γραφῶν
663 4856 1016 4926 μαρτυρίαις,
1057 4858 1178 4909 ὅσαι
1222 4857 1519 4924 παριστᾶσι
1566 4857 1665 4924 τὴν
1701 4855 1965 4922 διαφιρὰν

391 4950 501 5002 τῶν
531 4949 905 5011 ὑποστάσεων,
957 4944 1067 5001 οἷον
1106 4967 1123 4999 ι
1157 4948 1183 4999 ὁ
1219 4949 1406 5016 Πατήρ
1461 4964 1564 5016 μου
1613 4947 1815 5016 μείζων
1861 4947 1961 5014 μού

390 5041 529 5104 ἐστι,
554 5060 571 5091 ι
595 5041 709 5105 καὶ,
735 5042 832 5092 ιἈ
860 5041 1068 5111 ηκουσα
1095 5041 1245 5110 παρὰ
1276 5038 1370 5090 τοῦ
1389 5041 1600 5108 Πατρῦς
1635 5056 1760 5107 μου,
1792 5037 1964 5090 ταῦτα

393 5130 562 5197 λαλῶ,
610 5150 628 5183 ι
667 5135 759 5186 καὶ
784 5134 884 5186 ὅσα
922 5131 1131 5195 τούτοις
1157 5131 1540 5202 παραπλήσια,
1578 5130 1964 5183 διαστέλλοντα

392 5226 487 5276 καὶ
522 5225 808 5276 δεικνύντα
861 5224 959 5294 τὴν
996 5224 1126 5292 μίαν
1169 5225 1266 5291 τῆς
1301 5223 1554 5291 θεότητος
1584 5222 1786 5292 πηγὴν,
1825 5223 1961 5274 ταύ-

391 5329 515 5373 ταις
553 5313 734 5366 τοίνυν
783 5313 892 5367 ὁιπὺ
938 5315 1046 5366 τῶν
1097 5315 1258 5382 ἱερῶν
1305 5315 1535 5382 Γραφὼν
1564 5315 1959 5384 ἐρανισάμενος

395 5401 598 5470 ἐχρῆτο
628 5406 766 5457 κατὰ
791 5402 896 5454 τῶν
922 5402 1162 5466 εὐσεϐῶς
1181 5403 1278 5471 τὴν
1307 5404 1467 5470 ἁγίαν
1492 5403 1700 5474 Τριάδα
1727 5403 1965 5471 προσκυα

387 5492 647 5548 νούντων.
681 5495 752 5546 Σὺ
777 5493 869 5548 οὖν
910 5495 1004 5548 καὶ
1046 5495 1172 5548 τοὺς
1214 5495 1426 5564 Ἀρείου
1462 5495 1657 5565 λόγους
1700 5495 1778 5566 τῷ
1813 5497 1963 5569 αὑτῷ

477 5675 496 5704 ²
546 5669 648 5722 lsa.
695 5683 802 5736 xu,
836 5669 886 5723 ι.
966 5669 986 5702 ³
1019 5669 1173 5724 Joan.
1222 5685 1332 5735 xw,
1389 5670 1478 5726 28.

1995 4172 2044 4228 D

1559 5671 1580 5704 ⁸
1611 5669 1767 5727 ιοίιη.
1801 5687 1887 5742 xv,
1925 5671 2009 5726 15.

2139 3759 2325 3813 ΤΙιεοι.
2359 3756 2415 3811 Id
2448 3769 2635 3810 omnes
2665 3753 2892 3807 scimus.

2134 3850 2360 3920 Tlicoplt.
2389 3848 2443 3904 ld
2463 3847 2735 3916 equidem,
2766 3853 2951 3908 utpote
2977 3842 3235 3898 omnibus
3264 3840 3640 3910 manifestum,

2062 3943 2325 3998 claritatis
2355 3956 2518 3995 causa
2547 3937 2768 4008 protuli.
2797 3935 2874 3988 Tu
2906 3936 3052 3989 enim
3087 3936 3224 3989 tales
3253 3935 3397 3989 illius
3427 3950 3639 3991 sermo-

2063 4051 2162 4092 nes
2187 4034 2473 4090 conferens
2495 4045 2618 4084 eum
2653 4028 2775 4086 ﬁdei
2799 4027 2996 4093 indice,
3022 4027 3114 4097 qui
3143 4043 3311 4097 unum
3344 4042 3408 4082 ac
3436 4028 3638 4082 trinum

2066 4129 2196 4183 dicit
2227 4127 2475 4180 eumdem
2514 4123 2704 4189 Deum,
2745 4136 3008 4192 agnum-es
3048 4135 3170 4182 eum
3201 4134 3230 4173 a
3273 4119 3376 4173 [ide
3401 4135 3643 4190 sauaqno

2069 4219 2317 4273 doctrina
2353 4231 2473 4271 esse
2507 4215 2768 4279 alienum,
2804 4213 3006 4283 quippe
3033 4211 3123 4282 qui
3151 4211 3303 4265 tollat
3343 4211 3436 4264 Dei
3475 4211 3639 4265 trini-

2069 4319 2256 4369 tatem,
2291 4323 2383 4362 eos
2420 4323 2548 4361 vero
2601 4323 2740 4378 quos
2800 4306 2921 4358 ideo
2985 4304 3268 4374 pulytlteos
3316 4311 3499 4368 vocat,
3523 4302 3641 4369 pios

2070 4412 2125 4457 et
2162 4401 2500 4456 ertltodoxos
2538 4399 2882 4468 praudicabis.
2909 4399 3071 4452 Arius
3105 4406 3286 4450 autem
3317 4405 3371 4449 et
3400 4395 3517 4464 ipse
3545 4409 3643 4462 p0-

2069 4493 2282 4565 lytheos
2314 4492 2503 4547 dicens
2540 4491 2627 4558 qui
2667 4501 2775 4546 tres
2808 4491 3127 4546 RSSCl't'baﬂl
3162 4490 3454 4552 increatos,
3473 4502 3647 4550 unum

2067 4587 2371 4640 increatum
2417 4599 2540 4639 esse
2589 4583 2892 4637 atlirmabat
2935 4582 3173 4642 Patrem,
3208 4583 3344 4635 alias
3374 4594 3644 4654 personas

2065 4678 2330 4734 creaturis
2362 4690 2762 4739 annmneraus;
2798 4683 2850 4728 et
2883 4673 3289 4741 Scripturarum
3323 4675 3642 4729 testimonia

2066 4769 2469 4824 distinctionem
2522 4781 2878 4835 personarum
2923 4766 3239 4829 statuentia,
3289 4774 3384 4824 ut:
3427 4785 3443 4818 ι
3485 4768 3640 4822 Pater

2071 4877 2226 4916 meus
2272 4860 2444 4929 major
2480 4875 2566 4913 me
2603 4859 2742 4921 es“,
2786 4877 2804 4910 ι
2837 4867 2892 4913 et
2938 4875 2951 4912 ε
2987 4877 3003 4911 ι
3041 4857 3172 4924 Qum
3204 4858 3388 4914 audiri
3417 4876 3444 4912 a
3484 4859 3642 4912 Patre

2072 4968 2216 5016 meo,
2272 4952 2388 5006 haec
2431 4949 2690 5016 loquor‘,
2725 4969 2744 5004 ι
2785 4959 2838 5004 et
2864 4949 2970 5008 alia
3009 4950 3324 5019 lmjusmodi
3362 4966 3482 5020 qua'
3517 4948 3642 5002 uni-

2071 5061 2194 5100 cum
2231 5043 2516 5114 designant
2547 5041 2946 5112 ostenduntque
2977 5041 3196 5096 deitatis
3229 5043 3430 5095 fontem
3454 5083 3468 5105 ,
3506 5040 3637 5102 Inpc.

2072 5139 2314 5206 inquam,
2345 5151 2374 5190 e
2429 5136 2600 5191 sacris
2635 5135 2934 5204 Scripturis
2969 5134 3307 5190 emendicata
3345 5132 3640 5200 usurpabat

2069 5236 2333 5282 adversus
2377 5229 2494 5296 pius
2517 5237 2720 5282 sanctae
2754 5225 3042 5281 Trinitatis
3066 5228 3330 5282 cultores.
3363 5223 3440 5276 Tu
3478 5225 3639 5291 igitur

2068 5320 2180 5372 Arii
2207 5335 2422 5388 quoque
2453 5332 2734 5372 sermones
2779 5317 2942 5372 iudici
2999 5316 3126 5372 fidei
3178 5328 3500 5382 eurnparans
3547 5313 3638 5380 qui

2071 5426 2236 5463 unum
2273 5412 2586 5477 trinumque
2615 5409 2748 5462 dicit
2773 5407 3026 5464 eumdem
3066 5409 3257 5471 Deum,
3290 5407 3638 5458 demonstrato

2072 5501 2154 5555 bis
2188 5501 2335 5554 illum
2381 5502 2558 5571 potius
2592 5514 2716 5557 vere
2753 5500 3073 5572 polytlteum
3100 5513 3240 5563 esse,
3273 5497 3363 5567 qui
3388 5495 3638 5552 eutmlem
