3956 6194
438 285 543 353 919

1700 300 2077 360 GREGORH
2119 302 2440 364 PALAMxE
3549 307 3644 374 920

436 404 608 460 Deum
643 418 880 464 creatum
914 412 1072 465 simul
1098 421 1151 466 et
1182 411 1481 467 iucreatum
1511 411 1663 478 dicit,
1693 429 1812 482 qua:
1840 413 1984 470 ambt

2108 415 2346 486 γνώμονι
2381 419 2477 485 τῆς
2523 417 2763 482 πίστεως
2794 418 3185 489 προσαγαγὼν,
3213 419 3270 483 δέ
3314 421 3372 474 ἓν
3407 419 3498 475 καὶ
3535 423 3650 493 τρία

436 499 491 552 in
523 512 683 554 unam
714 503 1013 556 convenire
1045 513 1293 556 naturam
1323 512 1610 572 repugnat.

2104 507 2252 574 λέγει
2291 510 2382 561 τὸν
2413 509 2575 563 αὑτὸν
2605 510 2756 576 Θεὸν,
2788 513 2995 564 ἐκεῖνον
3046 511 3245 580 μᾶλλον
3271 511 3459 577 δείξεις
3489 515 3641 566 πολύ-

435 593 557 646 θεον
580 591 656 654 ὡς
699 592 936 664 ἀληθῶς,
971 593 1186 648 κτιστόν
1229 611 1286 646 τε
1325 596 1415 648 καὶ
1463 597 1719 651 ἄκτιστον
1768 595 1997 666 λέγοντα
2035 598 2126 652 τὸν
2161 600 2320 653 αὑτὸν
2355 601 2508 665 Θεὸν,
2554 602 2590 656 ὃ.
2617 602 2894 672 συμϐῆναι
2943 603 3079 673 πρὸς
3116 604 3243 674 μίαν
3314 604 3474 674 φύσιν
3535 606 3646 660 ἀδύ-

434 705 462 738 ν
469 701 616 739 ατον.

504 782 683 837 Theot.
717 781 931 852 Optima
963 784 1182 852 quidem
1214 784 1397 854 regula
1432 800 1446 837 :
1473 801 1573 840 nec
1606 787 1750 841 enim
1791 796 1998 842 tantum

433 873 792 934 demonstrat,
827 873 920 928 sed
943 876 1100 943 quasi
1128 876 1364 930 concidit
1385 892 1450 931 ae
1472 880 1682 947 repellit
1717 879 1994 948 ambages.

2173 787 2336 843 Θεότ.
2385 788 2639 859 Ἀριστός
2668 806 2731 857 γε
2755 791 2782 844 6
2814 791 3014 845 κανών⁸
3044 790 3103 843 οὐ
3137 790 3244 859 γὰρ
3273 791 3434 860 μόνον
3461 793 3651 847 δείκνυ-

2103 895 2210 944 σιν,
2247 879 2362 932 ἀλλ’
2387 875 2498 933 οἷον
2530 883 2623 933 καὶ
2646 882 2900 948 ἐκτέμνει
2927 883 3017 935 καὶ
3047 883 3535 952 ἀποδιοπομπεὴαι
3563 887 3649 949 τὰς

431 963 738 1018 Possumne
769 981 897 1018 vero
935 966 1028 1019 tali
1067 967 1252 1037 regula
1291 965 1465 1022 refelli
1495 972 1588 1038 qui
1617 978 1803 1024 errant
1835 984 1984 1039 supet

2100 971 2520 1042 στρεϐλότητας.
2551 974 2705 1026 Ἔστι
2751 974 2794 1026 δ’
2825 975 2932 1043 ἄρα
2963 973 3057 1026 καὶ
3103 975 3227 1038 τοὺς
3265 977 3651 1045 σφαλλομένους

436 1049 644 1105 Domini
687 1052 1107 1108 intaruatione?

503 1230 732 1298 Tlteoplt.
765 1230 1007 1300 Optime.

500 1321 682 1376 ΤΙιροι.
707 1321 841 1386 Quis
877 1323 1041 1390 igitur
1076 1325 1295 1376 canon?

501 1414 722 1482 TIteop/t.
762 1413 859 1468 llic
889 1423 992 1480 est,
1025 1415 1310 1470 Credimus
1343 1417 1396 1470 in
1421 1432 1586 1470 unum
1617 1416 1805 1472 Jesum
1840 1418 1996 1472 Cltri-

427 1516 596 1569 stunt,
627 1505 832 1558 scilicet
889 1504 944 1558 in
996 1505 1214 1558 unicum
1285 1505 1376 1560 Dei
1434 1507 1656 1571 Filium,
1711 1508 1989 1562 hominem

425 1596 652 1660 luctum,
682 1595 1042 1665 eumdemque
1065 1597 1220 1665 quasi
1246 1597 1539 1666 duplicem.
1571 1599 1628 1652 Si
1658 1599 1827 1668 igitur
1851 1599 1994 1652 dicat

427 1683 704 1740 Nestorius
731 1685 896 1740 alium
923 1700 1044 1740 esse
1077 1686 1141 1740 de
1167 1687 1324 1742 Patre
1352 1688 1613 1756 genitum,
1645 1697 1697 1742 et
1726 1687 1891 1742 alium
1923 1705 1988 1744 ex

2101 1066 2229 1133 περὶ
2266 1064 2365 1134 τὴν
2397 1067 2732 1137 Δεσποτικὴν
2771 1067 3084 1138 οἰκονομίαν
3121 1067 3187 1120 δι’
3235 1068 3419 1136 ὁμοίου
3449 1070 3652 1134 κανόνος

2099 1154 2400 1227 ἐξελέγχειν
2427 1174 2442 1220 ;

2173 1249 2349 1316 6805p.
2383 1249 2657 1304 Μάλιστα.

2172 1339 2338 1393 Θεότ.
2371 1339 2466 1402 Τίς
2499 1339 2592 1393 οῦν
2618 1343 2645 1394 6
2681 1341 2900 1406 κανών;

2171 1430 2346 1497 Θεοφ.
2381 1429 2504 1485 Ὀτι
2557 1431 2887 1503 πιστεύομεν
2926 1435 3005 1495 είς
3053 1433 3150 1486 ἕνα
3201 1432 3406 1504 Κύριον
3458 1435 3646 1505 Ἰησοῦν

2100 1521 2359 1590 Χριστὸν,
2382 1525 2662 1577 τουτέστιν
2691 1525 2771 1588 είς
2804 1525 2903 1578 ἕνα
2922 1525 3048 1578 Υίὸν
3074 1525 3167 1579 τοῦ
3195 1526 3354 1591 Θεοῦ,
3395 1527 3649 1597 ὲνανθρω-

2095 1613 2368 1677 πήσαντα,
2384 1616 2579 1668 ταύτὸν
2601 1615 2644 1668 δ’
2669 1617 2842 1670 εἰπεῖν
2868 1617 3110 1672 διπλοῦν.
3129 1618 3260 1672 Ἐὰν
3276 1613 3368 1671 οῦν
3395 1618 3523 1692 λέγῃ
3551 1618 3640 1672 Ne-

2099 1704 2311 1774 στόριος
2357 1704 2516 1758 ἄλλον
2551 1706 2642 1758 τὸν
2691 1708 2755 1759 ἐκ
2794 1707 2954 1771 Θεοῦ,
2991 1709 3088 1762 καὶ
3133 1708 3296 1764 ἄλλον
3338 1710 3647 1776 16vtx.':i;;

426 1776 594 1831 Matre
637 1775 859 1843 Virgine
891 1787 1074 1832 natum
1108 1795 1123 1846 ;
1156 1781 1200 1833 si
1255 1793 1418 1832 unam
1451 1787 1672 1832 econtra
1712 1777 1984 1850 Eutyebes

2097 1795 2318 1864 Μητρὸς
2355 1795 2653 1864 παρθένου,
2698 1797 2828 1868 μίαν
2850 1799 2906 1853 δὲ
2946 1797 3182 1869 Χριστοῦ
3209 1798 3370 1868 φύσιν
3392 1775 3647 1869 ἀντιστρό-

427 1878 687 1935 agnoscat
719 1877 968 1926 naturam
995 1887 1008 1924 :
1042 1882 1096 1925 ιιι
1128 1884 1316 1925 eorum
1350 1884 1630 1926 sermones
1657 1869 1780 1924 fidei
1804 1871 1994 1926 confer

2098 1901 2209 1953 φως
2247 1886 2274 1937 6
2324 1887 2590 1957 Εὑτυχὴς,
2632 1890 2948 1958 προσάγαγε
2985 1890 3048 1943 σὺ
3095 1891 3223 1952 τοὺς
3256 1891 3434 1943 αὐτῶν
3474 1890 3646 1957 λόγους

427 1954 616 2021 indici,
657 1956 748 2026 qui
780 1974 947 2012 unum
986 1959 1366 2030 duplicemque
1404 1969 1463 2015 ut
1502 1959 1984 2015 Hominem-Deum

2092 1978 2172 2047 τῷ
2211 1954 2581 2051 γνώμονι-τῆς
2628 1954 2963 2047 πίστεωςξὸς
3004 1983 3101 2036 ἕνα
3141 1983 3366 2037 διπλοῦν
3397 1983 3469 2047 ώς
3504 1954 3644 2037 θεάν-

425 2046 558 2100 dicit
584 2048 833 2102 eumdem
863 2050 1141 2106 Christum
1175 2071 1187 2105 :
1229 2063 1282 2106 et
1326 2052 1508 2105 statim
1561 2053 1848 2106 evincetur
1878 2051 1988 2105 Ett-

425 2137 611 2207 tycltes
663 2138 930 2206 duplicem
983 2157 1188 2212 negans
1243 2151 1528 2205 naturam,
1581 2150 1634 2197 et
1706 2141 1993 2200 Nestor-ius

425 2228 630 2285 tollens
681 2229 1045 2300 hyposms‘eon
1083 2234 1346 2287 unitatem
1381 2243 1432 2287 et
1475 2239 1685 2288 natura:
1731 2231 1992 2286 dualitate

424 2320 690 2379 unitatem
728 2338 970 2398 personae
991 2333 1230 2382 evertere
1266 2325 1601 2396 aggrediens.

493 2503 676 2560 Tlteot.
711 2507 963 2575 lpsittsne
1009 2509 1254 2563 Barlaatn
1295 2518 1348 2563 et
1392 2523 1584 2564 eorum
1633 2509 1724 2579 qui
1764 2524 1886 2565 cum
1923 2524 1989 2563 eo

421 2612 556 2666 pene
589 2610 938 2665 corruerunt,
982 2617 1196 2657 errores
1226 2601 1508 2672 indigitare
1531 2612 1584 2657 et
1607 2603 1794 2658 eodem
1826 2604 1988 2659 modo

421 2687 665 2744 refellere
700 2695 912 2761 possis?

498 2779 727 2851 Tlteoph.
768 2783 1040 2839 Profecto.

495 2867 677 2926 Tlteot.
712 2869 860 2942 Ergo
883 2882 938 2928 et
973 2876 1074 2929 hoc
1106 2875 1267 2931 nobis
1293 2877 1524 2946 amplius
1550 2880 1733 2935 verbis
1755 2881 1986 2950 explica.

499 3051 730 3122 Theoplt.
757 3053 833 3106 En
861 3055 1188 3124 explanabo.
1213 3056 1278 3110 Et
1301 3058 1445 3114 sicut
1469 3060 1702 3129 primum
1733 3062 1878 3115 illum
1907 3065 1988 3118 in-

425 3143 600 3198 dicem
640 3160 705 3198 ex
757 3146 1015 3202 Mosaicis
1066 3148 1306 3204 textibus
1339 3128 1670 3221 deprompsi,
1719 3154 1791 3208 ita
1845 3128 2058 3211 huncC

430 3251 496 3290 ex
529 3236 748 3292 Patrum
787 3239 1116 3294 testimoniis
1161 3257 1372 3298 eruam.
1426 3244 1491 3298 Hi
1538 3246 1753 3314 quidem
1800 3260 1989 3302 omnes

432 3347 600 3386 uttqu
641 3344 790 3397 sunt,
814 3334 966 3398 juxta
998 3335 1212 3389 Domini
1235 3347 1443 3402 votum,
1475 3347 1527 3392 et
1562 3355 1626 3394 ex
1659 3355 1769 3396 uno
1797 3356 1985 3397 eorum

428 3425 614 3478 eadem
652 3426 1015 3482 conficeretur
1045 3430 1267 3498 regula;
1315 3431 1562 3498 pluribus
1617 3442 1798 3488 tamen
1850 3451 1988 3505 opus

421 3523 502 3570 est
533 3515 603 3572 ob
645 3517 867 3574 nimiam
895 3519 1324 3575 adversariorum
1366 3523 1742 3592 pertinaciam.

447 3745 452 3750 .
493 3695 676 3754 Theot.
725 3698 822 3754 Dle
848 3740 862 3765 ,
892 3715 1096 3770 quaeso,
1133 3701 1516 3772 Tltettpltanes,
1545 3720 1607 3758 ea
1632 3720 1752 3775 quae
1779 3707 1983 3763 asseris

417 3796 468 3841 et
496 3789 616 3858 quis
664 3789 884 3847 locutus
923 3791 993 3846 sit
1025 3801 1079 3846 et
1122 3793 1212 3847 ubi
1271 3808 1492 3864 Operam
1534 3796 1822 3862 dixerit,ut
1853 3813 1983 3865 pos-

417 3879 526 3930 sint
555 3881 646 3948 qui
702 3883 971 3941 voluerint
1004 3883 1055 3940 in
1118 3885 1249 3954 ipsis
1302 3901 1491 3941 eorum
1548 3887 1700 3943 libris
1770 3889 1983 3958 singula

415 3967 614 4039 legere.

485 4061 711 4130 Theoph.
747 4063 839 4119 Sic
878 4065 1075 4121 faciam
1098 4104 1114 4131 ,
1150 4075 1198 4120 et
1231 4068 1572 4137 potissimum
1602 4071 1777 4126 citabo
1813 4073 1986 4128 utilis-

413 4153 550 4206 sima
583 4157 648 4208 ad
696 4157 1033 4226 propositum
1096 4167 1344 4215 recenter
1382 4161 1563 4216 ftnem.
1618 4163 1850 4218 Basilius
1880 4165 1986 4218 Ma-

413 4260 551 4307 gnus
577 4284 592 4310 ,
625 4246 1100 4317 quadragesimum
1151 4260 1406 4318 quartum
1455 4254 1732 4322 explicans
1767 4255 1982 4311 Davidls

413 4336 703 4402 psalmum,
743 4336 860 4392 ait:
900 4356 917 4388 ι
956 4338 1315 4394 Pulcbritudo
1353 4341 1748 4412 Omnipotentis
1782 4358 1865 4401 est
1897 4349 1980 4402 iu-

2097 2069 2315 2137 θρωπον
2354 2072 2504 2140 λέγει
2541 2073 2635 2127 τὸν
2665 2074 2828 2128 αὑτὸν
2861 2075 3100 2144 Χριστόν
3125 2091 3140 2108 ’
3173 2075 3340 2138 εὐθὺς
3362 2075 3466 2142 γὰρ
3490 2075 3644 2128 Εὐτυ-

2093 2161 2192 2230 Χῆς
2244 2162 2716 2235 ἐξελεγχθήσεται,
2749 2167 2809 2218 τὸ
2859 2165 3083 2219 διπλοῦν
3135 2165 3500 2235 ἀρνούμενος·
3534 2169 3560 2219 ὁ
3593 2166 3642 2220 δι

2093 2250 2390 2323 Νεστόριος
2412 2254 2619 2308 ἀθετῶν
2640 2256 2700 2308 τὸ
2726 2259 2823 2325 τῆς
2849 2255 3202 2319 ὑποστάσεως
3232 2257 3529 2324 μοναδικὸν,
3560 2257 3641 2310 καὶ

2092 2340 2172 2409 τῷ
2220 2340 2389 2412 δυῖκῷ
2445 2345 2542 2412 τῆς
2583 2345 2799 2412 φύσεως
2855 2345 3186 2418 ἀνατρέπειν
3236 2346 3295 2399 τὸ
3346 2346 3534 2398 ἑνιαῖον
3561 2345 3640 2398 τοῦ

2093 2431 2390 2501 προσώπου
2433 2435 2721 2506 ἐγχειρῶν.

2165 2527 2330 2580 Θεότ.
2359 2521 2436 2580 Ἥ
2465 2527 2575 2598 μὴν
2601 2527 2696 2580 καὶ
2719 2528 2815 2591 τὰς
2844 2526 2936 2580 τοῦ
2967 2527 3242 2598 Βαρλαὰμ
3263 2529 3355 2582 καὶ
3387 2529 3490 2580 τῶν
3513 2525 3642 2597 αὐτῷ

2094 2618 2561 2672 κινδυνευσάντων
2601 2621 2946 2690 προσρυῆναι
2991 2620 3170 2686 δείξας
3217 2620 3311 2674 τὸν
3347 2620 3502 2674 αὑτὸν
3528 2620 3638 2690 τρό-

2102 2729 2200 2764 πον
2231 2711 2526 2778 ἁπελᾶγξαι
2562 2713 2749 2784 σχοίης
2787 2715 2887 2779 ᾰνς

2165 2807 2341 2873 Θεοφ.
2385 2805 2530 2858 Πάνυ
2571 2822 2654 2873 γε.

2167 2899 2330 2951 Θεότ.
2373 2896 2678 2966 Σαφήνισον
2710 2897 2801 2951 οῦν
2840 2897 2935 2952 καὶ
2966 2898 3112 2953 τοῦθ’
3143 2900 3284 2970 ἡμῖν
3321 2900 3409 2954 διὰ
3437 2901 3535 2955 τῶν
3559 2900 3634 2955 λό-

2095 3006 2206 3056 γων
2246 2989 2526 3042 ὲπιπλέον.

2165 3083 2340 3150 Θεοφ.
2379 3082 2484 3133 Καὶ
2541 3082 2603 3153 δὴ
2665 3081 2951 3152 σαφηνιῶ’
2997 3084 3251 3155 καθάπερ
3301 3086 3389 3139 τὸν
3446 3085 3634 3155 πρῶτον

2093 3176 2300 3228 ἐκεῖνον
2328 3174 2433 3229 ἀπὸ
2463 3177 2570 3229 τῶν
2605 3175 2912 3229 Μωσαῖκῶν
2946 3177 3140 3244 φωνῶν
3171 3177 3540 3232 κατεσκεύασα
3562 3193 3633 3231 σοι

2095 3265 2374 3335 γνώμονα,
2406 3267 2548 3319 οῦτω
2573 3267 2764 3321 τοῦτον
2796 3267 2902 3320 ἀπὸ
2928 3270 3036 3321 τῶν
3066 3271 3350 3339 πατρικῶν
3371 3269 3635 3341 ἐξεργασά-

2095 3374 2257 3425 μενος
2279 3372 2292 3387 ⁶
2327 3356 2385 3410 ἒν
2437 3358 2546 3427 γὰρ
2580 3353 2726 3411 οὗτοι
2780 3361 2980 3421 πάντες
3010 3362 3153 3412 κατὰ
3197 3361 3298 3429 τὴν
3329 3359 3635 3428 Δεσποτικὴν

2091 3449 2276 3520 εὐχὴν,
2314 3446 2382 3521 ἦν
2419 3449 2464 3502 δ’
2511 3450 2576 3504 ἂν
2615 3452 2709 3504 καὶ
2749 3450 2809 3516 ἐξ
2857 3452 2974 3514 ἐνὸς
3019 3451 3204 3505 αὐτῶν
3251 3453 3632 3506 κατασκευάσαι

2088 3541 2180 3595 τὸν
2217 3542 2399 3596 αὐτόν.
2440 3542 2708 3596 Πλειόνων
2754 3542 2937 3612 μέντοι
2979 3543 3058 3596 δεῖ
3111 3543 3204 3598 διὰ
3244 3545 3367 3608 τοὺς
3403 3541 3650 3603 ἐπιεικῶς.

2095 3632 2590 3701 ίσχυρογνώμονας.

2165 3725 2330 3778 Θεότ.
2372 3725 2511 3794 Λέγε
2563 3725 2701 3796 πρὸς
2743 3725 2902 3789 Θεοῦ,
2958 3726 3257 3795 Θεότρανες,
3314 3727 3398 3796 ἐφ’
3426 3725 3630 3780 ἑκάστω

2089 3814 2196 3868 τῶν
2232 3816 2336 3869 ὑπὸ
2387 3816 2481 3870 σοῦ
2517 3817 2971 3887 προϐαλλομένων
2997 3821 3092 3871 καὶ
3121 3819 3215 3872 τὸν
3247 3820 3515 3890 εἰρηκότα,
3551 3818 3632 3870 καὶ

2088 3901 2150 3960 οῦ
2189 3909 2295 3961 τῶν
2337 3908 2514 3978 λόγων
2551 3906 2729 3974 εἶπεν,
2762 3909 2832 3963 ἶν’
2865 3911 2953 3980 εἴη
2995 3909 3072 3980 τῷ
3111 3912 3422 3983 βουλομένῳ
3451 3913 3506 3964 ὲν
3528 3909 3630 3970 ταῖς

2089 4000 2267 4052 αὐτῶν
2297 4001 2534 4063 ἐκείναις
2564 4000 2766 4070 βίϐλοις
2797 4003 3194 4071 ἀναγινώσκειν
3220 4004 3442 4057 ἕκαστα.

2161 4093 2335 4159 Θεοφ.
2365 4091 2523 4145 Οὒτω
2547 4092 2611 4164 δὴ
2643 4094 2855 4164 ποιήσω
2877 4093 3094 4161 μάλιστ’
3121 4095 3217 4146 ἐπὶ
3246 4093 3354 4147 τῶν
3376 4095 3632 4162 ἀναγκαιο-

2087 4179 2265 4232 τάτων
2292 4182 2429 4250 πρὸς
2458 4183 2520 4236 τὸ
2559 4183 2924 4255 προκείμενον
2962 4187 3168 4257 ἀρτίως
3196 4189 3440 4258 σκέμμα.
3487 4179 3630 4236 Βασί-

2089 4269 2232 4334 λειος
2289 4270 2380 4324 οῦν
2409 4275 2438 4325 6
2491 4275 2702 4338 Μέγας,
2750 4275 2842 4328 τὸν
2897 4277 3338 4347 τεσσαρακοστὸν
3396 4276 3631 4342 τέταρτον

2089 4362 2370 4432 διασαφῶν
2417 4365 2710 4418 Δαὸιτικὸν
2743 4365 2980 4436 ψαλμὸν,
3020 4388 3039 4420 ι
3083 4368 3315 4435 Κάλλος,
3366 4366 3512 4437 φησὶ,
3548 4361 3630 4417 τοῦ

417 4422 710 4488 telligibilis
748 4424 864 4493 ejus
892 4434 946 4479 et
973 4427 1204 4480 visibilis
1227 4430 1502 4484 divinitas.
1561 4451 1580 4484 ι
1613 4434 1978 4505 —Gregorius

2090 4451 2242 4516 ὄντος
2289 4455 2542 4521 δυνατοῦ,
2578 4457 2612 4527 ἠ
2668 4459 2835 4528 νοητὴ
2875 4460 3040 4515 αὐτοῦ
3076 4461 3173 4515 καὶ
3229 4459 3473 4532 θεωρητὴ
3525 4455 3630 4510 θεό-

412 4510 737 4578 Theologus,
771 4515 835 4568 ad
869 4515 1274 4585 intelligentiam
1325 4521 1606 4590 impellens
1643 4524 1814 4578 divini
1843 4529 1977 4596 bap-

412 4600 646 4657 tismatis
680 4643 694 4664 ,
727 4603 904 4658 dicit:
959 4624 978 4658 ι
1044 4605 1250 4662 Lumen
1275 4618 1358 4663 est.
1437 4611 1693 4669 dlviuitas
1741 4631 1863 4687 quae
1917 4619 1972 4672 in

411 4701 594 4748 monte
623 4697 873 4765 apparuit
907 4697 1068 4767 paulo
1101 4700 1332 4756 vividlor
1387 4704 1504 4759 visu
1533 4744 1549 4760 .
1587 4726 1605 4758 ι
1642 4708 1850 4766 Rursus
1907 4711 1972 4764 ad

408 4783 725 4841 Cledonium
772 4789 1014 4844 scribens
1045 4807 1060 4844 :
1108 4809 1126 4842 ι
1169 4789 1356 4848 Veniet
1403 4796 1666 4865 quidem,
1697 4801 1792 4866 ait,
1824 4801 1975 4872 quta

409 4893 590 4932 meum
629 4894 956 4947 sermonem,
989 4883 1111 4937 talis
1150 4900 1279 4939 vero
1309 4887 1484 4957 qualis
1509 4892 1762 4958 apparuit
1791 4903 1844 4946 et
1891 4895 1973 4948 vi-

407 4985 503 5026 sus
531 4982 612 5026 est
641 4973 920 5043 discipulis
954 5015 970 5042 ,
1002 4987 1294 5044 superante
1330 4980 1632 5035 eminenter
1665 4983 1971 5038 humanita-

409 5077 516 5118 tem
546 5065 846 5120 divinitate.
883 5085 902 5118 ι
939 5067 1280 5123 —Macarius
1334 5069 1557 5140 Magnus
1584 5111 1599 5136 ,
1635 5076 1972 5143 spit-ltualetu

405 5155 694 5223 visionem,
745 5159 924 5227 quoad
984 5161 1098 5213 fieri
1150 5171 1345 5228 potest,
1379 5165 1678 5231 explicans,
1706 5176 1758 5220 et
1794 5169 1859 5220 de
1893 5170 1975 5221 lu-

405 5251 549 5304 mine
601 5252 947 5307 revelationis
993 5252 1264 5308 disserens
1303 5273 1315 5308 :
1363 5272 1382 5302 ο
1434 5255 1591 5321 Quia,
1625 5256 1819 5325 inquit,
1855 5272 1975 5313 om-

402 5341 492 5395 nis
517 5343 772 5412 cogitatio
829 5359 923 5413 per
977 5343 1312 5398 sensibilium
1355 5350 1715 5416 quorumdam
1775 5365 1969 5418 reprre-

401 5432 762 5487 seutationem
793 5434 957 5489 intrat
1007 5438 1060 5488 lu
1091 5439 1329 5489 animam
1362 5476 1375 5500 ,
1407 5438 1544 5492 Itane
1589 5441 1800 5495 beatum
1834 5442 1972 5498 divi-

399 5525 586 5578 uitatis
651 5528 829 5581 lumen
873 5539 1000 5583 tunc
1031 5528 1284 5592 illustrat,
1312 5546 1477 5597 quum
1531 5548 1647 5584 eam
1691 5535 1792 5588 illze
1843 5551 1973 5588 et-a.

400 5629 634 5670 cuarunt
683 5626 746 5686 et,
780 5619 1073 5676 informare
1101 5622 1380 5675 desierunt
1427 5639 1442 5676 :
1479 5623 1748 5692 siquidem
1786 5627 1971 5694 requi-

406 5705 541 5760 ritur
575 5707 686 5764 haec
747 5712 990 5768 omnium
1039 5711 1432 5782 cogitationum
1484 5716 1718 5785 privatio
1763 5726 1820 5770 ut
1850 5719 1970 5772 talis

2086 4561 2206 4614 της.
2244 4563 2262 4596 ι
2301 4547 2604 4618 Γρηγόριος
2655 4550 2710 4604 δὲ
2748 4550 2776 4602 ὁ
2814 4550 3094 4622 Θεολόγος,
3137 4554 3219 4617 είς
3250 4551 3505 4622 ἀνάληψιν
3545 4543 3628 4600 τοῦ

2087 4637 2232 4691 θείου
2259 4641 2703 4710 προτρεπόμενος
2744 4643 3143 4714 βαπτίσματος,
3181 4663 3200 4697 t
3233 4645 3371 4710 Φῶς,
3401 4638 3628 4712 quasi“)

2086 4730 2513 4799 παραδειχθεῖσα
2567 4734 2759 4803 θεότης
2789 4735 2879 4786 ἐπὶ
2909 4734 3002 4786 τοῦ
3049 4735 3211 4805 ὅρους
3235 4737 3347 4796 τοῖς
3382 4731 3628 4798 μαθηταῖς

2090 4821 2288 4891 μικροῦ
2341 4824 2670 4894 στερροτέρα
2725 4827 2817 4879 καὶ
2850 4825 3047 4895 ὅψεως.
3099 4846 3118 4879 ι
3167 4826 3274 4880 Καὶ
3308 4822 3458 4886 αὖθις
3510 4817 3629 4886 πρὸς

2089 4911 2382 4981 Κληδόνων
2432 4915 2682 4984 γράφων,
2721 4935 2738 4968 t
2775 4917 2932 4982 ’Ἥξει
2968 4919 3087 4986 μὲν,
3119 4920 3304 4988 φησὶν,
3338 4917 3411 4979 ὡς
3457 4915 3482 4966 ὀ
3511 4911 3627 4979 ἐμὸς

2084 5002 2263 5069 λόγος,
2299 5003 2539 5067 τοιοῦτος
2567 5006 2622 5058 δὲ
2653 5000 2762 5070 οἷος
2794 5006 2949 5078 ῶφθη
2981 5011 3095 5072 τοῖς
3126 5006 3442 5079 μαθηταῖςῆ
3479 5016 3628 5071 παρέ·

2084 5092 2292 5162 δείχθη,
2358 5095 2742 5166 ὑπερνικώσης
2781 5099 2840 5151 τὸ
2885 5099 3108 5168 σαρκίον
3163 5100 3261 5167 τῆς
3315 5097 3572 5164 θεότητος.
3603 5105 3621 5139 1

2086 5185 2371 5255 Μακάριος
2422 5188 2480 5240 δὲ
2524 5191 2551 5241 ὁ
2582 5190 2792 5256 Μέγας,
2825 5189 2900 5253 ὡς
2953 5192 3070 5244 ὲνὸν
3117 5196 3218 5261 τὴν
3271 5183 3623 5255 πνευματικὴν

2087 5273 2320 5346 θεωρίαν
2343 5279 2722 5344 ὲκκαλύπτων,
2751 5281 2845 5332 καὶ
2869 5281 3000 5350 περὶ
3025 5278 3116 5333 τοῦ
3138 5281 3233 5349 τῆς
3255 5275 3623 5342 ἀποκαλύψεως

2085 5367 2388 5436 διατρανῶν
2448 5369 2645 5437 φωτὸς,
2684 5389 2703 5422 ‹
2751 5371 2990 5442 Ἐπειδὴ,
3037 5373 3190 5442 φησὶ,
3239 5371 3344 5432 πᾶς
3388 5362 3621 5432 λογισμὸς

2083 5457 2167 5508 διὰ
2201 5457 2496 5525 φαντασίας
2522 5460 2798 5528 αἰσθητῶν
2820 5479 2982 5514 τινων
3007 5463 3306 5532 εἰσέρχεται
3335 5461 3388 5511 ἐν
3415 5458 3474 5526 τῇ
3499 5467 3618 5520 καθ’

2082 5544 2191 5614 δίᾳ,
2227 5548 2344 5597 τότε
2379 5547 2609 5613 αὑγέιζει
2661 5548 2831 5618 αὐτὴν
2859 5549 2918 5601 τὸ
2953 5551 3221 5623 μακάριον
3259 5549 3367 5616 φῶς
3391 5547 3481 5612 τῆς
3513 5539 3617 5593 θεόο

2081 5653 2263 5702 τητος,
2324 5638 2451 5691 ὅταν
2511 5640 2686 5711 πάντη
2737 5643 3047 5713 εὐκαιρήσῃ
3107 5641 3212 5695 ἀπὸ
3277 5640 3483 5693 πάντων
3535 5631 3615 5682 καὶ

2086 5725 2491 5792 ἁτχημάῖιστος
2532 5730 2590 5780 ἐκ
2623 5731 2826 5783 τούτων
2860 5734 3108 5803 γένηται,
3138 5733 3292 5802 εἴπερ
3329 5733 3358 5799 ἡ
3390 5722 3611 5794 λαμπρὼ

2771 5925 2799 5944 κ
