3956 6194
280 285 379 349 921

1654 294 1752 351 TH
1764 292 2182 353 EOPIIANES.

3411 290 3519 355 9°22

273 414 377 467 της
424 396 610 467 ἐκείνη
661 397 803 451 κατὰ
845 396 1102 468 στέρησιν
1136 399 1353 452 πάντων
1406 400 1514 452 τῶν
1558 402 1849 470 νοημάτων

1955 400 2283 456 illutniuatio
2315 415 2464 470 purae
2495 400 2661 454 menti
2686 400 2947 472 aﬂ'nlgeat
2968 437 2982 451 .
3024 397 3290 455 i—Divus
3322 398 3522 455 Metro-

274 486 684 557 παραφαίνεται
727 488 803 557 τῷ
837 489 1062 559 καθαρῷ
1107 490 1207 544 νοῖ.
1252 510 1269 543 ι
1316 490 1691 561 Μητροφάνης
1728 491 1785 544 δὲ
1820 493 1849 543 ὁ

274 581 442 646 θεῖος,
476 580 614 650 πρὸς
653 580 812 650 μέλος
852 582 1121 643 συντιθεὶς
1159 583 1285 645 τοὺς
1318 583 1534 650 λόγους,
1571 601 1589 633 ι
1637 583 1695 637 Ὀ
1728 584 1849 637 κατ’

271 674 465 727 οὐσίαν
490 672 806 741 ἀθεώρητος
836 673 1026 739 Λόγος,
1069 673 1356 741 ἄνθρωπος
1392 674 1598 744 ὤφθης,
1643 674 1730 727 τὸν
1754 675 1849 728 ἀν-

273 762 499 831 θρωπον
551 761 993 830 ἀνακαλούμενος
1052 761 1188 831 πρὸς
1244 763 1537 832 μετουσίαν
1591 762 1692 830 τῆς
1752 756 1893 832 σῆς¹

272 854 551 920 θεότητος.
594 869 612 902 ι
657 852 694 902 Γ
700 852 950 921 ρηγόριος
980 851 1037 904 δὲ
1065 853 1093 904 ὀ
1122 852 1345 923 Νύσσης
1367 852 1434 905 τὰ
1462 853 1568 906 τῶν
1598 854 1851 922 Πνευμα-

269 946 532 1015 στομάχων
567 945 915 1014 ἀνατρέπων,
960 964 981 993 ‹
1026 946 1102 999 Οὐ
1138 944 1236 1015 τὴν
1275 945 1458 1015 φύσιν,
1491 945 1677 1015 φησὶν,
1713 945 1849 999 ἀλλά

269 1042 375 1106 τὴν
416 1037 675 1105 θεατικὴν
734 1038 965 1106 δύναμιν
998 1038 1092 1091 τοῦ
1126 1039 1441 1107 Πνεῦματος
1468 1041 1500 1107 ἡ
1538 1040 1637 1107 τῆς
1668 1038 1853 1109 θεότη-

270 1147 365 1192 τος
404 1129 745 1200 προσηγορία
789 1131 1112 1197 παρίστησι.
1150 1130 1214 1182 Εἴ
1239 1149 1290 1183 τι
1326 1130 1433 1197 γὰρ
1474 1130 1690 1196 λέγεται
1721 1131 1850 1199 περὶ

272 1221 467 1289 αὖτῆςν
514 1220 621 1272 τῶν
658 1220 785 1286 περὶ
817 1221 989 1290 αὑτήν
1025 1238 1078 1272 τι
1114 1222 1500 1290 ἀποσημαίνει.
1538 1222 1684 1292 Αὐτὴ
1726 1223 1781 1275 δὲ
1814 1224 1846 1291 ἠ

276 1315 397 1367 θεία
456 1315 616 1383 φύσις
674 1315 951 1384 ἀφραστός
997 1333 1057 1367 τε
1102 1317 1196 1368 καὶ
1250 1316 1631 1387 ἀνεκξριῒινητος
1675 1318 1850 1386 μένει,

274 1406 681 1474 ὑπερϐαίνουσα
709 1410 891 1460 πᾶσαν
913 1410 1013 1477 τὴν
1045 1407 1134 1459 διὰ
1160 1408 1259 1475 τῆς
1291 1409 1473 1476 φωνῆς
1501 1410 1791 1477 σημασίαν.
1825 1427 1844 1460 ι

276 1500 387 1550 Καὶ
416 1499 576 1550 milvi
608 1500 635 1550 ὁ
670 1500 833 1562 αὑτδς
874 1501 1010 1571 πρὸς
1052 1499 1335 1551 Ἀδλὰϐιον
1361 1500 1609 1569 γράφων,
1638 1519 1654 1549 ι
1695 1500 1847 1565 Θεὸς,

274 1589 466 1657 φησὶν,
503 1590 828 1658 ἐνεργοῦντα
856 1590 1025 1659 δηλοῖ,
1072 1591 1265 1660 θεότης
1308 1592 1363 1643 δὲ
1398 1592 1681 1658 ἐνέργειαν
1704 1608 1719 1623 ·
1754 1591 1847 1643 οὐ·

270 1683 364 1735 δὲν
409 1682 463 1734 δὲ
504 1683 612 1734 τῶν
643 1683 809 1750 τριῶν
850 1683 1124 1752 ἐνέργεια,
1177 1683 1311 1736 ἀλλὰ
1345 1683 1546 1749 μᾶλλον
1588 1683 1848 1750 ἐνεργοῦν

1957 495 2164 564 phanes
2196 535 2212 561 ,
2243 494 2335 563 qui
2373 494 2622 548 versibus
2677 508 2962 550 sermones
3009 492 3338 562 comppsuit,
3370 492 3521 547 dicit:

1962 604 1981 636 ι
2014 585 2058 639 Ο
2091 583 2330 638 Verbum
2391 586 2628 640 essentia
2663 585 2959 651 invisibile,
2997 588 3160 640 homo
3193 584 3523 653 apparuisti,

1953 687 2013 730 ut
2044 676 2316 730 hominem
2364 691 2651 731 revocares
2716 676 2783 730 ad
2844 676 3142 731 divinitatis
3169 686 3274 729 tuae
3304 675 3527 744 partici-

1952 768 2661 840 pationem.»-Gregorius
2710 769 3008 841 Nyssenus,
3047 772 3281 839 Spiritus
3341 770 3517 825 sancti

1952 862 2298 917 adversarios
2356 862 2615 918 refellens
2649 880 2664 917 :
2696 882 2715 914 ι
2755 861 2871 918 Non
2933 870 3181 918 naturam
3224 905 3239 930 ,
3274 864 3370 928 ait,
3423 864 3518 917 sed

1951 954 2189 1008 divinam
2243 953 2477 1024 Spiritus
2522 954 2778 1008 virtutem
2814 954 3063 1025 designat
3086 956 3386 1009 divinitatis
3418 969 3521 1007 no-

1951 1064 2097 1101 men:
2126 1047 2386 1117 quidquid
2451 1049 2596 1102 enim
2660 1048 2727 1101 de
2760 1048 2859 1101 hac
2911 1049 3111 1103 dicitur
3138 1089 3151 1110 ,
3180 1064 3243 1101 ea
3300 1062 3421 1116 qua:
3450 1047 3515 1100 ad

1952 1139 2123 1206 ipsam
2159 1147 2406 1206 spectant
2456 1139 2725 1207 signiﬁcat
2761 1180 2776 1205 ,
2813 1140 2925 1209 ipsa
2958 1155 3084 1194 vero
3110 1151 3301 1193 natura
3334 1141 3517 1193 divina

1951 1233 2239 1287 ineﬁabilis
2278 1242 2362 1287 est
2409 1242 2463 1286 et
2506 1234 2888 1288 inenarrabilis
2925 1274 2939 1299 ,
2970 1249 3184 1287 omnem
3252 1233 3520 1286 excedens

1949 1328 2095 1379 vocis
2130 1342 2159 1379 e
2184 1325 2581 1394 xpressioncm.
2617 1346 2634 1377 ›
2663 1327 2874 1380 Rursus
2926 1326 3067 1379 idem
3127 1326 3192 1378 ad
3228 1324 3516 1377 Ablavium

1951 1419 2233 1472 scribens:
2275 1437 2293 1469 ι
2336 1417 2501 1484 Deus,
2538 1419 2757 1489 inquit,
2800 1428 3045 1487 agentem
3071 1418 3271 1471 indicat
3306 1416 3520 1482 ,deitas

1952 1528 2083 1565 vero
2141 1513 2423 1567 virtutem:
2478 1528 2644 1582 porro
2685 1514 2865 1566 nullus
2902 1513 3062 1566 trium
3096 1522 3180 1567 est
3206 1510 3399 1573 virtus,
3428 1509 3519 1561 sed

1950 1604 2131 1670 patius
2155 1605 2534 1675 unusquisque
2574 1621 2762 1659 eorum
2794 1620 2960 1674 agens
3004 1612 3105 1659 est.
3150 1620 3168 1654 ι
3208 1633 3275 1643 ——
3301 1600 3521 1670 Magnus

1956 1696 2285 1752 Athanasius
2342 1708 2531 1751 contra
2612 1696 2984 1751 Macedonium
3050 1696 3298 1750 scribens
3366 1694 3520 1748 dicit:

270 1775 506 1825 ἕκαστον
573 1774 773 1826 αὐτῶν.
811 1793 829 1825 ι
870 1774 935 1827 Ὀ
978 1776 1034 1826 δὲ
1093 1777 1265 1842 μέγας
1336 1774 1657 1835 Ἀθανάσιος
1707 1778 1849 1829 κατά

1959 1807 1975 1837 ι
2012 1789 2144 1841 Esse
2187 1788 2354 1842 Deum
2386 1797 2470 1843 est
2536 1792 2861 1845 secundaria
2924 1800 3134 1845 natura:
3190 1788 3518 1859 proprietas:

270 1865 611 1920 Μακεδονίου
638 1865 889 1933 γράφων,
922 1883 939 1916 ι
969 1866 1041 1917 Τὸ
1064 1868 1194 1926 Θεὸς
1224 1861 1388 1927 εἶναι,
1417 1867 1572 1934 φησὶ,
1598 1867 1849 1937 δεύτερόν

272 1958 393 2005 ἐστι
419 1954 516 2019 τῆς
554 1953 767 2020 φύσεως
793 1968 807 1983 ’
843 1952 935 2007 καὶ
959 1954 1123 2020 ἡμεῖς
1147 1955 1259 2022 γὰρ
1290 1952 1403 2004 θεοὶ
1437 1953 1536 2022 μὲν
1563 1952 1847 2019 γινόμεθα,

270 2046 370 2112 τῆς
398 2044 453 2096 δὲ
481 2044 649 2109 αὐτῆς
689 2042 905 2110 φύσεως
938 2044 1189 2110 γενέσθαι
1215 2044 1274 2096 οὐ
1302 2044 1599 2110 δυνάμεθα.
1652 2061 1670 2094 ι
1712 2044 1771 2095 'O
1794 2044 1851 2095 δὲ

274 2138 452 2205 μέγας
489 2133 646 2197 αὖθις
684 2135 959 2199 Βασίλειος
1007 2137 1142 2204 πρὸς
1175 2138 1267 2187 τὸν
1317 2137 1499 2206 ίατρὸν
1554 2136 1851 2189 Εὑστάθιον

271 2228 524 2295 γράφων,
556 2228 741 2296 φησὶν,
775 2246 792 2278 ι
830 2228 943 2281 Οὐκ
970 2224 1064 2279 οἵδ’
1088 2228 1237 2290 ὅπως
1267 2229 1356 2280 ἐπὶ
1382 2231 1480 2297 τὴν
1512 2228 1611 2298 τῆς
1637 2227 1851 2295 φύσεως

273 2318 502 2383 ἔνδειξιν
529 2319 625 2387 τὴν
655 2321 1031 2388 προσηγορίαν
1063 2320 1161 2387 τῆς
1210 2319 1463 2389 θεότητος
1504 2320 1763 2391 φέρουσιν
1800 2318 1851 2373 οί

274 2412 457 2463 πάντα
499 2410 1045 2473 κατασκευάζοντεςο
1088 2411 1335 2474 ἐξουσίας
1391 2412 1497 2479 γάρ
1545 2428 1690 2473 τινος
1736 2411 1849 2463 είτε

274 2502 581 2570 ὲποπτικῆς
621 2504 732 2555 εἴτε
762 2502 1129 2571 ὲνεργητικῆς
1172 2503 1397 2566 ἔνδειξιν
1430 2505 1462 2571 ἡ
1507 2502 1850 2572 προσηγορία

275 2596 434 2664 φέρει
460 2611 475 2626 ’
505 2597 537 2664 ἠ
580 2595 636 2647 δὲ
668 2593 787 2645 θεία
821 2593 983 2662 φύσις
1014 2596 1072 2646 ἐν
1104 2595 1238 2647 πᾶσι
1287 2597 1398 2656 τοῖς
1441 2594 1851 2663 ἐπινοουμένοις

275 2687 507 2756 ὀνόμασι
538 2688 671 2740 καθό
700 2688 835 2753 ἐστι,
876 2688 1031 2755 μένει
1063 2688 1399 2753 ἀσήμαντος,
1430 2686 1505 2749 ὡς
1535 2689 1561 2738 ὁ
1588 2687 1852 2755 ἡμέτερος

276 2779 459 2847 λόγος.
505 2780 585 2831 Δι’
615 2779 796 2831 αὐτῶν
825 2780 932 2847 γάρ
964 2778 1252 2849 ἐνεργειῶν
1276 2779 1538 2847 διαφορὰς
1575 2779 1852 2847 ἐδιδάχθη-

280 2892 406 2945 μεν,
458 2873 551 2927 τοῦ
585 2874 640 2927 δὲ
688 2874 1039 2943 ἐνεργοῦντος
1078 2874 1176 2943 τὴν
1224 2876 1387 2938 φύσιν
1452 2874 1607 2927 οὐδὲν
1650 2874 1853 2943 μᾶλλον

276 2967 369 3021 διὰ
393 2969 491 3037 τῆς
516 2968 624 3019 τῶν
646 2968 938 3035 ἐνεργειῶν
960 2969 1341 3037 κατανοήσεως
1372 2967 1667 3035 ἐπιγνῶναι
1697 2968 1852 3021 δυνά-

1951 1896 2075 1933 nam
2109 1889 2162 1934 et
2184 1896 2283 1936 nos
2309 1882 2379 1935 dii
2406 1882 2690 1943 eﬁicimur.
2744 1883 2985 1952 ejusdem
3014 1899 3140 1936 vero
3162 1898 3282 1937 esse
3313 1888 3522 1935 natura:

1951 1989 2058 2027 non
2092 1989 2407 2043 possumus.
2446 1994 2463 2026 ι
2490 1974 2787 2041 ——Magnus
2811 1975 3005 2030 iterum
3036 1975 3289 2037 Basilius,
3313 1973 3379 2028 ad
3406 1988 3522 2027 me-

1951 2065 2133 2119 dicum
2190 2066 2531 2121 Enstathium
2582 2067 2869 2121 scribens:
2906 2086 2923 2117 ι
2957 2065 3153 2119 Nescio
3187 2106 3201 2128 ,
3245 2066 3355 2127 ait,
3388 2078 3523 2134 quo-

1954 2158 2113 2213 modo
2145 2159 2209 2212 ad
2238 2160 2628 2221 desisnandam
2684 2168 2934 2214 naturam
2988 2174 3185 2212 numen
3222 2156 3522 2213 divinitatis

1952 2252 2243 2305 adhibeant
2295 2252 2387 2321 qui
2419 2252 2601 2305 omnia
2642 2260 2879 2305 struunt:
2914 2252 3212 2318 potentiam
3240 2251 3380 2303 enim
3407 2250 3521 2302 sive

1953 2343 2343 2411 speculativam
2375 2344 2491 2398 sive
2531 2344 2823 2413 practicam
2858 2344 2960 2398 hoc
2989 2358 3181 2397 nomen
3207 2341 3517 2410 significat;

1952 2433 2189 2489 divinam
2224 2449 2353 2489 vero
2393 2443 2641 2487 naturam
2678 2474 2692 2497 ,
2746 2450 3085 2505 quaecunque
3142 2433 3524 2502 excogitentur

1955 2525 2194 2587 nomina,
2228 2524 2357 2593 quid
2404 2524 2476 2580 sit
2518 2524 2741 2579 deﬁnire
2772 2526 2957 2593 nequit
2990 2539 3169 2580 sermo
3200 2536 3406 2578 noster.
3434 2523 3523 2592 lp-

1953 2631 2137 2670 sarnm
2168 2615 2312 2669 enim
2368 2616 2741 2684 Operationum
2775 2614 3070 2669 discrimen
3109 2614 3521 2683 cognoscimus.

1952 2710 2164 2779 agentis
2190 2719 2369 2765 autem
2394 2718 2646 2764 naturam
2676 2723 2745 2763 ne
2775 2724 2868 2777 per
2889 2708 3264 2776 operationqu
3297 2706 3517 2773 quidem

1894 2830 1897 2833 λ
1953 2803 2202 2857 notitiam
2238 2804 2380 2857 scire
2424 2816 2717 2871 possttmus
2744 2841 2758 2855 .
2786 2800 2917 2854 Nam
2949 2816 3068 2854 eum
3099 2800 3223 2869 quis
3255 2800 3519 2852 rationem

1953 2896 2045 2947 dat
2098 2894 2364 2963 cujusque
2418 2894 2635 2947 illorum
2674 2894 3006 2961 nominum,
3038 2901 3089 2946 et
3114 2905 3320 2945 natura:
3352 2880 3523 2958 ipsius

1954 3001 2113 3054 quam
2142 2987 2252 3041 haec
2273 2988 2491 3040 nomina
2515 2987 2819 3055 designant.
2850 3002 2954 3041 non
2977 2986 3219 3039 eamdem
3247 2993 3521 3039 utrorum-

281 3058 442 3128 μεθα.
475 3057 644 3109 Ὀταν
677 3058 784 3125 γᾶρ
815 3057 1052 3127 ἀποδιδῷ
1078 3074 1160 3120 τις
1184 3056 1342 3124 λόγον
1372 3058 1604 3109 ἑκάστου
1640 3056 1849 3109 τούτων

1954 3092 2057 3144 que
2086 3075 2272 3130 reddet
2295 3076 2559 3130 rationem
2587 3094 2601 3130 :
2635 3092 2795 3146 porro
2826 3093 3053 3143 quorum
3091 3078 3301 3129 diversa
3328 3086 3409 3130 est
3436 3090 3520 3129 ra-

277 3149 391 3201 τῶν
440 3149 721 3216 ὀνομάτων
760 3149 856 3201 καὶ
897 3150 1066 3218 αὐτῆς
1115 3150 1213 3213 τῆς
1248 3149 1463 3217 φύσεως
1514 3150 1647 3218 περὶ
1676 3148 1741 3219 ην
1776 3150 1847 3201 τὰ

277 3241 541 3309 ὀνόματα,
579 3242 638 3291 οὔ
684 3241 775 3293 τον
805 3240 970 3293 αὑτὸν
1011 3242 1338 3307 ἀμφοτέρων
1370 3239 1641 3294 ἀποδώσει
1670 3241 1849 3308 λόγον.

278 3327 381 3386 Ὧν
416 3334 469 3385 δὲ
502 3335 702 3399 ὀὶόγος
730 3334 937 3403 ἕτερος,
969 3332 1171 3384 τούτων
1199 3335 1290 3384 καὶ
1322 3335 1353 3402 ἡ
1386 3334 1546 3400 φύσις
1574 3332 1848 3401 διάφορος·

278 3425 475 3478 οὐκοῦν
508 3425 633 3477 ἄλλο
669 3426 770 3492 μὲν
814 3426 959 3477 ἔστιν
1000 3426 1030 3493 ή
1067 3425 1242 3487 οὐσία,
1276 3420 1342 3494 ἧς
1378 3424 1530 3476 οὔπω
1561 3426 1713 3491 λόγος
1745 3442 1850 3493 μη-

278 3517 448 3585 νυτὴς
481 3516 762 3587 ἐξευρέθη,
802 3516 965 3585 ἑτέρα
988 3516 1043 3567 δὲ
1070 3517 1177 3567 τῶν
1213 3518 1340 3584 περὶ
1371 3517 1539 3585 αὐτὴν
1575 3516 1851 3586 ὀνομάτων

278 3612 311 3680 ἡ
356 3610 623 3677 σημασία,
655 3610 711 3674 ἐξ
749 3609 1030 3677 ἐνεργείας
1067 3610 1212 3670 τινὸς
1243 3609 1275 3678 ἦ
1318 3608 1473 3671 ἀξίας
1513 3608 1852 3676 ὀνομαζομέ-

276 3720 405 3755 νων.
436 3702 508 3754 Τὸ
550 3702 648 3772 μὲν
688 3698 779 3755 οὖν
822 3704 879 3754 ἐν
913 3704 1031 3764 ταῖς
1065 3700 1367 3771 ἐνεργείαις
1404 3700 1674 3769 μηδεμίαν
1714 3697 1852 3753 εῖναι

278 3790 545 3860 διαφορὰν
574 3790 683 3845 τῶν
726 3792 1033 3863 προσώπων
1062 3795 1124 3844 ἐκ
1163 3792 1263 3862 τῆς
1294 3792 1401 3845 τῶν
1435 3790 1716 3860 ὀνομάτων
1742 3808 1854 3843 κοι-

280 3879 482 3943 νωνίας
512 3880 869 3951 εὑρίσκομεν’
904 3884 1004 3952 τῆς
1048 3882 1105 3935 δὲ
1138 3883 1278 3935 κατά
1305 3882 1405 3952 τὴν
1440 3881 1604 3952 φύσιν
1646 3882 1854 3951 παραλ-

278 3972 458 4042 λαγῆς
490 3973 745 4040 οὐδεμίαν
790 3973 1283 4042 καταλαμϐάνομεν
1344 3974 1551 4043 ἐναργῆ
1596 3973 1690 4043 τὴν
1720 3957 1859 4026 ἀπόῖ

275 4066 334 4119 δε
347 4065 472 4129 ιξιν,
498 4063 677 4127 καθὼς
701 4066 916 4133 ετρηται
944 4065 1042 4132 τῆς
1066 4065 1171 4119 τῶν
1198 4065 1488 4134 ἐνεργειῶν
1505 4064 1851 4133 ταυτότητος,

274 4156 339 4209 τὸ
373 4155 553 4207 κοινὸν
581 4155 682 4224 τῆς
713 4156 927 4223 φύσεως
963 4154 1462 4225 ὑποσημαινούσης.
1506 4173 1525 4205 ι
1576 4156 1633 4207 Ὀ
1671 4156 1727 4207 δὲ
1758 4155 1854 4222 μέ-

274 4265 381 4314 γας
407 4246 680 4309 Διονύσιος
716 4248 813 4316 τὴν
846 4246 998 4298 θείαν
1028 4246 1125 4299 καὶ
1152 4247 1601 4317 ἀρχισυνάγωγον
1634 4241 1861 4316 είρήνην’

276 4340 553 4409 ὲξυμνῶν,
584 4358 603 4390 ι
633 4338 1027 4408 Αὐτοθεότητα,
1058 4338 1211 4406 φησὶ,
1246 4339 1427 4408 φαμὲν
1455 4337 1697 4407 ἀρχικῶς
1751 4337 1850 4407 μὲν

1959 3165 2055 3228 ιὶο,
2080 3165 2271 3219 horum
2298 3174 2348 3219 et
2374 3174 2564 3219 natura
2589 3164 2880 3234 discrepat,
2915 3166 3251 3235 proiudeque
3274 3165 3418 3221 aliud
3441 3174 3523 3219 est

1954 3266 2145 3310 natura
2203 3255 2363 3326 cujus
2398 3258 2636 3310 nondum
2672 3269 2884 3325 repertu
2944 3267 3028 3312 est
3079 3258 3320 3312 deﬁnitio
3361 3260 3523 3313 inter-

1958 3366 2100 3418 pres,
2154 3350 2299 3404 aliud
2350 3350 2680 3419 signiﬁcatio
2724 3350 3004 3403 nominum
3057 3365 3175 3404 eam
3227 3366 3292 3403 ex
3330 3363 3523 3416 opera-

1954 3443 2100 3495 tione
2148 3445 2381 3512 quadam
2429 3442 2511 3496 vel
2570 3443 2833 3510 dignitate
2892 3442 3291 3510 dcsignanlium
3328 3482 3341 3496 .
3381 3440 3521 3512 Ergo

1956 3534 2095 3587 inter
2126 3548 2388 3602 personas
2433 3535 2639 3586 nullum
2677 3534 2945 3600 reperitur
2988 3533 3364 3600 operationum
3410 3530 3523 3585 dis-

1955 3627 2190 3689 crimen,
2241 3641 2361 3679 cum
2395 3625 2473 3678 ha:
2499 3625 2882 3679 communibus
2906 3625 3255 3695 designentur
3288 3624 3521 3677 nomini-

1960 3715 2063 3769 bus
2096 3754 2111 3779 ,
2149 3730 2244 3769 nec
2292 3715 2399 3768 ulla
2451 3715 2721 3785 detegitur
2742 3726 2794 3771 et
2823 3715 3097 3769 indicatur
3128 3726 3335 3770 naturae
3369 3714 3521 3769 dill‘e-

1967 3796 2162 3873 rcutiu,
2202 3822 2323 3860 cum
2358 3847 2371 3871 ,
2407 3818 2461 3861 ut
2494 3808 2563 3859 dir
2585 3817 2692 3861 tum
2725 3818 2824 3871 est,
2856 3810 3232 3877 operationum
3266 3808 3523 3862 identitas

1956 3901 2213 3954 unitatem
2279 3910 2485 3954 natura:
2538 3900 2823 3966 signiﬁcet.
2868 3920 2886 3953 ο
2918 3930 2985 3940 -—
3036 3900 3262 3969 Magnus
3313 3900 3517 3969 Diony-

1962 3993 2075 4046 sius
2127 3992 2360 4045 divinam
2404 3993 2641 4047 cmlcstis
2699 3992 3015 4047 hierarchia:
3040 3992 3352 4047 felicitatem
3383 3993 3523 4047 cele-

1958 4083 2126 4137 brans
2162 4101 2176 4135 :
2214 4102 2231 4133 ι
2274 4083 2538 4137 Divinitas
2566 4126 2579 4147 ,
2613 4085 2709 4149 ait,
2739 4096 3009 4154 quatenus
3060 4084 3113 4137 in
3146 4084 3255 4139 Deo
3284 4094 3337 4139 ut
3372 4085 3523 4154 prin-

1956 4176 2098 4245 cipio
2128 4184 2180 4229 et
2214 4190 2379 4229 causa
2433 4176 2833 4239 consideratur,
2863 4193 3030 4231 unum
3058 4178 3304 4245 designat
3334 4195 3524 4249 super-

1953 4268 2308 4324 Substantiale
2367 4280 2420 4323 et
2472 4268 2679 4337 absque
2733 4270 2890 4323 initio
2951 4271 3274 4340 principium
3303 4283 3355 4327 et
3389 4288 3522 4326 cau-

1954 4376 2067 4415 sam
2095 4378 2109 4425 ;
2137 4370 2404 4430 quatenus
2446 4376 2572 4416 vero
2621 4372 2681 4415 ut
2737 4361 3057 4431 participata
3103 4371 3399 4432 spectatur,
3435 4365 3523 4418 iu-

275 4437 376 4489 καὶ⁸
403 4436 601 4497 θεῖκῶς
634 4435 729 4487 καὶ
766 4431 1087 4494 αίτιατικῶς
1120 4432 1217 4501 τὴν
1253 4433 1385 4501 μίαν
1406 4430 1729 4499 ὑπερούσιον
1758 4428 1851 4483 καὶ

1957 4452 2410 4507 communicabile
2468 4452 2562 4505 Dei
2615 4451 2974 4509 Providentiae
3045 4418 3322 4510 eﬁlitvium
3386 4456 3524 4510 diei-

273 4530 616 4599 ὑπεράρχιον
652 4527 827 4597 ἀρχὴν
876 4526 970 4579 καὶ
1005 4526 1229 4579 αἰτίαν·
1272 4523 1611 4592 μεθεκτικῶς
1655 4523 1711 4577 δὲ
1750 4522 1848 4593 τὴν

273 4622 639 4690 ἐκδεδομένην
681 4623 745 4672 ἐκ
798 4619 933 4671 Θεοῦ
969 4618 1064 4671 τοῦ
1123 4618 1428 4687 ἀμεθὲκτου
1486 4614 1853 4686 προνοητικὴν

1957 4558 2078 4597 mus
2096 4544 2346 4597 deitatem
2380 4562 2393 4597 :
2430 4544 2584 4611 cujus
2651 4543 2805 4598 factae
2838 4585 2853 4609 ,
2902 4557 3059 4614 prout
3109 4548 3209 4601 sibi
3246 4548 3521 4611 convenit,

1955 4634 2247 4704 participes
2306 4642 2571 4687 creaturae
2622 4636 2819 4687 divina:
2898 4645 3030 4688 sunt
3086 4652 3150 4689 ac
3179 4638 3458 4692 dicuntur.
3499 4656 3517 4689 ι

272 4716 531 4785 δύναμιν,
566 4717 666 4783 τὴν
719 4712 1072 4775 αὑτοθέωσιν,
1096 4708 1165 4784 ἧς
1196 4712 1262 4764 τά
1300 4711 1428 4764 ὄντα
1474 4709 1691 4762 οἰκείωτ
1728 4708 1852 4761 ἑαυ-

1954 4725 2122 4789 Alibi,
2158 4724 2339 4778 divina
2392 4724 2666 4792 explicans
2704 4724 2852 4778 Entis
2879 4725 3123 4787 nomina,
3161 4726 3330 4780 dicit:
3359 4743 3376 4775 ι
3413 4726 3520 4778 Ne-

272 4810 393 4868 τοῖς
430 4807 749 4875 μετέχοντα,
784 4805 946 4858 ἐνθεά
967 4804 1082 4857 ἐστί
1107 4821 1164 4856 τι
1188 4802 1281 4856 καὶ
1318 4803 1560 4870 λέγεται.
1597 4820 1617 4852 ι
1651 4802 1762 4866 Τὴν
1798 4800 1853 4852 δὲ

272 4899 376 4952 τοῦ
405 4900 561 4962 ὄντος
593 4899 905 4967 θεωνυμίαν
935 4895 1319 4959 ἀναπτύσσων,
1359 4913 1377 4945 ι
1406 4895 1478 4947 Οὐ
1515 4895 1625 4964 γὰρ
1652 4892 1857 4961 ἐκφρά-

278 5009 397 5055 σαι,
426 4991 583 5059 φησὶ,
628 4991 724 5059 τὴν
766 4989 1222 5056 αὑτοῦπερούσιον
1267 4986 1577 5055 ἁγαθότητα
1624 4985 1725 5052 τῆς
1760 4987 1855 5038 αὑ-

198 5084 213 5093 ”
274 5082 678 5155 τοῦπερουσίου
730 5082 982 5152 θεότητος
1032 5082 1061 5132 ὁ
1099 5080 1255 5147 λόγος
1299 5078 1721 5146 ἐπαγγέλλεται,
1754 5078 1855 5146 τήν

276 5178 422 5249 ὑπὲρ
474 5178 652 5230 πᾶσαν
678 5176 840 5230 οὖσαν
879 5175 1193 5242 ἁγαθότητα
1227 5173 1319 5225 καὶ
1372 5172 1623 5241 θεότητα,
1674 5171 1766 5224 καὶ
1797 5173 1854 5225 ὲν

275 5272 640 5342 ἀποκρύφοις,
665 5271 736 5335 ὡς
750 5272 986 5339 τάλόγια
1013 5270 1199 5340 φησιν,
1235 5266 1694 5338 ὑπεριδρυμένην,
1720 5266 1856 5321 ἀλλὰ

276 5368 377 5438 τὴν
406 5368 837 5437 ὲκπεφασμένην
862 5365 1193 5434 ἀγαθοποιὸν
1224 5363 1484 5432 πρόνοιαν
1512 5362 1857 5432 ὑπεροχικῶς

277 5460 614 5529 ἁγαθότητα,
676 5460 771 5511 καὶ
826 5459 1044 5509 πάντων
1100 5454 1316 5522 ἀγαθῶν
1371 5454 1554 5507 αἰτίαν
1604 5454 1786 5523 ὑμνεῖ.
1830 5472 1848 5505 ι

279 5553 517 5623 Γράφων
545 5553 600 5604 δὲ
631 5552 766 5619 πρὸς
787 5551 971 5609 Γάϊον,
1015 5567 1033 5599 ι
1068 5549 1129 5600 Εἰ
1159 5546 1409 5616 θεότητα,
1446 5548 1601 5615 φησὶ,
1630 5552 1854 5615 νοήσαις

279 5647 341 5698 τὸ
374 5646 564 5715 χρῆμα
596 5643 689 5695 τοῦ
720 5641 968 5695 θεοποιοῦ
1003 5641 1202 5711 δώρου,
1248 5640 1345 5707 τῆς
1376 5638 1519 5691 οὕτω
1551 5639 1854 5707 λεγομένης

283 5740 557 5809 θεότητος,
616 5736 688 5800 ὡς
729 5735 989 5807 θεαρχὲας
1048 5735 1141 5819 καί
1199 5733 1543 5804 ἀγαθαρχέας
1594 5736 1623 5788 ὁ
1676 5732 1857 5803 ﬁdem

1955 4832 2062 4886 que
2096 4817 2239 4871 enim
2296 4828 2475 4869 sermo
2523 4814 2827 4882 exprimere
2852 4815 2989 4867 valet
3025 4814 3524 4883 supersuhstaulia-

1958 4909 2062 4962 lem
2122 4907 2657 4979 supersubstantiulis
2699 4906 2997 4961 divinitatis
3053 4908 3370 4972 bonitatem,
3404 4923 3524 4978 qua:

1958 5008 2039 5052 est
2075 5013 2237 5067 supra
2275 5011 2489 5051 onmem
2528 4996 2824 5050 bonitatem
2874 5010 2939 5050 ac
2978 4996 3335 5063 divinitatem,
3389 5010 3440 5050 et
3470 4999 3521 5051 iu

1960 5090 2281 5144 abscondito
2312 5129 2324 5151 ,
2364 5098 2422 5139 ut
2447 5088 2520 5141 ait
2576 5088 2854 5156 Scriptura
2882 5130 2895 5153 ,
2933 5089 3104 5150 sedet;
3156 5089 3248 5144 sed
3299 5092 3523 5142 manuc-

1961 5191 2154 5238 SIatam
2206 5183 2533 5233 eminentem
2580 5179 2834 5234 beneﬁca:
2891 5178 3245 5234 Providentia:
3320 5181 3525 5233 bonita-

1961 5282 2089 5337 tem,
2124 5288 2243 5343 quze
2276 5282 2358 5327 est
2386 5274 2627 5324 omnium
2671 5274 2934 5326 bonorum
2960 5289 3121 5327 causa
3153 5314 3165 5329 .
3199 5272 3456 5325 celebrat.
3500 5291 3517 5321 ι

1958 5366 2026 5419 Et
2056 5365 2299 5418 scribens
2335 5365 2398 5417 ad
2424 5364 2611 5417 Caium
2635 5406 2649 5424 ,
2684 5365 2844 5417 dicit:
2881 5384 2897 5414 ι
2943 5364 3000 5417 Si
3049 5381 3139 5432 per
3185 5363 3521 5416 divinitatem

1961 5457 2231 5526 intelligas
2264 5455 2510 5508 deiﬁcam
2546 5456 2771 5522 gratiam
2808 5496 2821 5517 ,
2858 5456 3127 5508 divinitati
3158 5454 3235 5509 sic
3270 5466 3525 5523 spectata:

1960 5559 2023 5602 ut
2047 5546 2264 5600 deitatis
2323 5554 2375 5598 cl
2431 5547 2688 5599 h0uitatis
2750 5546 2879 5599 fonti
2938 5556 3157 5613 przestat
3217 5546 3308 5613 qui
3364 5559 3527 5598 Omne

1958 5638 2289 5709 principium
2342 5637 2632 5690 antecedit.
2671 5657 2689 5689 ι
2730 5637 2869 5691 ldent
2920 5636 3099 5690 adhuc
3126 5636 3191 5689 de
3218 5634 3324 5690 Deo
3356 5636 3526 5691 disse-

1961 5748 2107 5800 rens,
2147 5740 2431 5801 postquam
2464 5729 2806 5784 divinitatem
2844 5729 2979 5783 dixit
3015 5730 3153 5783 hanc
3186 5729 3523 5789 divinitatem
