3956 6194
547 263 658 331 923

1809 273 2185 337 GREGOBH
2225 273 2551 334 PALAMgE
3623 271 3710 334 924

545 395 671 450 qua:
690 385 777 434 est
821 378 1044 436 omnino
1079 379 1366 440 bonorum
1398 397 1582 447 causa,
1620 399 1686 438 ne
1727 385 1842 454 ipse
1883 387 2108 444 audien-

2216 387 2392 456 ἀρχῆς
2421 385 2750 457 ὐπεράρχιός
2785 385 2933 437 ἐστιν
2971 385 3240 438 ἐπέκεινα.
3291 402 3307 434 ι
3355 383 3483 436 Ἀλλ’
3528 383 3708 448 αὐθιςό

547 470 695 527 tibus
741 471 988 528 videatur
1030 481 1222 540 putare
1276 473 1416 530 lianc
1463 490 1684 530 causam
1736 495 1856 532 esse
1897 494 1992 547 per
2051 495 2110 536 se

543 564 976 628 subsistentem,
1010 578 1120 620 non
1175 581 1305 622 vero
1384 569 1668 636 providam
1742 571 1997 628 virtutem
2057 581 2111 627 et

551 655 870 709 eﬂ‘usionem
923 658 1468 725 supersubstautialis
1523 661 1962 732 absconditaeque
2012 678 2112 718 na-

543 754 718 810 turae,
744 755 797 800 et
819 748 900 801 sic
949 748 1134 816 plures
1176 751 1486 819 huiusmodi
1541 763 1731 820 prater
1763 753 1974 808 unicam
2011 753 2107 809 ad-

541 837 754 891 mittere
783 839 1071 903 essentias,
1107 840 1289 905 subdit
1326 860 1340 894 :
1377 862 1398 893 ‹
1433 841 1584 898 Haud
1633 846 1786 912 plura
1823 845 2107 914 principia,

540 943 642 982 nec
681 929 866 997 plures
901 931 1025 996 dico
1065 932 1376 988 divinitatea
1400 975 1415 999 ,
1445 936 1755 1003 super-iores
1795 948 1848 990 et
1871 937 2107 992 inferio-

544 1031 649 1083 res,
681 1018 776 1072 sed
810 1022 957 1076 varia
979 1036 1045 1075 ex
1087 1038 1195 1076 uno
1226 1023 1335 1079 Deo
1363 1026 1629 1080 bonorum
1666 1028 1902 1084 eiﬂuvia.
1943 1051 1962 1083 ι
1991 1031 2105 1087 Ma-

539 1124 680 1179 gnus
713 1111 968 1170 Basilius
1024 1114 1090 1168 ad
1147 1117 1486 1172 Eustathium
1535 1121 1804 1176 medicum
1841 1125 2104 1194 scribens,

538 1200 614 1252 ait
647 1200 750 1254 sibi
781 1203 1069 1272 displicere
1104 1207 1196 1274 qui
1221 1207 1313 1261 Dei
1343 1219 1556 1266 natura:
1590 1229 1788 1268 nomen
1811 1215 2109 1271 divinitatis

539 1288 934 1355 imposuerunt.
979 1313 997 1345 ι
1053 1296 1326 1361 Attamen,
1350 1302 1544 1369 inquit,
1569 1302 1681 1358 sive
1704 1313 1896 1360 natura
1927 1306 2107 1362 divina

537 1381 748 1436 dicatur
798 1385 1052 1442 divinitas
1081 1429 1096 1452 ,
1121 1405 1226 1443 una
1255 1391 1361 1444 erit
1385 1392 1548 1446 trium
1580 1406 1794 1461 natura,
1831 1398 1946 1453 sive
1981 1415 2110 1468 ope-

539 1472 677 1527 ratio
708 1468 964 1532 divinitas
1001 1489 1223 1533 vocetur
1247 1521 1262 1545 ,
1299 1498 1404 1536 una
1447 1486 1552 1540 erit
1579 1487 1742 1541 trium
1772 1491 2036 1558 operatio.
2084 1509 2102 1542 ι

538 1564 764 1636 Magnus
789 1569 914 1630 item
944 1570 1235 1641 Gregorius
1288 1574 1632 1647 Tlieologus:
1670 1600 1688 1632 ι
1729 1579 1850 1636 Uno
1885 1583 2113 1654 lumine,

537 1659 614 1712 ait
636 1699 651 1721 ,
680 1660 966 1717 illuminati
1019 1666 1170 1728 estis,
1198 1665 1267 1719 ob
1302 1668 1563 1723 unitatem
1601 1679 1810 1734 natura:
1839 1687 1934 1726 seu
1963 1673 2103 1727 divi-

2217 478 2379 541 αὐτὸς
2412 477 2492 532 ἐτι
2528 478 2656 546 περὶ
2692 477 2786 530 τοῦ
2837 477 2986 540 ὄντος
3039 475 3317 542 θεολογῶν,
3355 495 3371 526 t
3411 474 3706 546 Ἐπειδήπερ,

2212 567 2342 638 ἔφη,
2370 567 2599 638 θεότητα
2638 568 2775 637 ὑπὲρ
2802 567 2900 636 τὴν
2939 568 3154 622 πάντων
3188 567 3397 634 ἀγαθῶν
3429 567 3588 620 αἰτίαν
3613 569 3716 643 θεός

2213 675 2352 728 τητα
2396 657 2484 722 ἵνα
2539 659 2615 730 μὴ
2674 661 2770 712 καὶ
2823 658 2985 721 αὐτὸς
3037 659 3164 730 δόξῃ
3217 660 3322 720 τοῖς
3368 656 3599 716 ἀκούουσι
3635 659 3709 726 τὴν

2213 749 2394 800 αἰτίαν
2445 747 2651 818 ταύτην
2709 747 2954 818 νομίζειν
3015 746 3414 812 αὐθυπόστστον
3469 747 3709 816 ὑπάρχειν,

2212 837 2350 893 ἀλλὰ
2393 838 2468 908 μὴ
2512 839 2882 906 προνοητικὴν
2925 837 3154 907 δύναμίν
3186 855 3241 890 τε
3283 838 3372 890 καὶ
3404 839 3602 908 πρόοδον
3634 843 3711 910 τῆς

2215 929 2273 984 ἐν
2328 929 2670 997 ἀποκρύφοις
2711 928 3172 1000 ὐπερουσιότητος
3213 928 3305 982 καὶ
3340 927 3472 981 οὕτω
3507 930 3714 992 τοιαύτας

2211 1019 2398 1081 οὐσίας
2427 1016 2563 1072 εἶναι
2595 1022 2824 1086 φάσκειν
2855 1019 3070 1081 πλείους
3111 1021 3205 1086 τῆς
3229 1021 3373 1087 μιᾶς,
3411 1039 3429 1071 t
3463 1021 3529 1072 Οὐ
3559 1021 3712 1086 πολλὰ,

2215 1110 2372 1178 φησὶ,
2406 1109 2549 1177 λέγω
2588 1109 2657 1162 τὰ
2691 1108 2864 1172 αῐτια,
2899 1108 3022 1176 οὐδὲ
3056 1108 3252 1170 πολλὰς
3275 1108 3537 1177 θεότητας,
3576 1109 3714 1179 ὑπερ·
3869 1113 3871 1200 1

2213 1199 2446 1267 εχούσας
2501 1201 2596 1252 καὶ
2641 1201 2960 1270 ὑφειμένοις,
3010 1200 3124 1253 ἀλλ’
3163 1200 3276 1263 ἐνὸς
3325 1200 3450 1251 Θεοῦ
3489 1201 3574 1264 τὰς
3615 1201 3715 1262 ὅλας

2213 1291 2424 1359 ἀγαθὰς
2452 1291 2733 1361 προόδους.
2777 1311 2796 1344 ι
2847 1277 2956 1346 Καὶ
2985 1294 3013 1344 6
3044 1293 3220 1360 μέγας
3267 1290 3358 1343 οῦν
3386 1291 3632 1354 Βασίλειος
3655 1292 3718 1360 τῷ

2216 1384 2386 1455 ἰατρῷ
2419 1385 2751 1437 ἐπιστέλλων
2805 1383 3108 1453 Εὐσταθίῳ,
3150 1402 3168 1435 t
3213 1383 3303 1451 Μὴ
3347 1381 3458 1436 λίαν
3499 1383 3716 1453 ἀποδέχε-

2216 1477 2360 1540 σθαι,
2395 1478 2552 1544 φησὶ,
2583 1477 2707 1538 τοὺς
2751 1476 2842 1526 ἐπὶ
2869 1477 2970 1546 τὴν
2997 1474 3112 1544 τοῦ,
3137 1474 3271 1527 Θεοῦ
3306 1473 3458 1541 φύσιν
3487 1472 3718 1539 ἐκλαμόάο

2214 1584 2400 1630 νοντας
2425 1569 2486 1620 τὸ
2513 1568 2611 1635 τῆς
2649 1567 2902 1635 θεότητος
2943 1566 3136 1635 ὄνομα.
3161 1565 3236 1620 Οὐ
3265 1567 3366 1636 μὴν
3394 1564 3498 1618 ἀλλ’
3527 1567 3618 1617 εἴτε
3643 1565 3719 1633 τὴν

2218 1659 2384 1728 φύσιν
2423 1657 2515 1712 τοῦ
2555 1658 2689 1712 Θεοῦ
2731 1660 2865 1728 φαίη
2904 1676 2990 1720 τις
3045 1658 3296 1728 θεότητα,
3333 1658 3424 1728 μία
3453 1658 3548 1710 τῶν
3587 1657 3720 1726 τριῶν

539 1750 725 1807 uitatis
759 1793 773 1808 .
808 1771 826 1805 ι
855 1754 919 1812 Et
977 1754 1032 1811 in
1093 1757 1335 1812 secundo
1400 1775 1653 1814 sermone
1717 1763 1782 1816 de
1812 1761 1949 1817 Filio
1979 1764 2056 1818 ait
2090 1782 2103 1817 :

2216 1752 2248 1822 ἡ
2282 1750 2462 1818 φύσις,
2502 1751 2612 1804 εἶτε
2639 1750 2736 1820 τὴν
2785 1750 3069 1822 ἐνέργειαν
3114 1752 3368 1820 ὀνομάσει
3396 1768 3470 1810 τις
3512 1749 3720 1819 θεότητα,

543 1840 839 1904 ιΕεεειιιῖιε
894 1846 1116 1904 nomina
1172 1857 1301 1902 sunt
1359 1851 1701 1920 potissimum
1730 1853 1836 1908 Eus
1869 1854 2103 1919 etDeus.

537 1939 678 1986 ctex
711 1933 795 1988 his
850 1936 1116 2004 praecipue
1161 1939 1266 1992 Eos
1301 1955 1316 1991 :
1351 1957 1471 1994 nam
1525 1942 1685 2008 Deus,
1715 1944 1845 2008 Θεὸς
1878 1961 1906 1998 a
1938 1945 2106 2010 θέειν,

539 2039 785 2089 currere,
842 2027 924 2081 vel
981 2029 1050 2084 ab
1099 2029 1293 2094 αἴθειν,
1334 2048 1511 2097 urere,
1546 2034 1849 2099 derivatur,
1882 2051 1945 2091 ac
1977 2053 2107 2107 pro--

539 2116 668 2170 inde
715 2129 799 2173 est
848 2135 1045 2174 nomen
1099 2123 1406 2189 relativum,
1464 2141 1570 2179 non
1617 2128 1943 2182 absolutum.
1985 2150 2002 2182 ι
2045 2130 2110 2185 Ει

540 2209 772 2266 illustris
798 2210 1069 2269 Maximus
1104 2230 1119 2266 :
1171 2234 1188 2267 t
1229 2215 1379 2272 Unus
1409 2226 1493 2272 est
1527 2221 1690 2284 Deus,
1722 2222 1848 2289 quia
1882 2237 1986 2276 una
2028 2235 2111 2277 est

541 2301 799 2358 divinitas
854 2305 1104 2376 simplex,
1142 2308 1394 2374 indivisa,
1428 2311 1828 2380 inseparabilis,
1863 2313 2112 2370 invisibi-

538 2391 606 2446 lis
653 2403 708 2448 et
752 2393 1162 2466 inintelligibilis
1185 2438 1199 2452 .
1237 2419 1254 2452 ι
1311 2401 1374 2454 Et
1407 2399 1846 2474 Soplironymus,
1883 2407 1974 2474 qui
2010 2423 2108 2476 pa-

541 2483 889 2542 triarchnlem
915 2488 1738 2563 nobilitavitHierosolymorum
1775 2495 2107 2551 cathedram:

544 2594 564 2626 ι
614 2574 769 2631 Sicut
842 2595 1008 2632 unum
1067 2580 1235 2635 Dcum
1303 2583 1593 2640 didicimus
1647 2601 1982 2652 agnoscere.
2036 2589 2110 2642 ita

539 2681 704 2724 uuam
740 2669 1072 2724 divinitatem
1095 2675 1340 2727 conﬁteri
1360 2675 1535 2732 edocti
1563 2692 1775 2731 smnus.
1809 2678 2111 2734 I—NODlle

539 2757 701 2820 igitur
724 2761 896 2824 unius
925 2759 1019 2815 Dei
1080 2765 1244 2818 modo
1318 2781 1528 2830 unam,
1561 2768 1723 2824 modo
1775 2785 1882 2820 non
1945 2785 2107 2826 uuam

538 2865 658 2903 esse
706 2849 1039 2906 divinitatem
1095 2871 1124 2907 a
1167 2854 1418 2909 Patribus
1470 2859 1823 2924 accepimus?
1861 2859 1995 2914 Num
2027 2871 2110 2913 που

542 2954 662 2991 men
721 2938 773 2992 in
823 2957 886 2994 eo
915 2942 1078 3018 situm
1132 2952 1212 2998 est
1265 2945 1556 3000 discrimen
1585 2987 1598 3008 ,
1627 2948 1772 3016 quod
1818 2949 1999 3018 aliqua
2041 2951 2111 3005 sit

541 3029 778 3084 inereata
815 3071 830 3096 ,
863 3043 916 3088 et
963 3035 1142 3104 aliqua
1191 3047 1373 3092 creata
1399 3039 1422 3090 ἲ
1448 3037 1582 3104 Quis
1625 3042 1770 3096 enim
1796 3059 1986 3095 eorum
2013 3044 2105 3112 qui

2219 1842 2318 1911 μία
2346 1841 2453 1897 τῶν
2484 1840 2652 1911 τριῶν
2679 1841 2988 1911 προσώπων
3021 1844 3054 1910 ἡ
3084 1841 3347 1911 ἐνέργεια.
3394 1859 3410 1890 ι
3445 1841 3542 1893 Καὶ
3562 1838 3722 1908 Γρηγό-

2216 1953 2330 2005 ριος
2375 1936 2538 1990 πάλιν
2585 1939 2611 1988 6
2655 1937 2830 2005 μέγας
2869 1933 3153 2002 Θεολόγος,
3195 1952 3212 1984 t
3257 1931 3365 1988 Ἐνὶ
3413 1933 3555 2000 φωτὶ,
3597 1931 3719 1999 φησὶ,

2216 2029 2705 2099 περιαστράφθητε
2741 2027 2883 2081 κατὰ
2919 2027 3012 2080 τὸν
3049 2027 3153 2095 τῆς
3173 2026 3357 2089 οὐσίας
3387 2026 3550 2090 λόγον,
3582 2024 3721 2076 είτουν

2218 2117 2492 2188 θεότητος.
2528 2137 2548 2170 ι
2603 2118 2713 2171 Καὶ
2757 2119 2813 2170 ὲν
2841 2116 2918 2186 τῷ
2954 2115 3083 2184 περὶ
3141 2114 3270 2167 Υίοῦ
3317 2114 3540 2182 δευτέρῳ
3589 2111 3719 2178 λόγῳ,

2226 2229 2244 2262 t
2287 2211 2346 2264 Ὀ
2376 2210 2451 2262 ὢν
2485 2210 2579 2262 καὶ
2610 2211 2638 2262 6
2663 2208 2795 2270 Θεὸς
2827 2206 3028 2276 μᾶλλόν
3057 2224 3175 2269 πως
3201 2209 3297 2274 τῆς
3327 2205 3503 2265 οὐσίας
3526 2202 3722 2270 ὀνόματα

2218 2303 2313 2356 καὶ
2352 2300 2558 2354 τούτων
2602 2299 2803 2368 μᾶλλον
2840 2301 2868 2351 6
2897 2296 2992 2351 ὢν.
3033 2297 3098 2350 Ἦ
3136 2296 3242 2365 γὰρ
3263 2295 3354 2347 τοῦ
3384 2293 3507 2346 θεοῦ
3533 2292 3618 2344 κᾶν
3638 2290 3722 2344 ἀπὸ

2222 2394 2315 2446 τοῦ
2353 2393 2500 2446 θέειν
2533 2393 2564 2463 ἢ
2599 2392 2773 2446 αἴθειν
2796 2389 3232 2461 ἠτυμολόγηται,
3254 2388 3365 2441 ἀλλ’
3393 2383 3479 2440 οὖν
3501 2384 3595 2438 τῶν
3616 2382 3721 2452 πρός

2216 2501 2268 2536 τι
2310 2482 2616 2552 λεγομένων
2642 2483 2779 2547 ἐστὶ,
2811 2483 2904 2534 καὶ
2951 2482 3051 2534 οἰκ
3085 2482 3306 2548 ἄφετος.
3341 2499 3360 2532 ν
3399 2480 3498 2532 Καὶ
3532 2481 3556 2530 6
3589 2477 3723 2545 μέγας

2218 2575 2490 2643 Μάξιμος,
2537 2594 2556 2626 t
2611 2571 2704 2636 Εἷς
2734 2575 2886 2636 Θεὸς,
2941 2575 3023 2626 ὅτι
3077 2574 3182 2642 μία
3234 2572 3437 2641 θεότης,
3489 2567 3614 2636 ἁπλῆ
3651 2563 3722 2616 καὶ

2217 2667 2426 2738 ἀμερὴς
2468 2666 2918 2746 καὶάδιαίρετος,
2967 2665 3204 2735 ἀόρατος
3235 2666 3325 2717 καὶ
3369 2660 3715 2730 ἀπερινόῃτοςδ

2221 2760 2328 2810 Καὶ
2381 2759 2687 2830 Σωφρόνιος
2727 2759 2754 2810 6
2784 2758 2881 2828 τὴν
2939 2757 3332 2827 Ἰεροσολύμων
3379 2748 3720 2824 πατριαρχικὴν

2219 2850 2469 2918 ὼραῖσας
2532 2850 2840 2920 περιωπὴν,
2885 2868 2903 2902 t
2962 2849 3182 2919 Ὠσπερ
3238 2849 3331 2901 ἕνα
3389 2847 3509 2899 Θεὸν
3549 2841 3720 2912 φρονεῖν

2217 2942 2593 3012 ἐδιδάχθημεν,
2618 2941 2762 2996 οὕτω
2791 2944 2886 2996 καὶ
2915 2943 3046 3011 μίαν
3077 2942 3311 3010 θεότητα
3330 2938 3583 3007 ὁμολογεῖν
3609 2948 3722 3004 παρ·

2219 3034 2541 3102 ειλήφαμεν.
2585 3052 2603 3084 ι
2633 3029 2763 3102 'Ap'
2793 3032 2886 3085 οὖν
2938 3034 3000 3085 οὐ
3029 3032 3128 3084 τοῦ
3170 3031 3332 3085 αὐτοῦ
3359 3029 3484 3083 Θεοῦ
3512 3024 3621 3079 ποτὲ
3644 3022 3720 3092 μὲν

540 3119 615 3189 pii
673 3121 1237 3188 dicuntur,creatam
1312 3139 1521 3184 asseret
1590 3132 1884 3188 beneﬁcam
1937 3135 2108 3188 bono-

2220 3127 2370 3194 μίαν,
2409 3125 2535 3178 ποτὲ
2566 3125 2610 3176 δ’
2636 3125 2696 3178 οὐ
2732 3126 2860 3194 μίαν
2911 3123 3048 3178 εἶναι
3082 3125 3236 3194 παρὰ
3266 3123 3368 3177 τῶν
3410 3119 3633 3188 Πατέρων
3657 3114 3719 3166 δι·

543 3228 772 3282 rumque
828 3216 1071 3270 omnium
1130 3218 1333 3274 fontem
1389 3222 1787 3277 Providentiam
1827 3240 1844 3290 ,'
1889 3225 2115 3298 interse-

539 3319 670 3360 rens
708 3308 1017 3376 theologum
1051 3313 1317 3380 Areopagi
1367 3313 1679 3386 Dionysium
1722 3317 1788 3370 de
1815 3319 1913 3371 hac
1939 3317 2111 3386 loqui,

540 3397 682 3452 haud
711 3414 838 3454 vero
858 3399 924 3454 de
942 3415 1164 3469 prorsus
1189 3403 1447 3458 ineffabili
1484 3408 2110 3477 supersubstantialique

539 3491 634 3545 Dei
664 3500 858 3548 natura
878 3511 895 3559 ;
915 3492 997 3547 vel
1031 3492 1269 3548 divinam
1303 3497 1598 3566 potentiam
1629 3539 1644 3564 ,
1674 3514 1738 3554 eo
1767 3501 2108 3570 quod,juxta

539 3597 794 3651 maguum
843 3582 1128 3652 Basilium,
1190 3586 1305 3640 haec
1336 3627 1352 3651 ,
1386 3603 1493 3642 non
1545 3605 1674 3645 vero
1734 3592 1826 3646 Dei
1870 3594 2109 3648 essentia

540 3675 760 3729 nomine
809 3676 1115 3732 divinitatis
1159 3677 1502 3744 signiﬁcatur
1533 3698 1548 3746 ;
1584 3683 1668 3737 vel
1723 3685 2111 3752 speculativam

535 3765 774 3835 Spiritus
828 3767 1110 3831 virtutem,
1169 3785 1294 3822 cum
1327 3769 1468 3825 hanc
1503 3782 1725 3841 superet
1751 3772 1988 3842 Spiritus
2017 3791 2116 3830 na-

536 3867 657 3910 tura
691 3864 961 3925 quatenus
1000 3858 1291 3914 inellabilis
1313 3870 1396 3915 est
1424 3870 1477 3914 et
1501 3877 1666 3931 supra
1696 3879 1857 3919 omne
1889 3881 2110 3928 nomen,

535 3957 594 3999 ut
624 3947 781 4004 divus
829 3948 1016 4004 docuit
1057 3949 1240 4020 Nyssae
1285 3953 1510 4007 antistes
1557 3952 2114 4025 Gregorius?Nnnne

535 4039 703 4107 igitur
747 4055 908 4096 unam
964 4049 1018 4095 et
1067 4043 1241 4098 altero
1282 4046 1441 4100 modo
1499 4063 1607 4100 non
1660 4063 1819 4102 unam
1860 4049 2123 4103 docemur

529 4128 909 4184 divinitatem?

2217 3218 2532 3286 δασκόμεθα
2585 3217 2854 3289 θεότητα;
2895 3220 2987 3290 Μὴ
3045 3220 3234 3289 μέντοι
3285 3214 3492 3271 κατὰτὸ
3519 3212 3720 3267 ἄκτιστον

2219 3309 2358 3363 εἶναι
2391 3314 2488 3380 τὴν
2533 3312 2826 3380 διαφοράν;
2866 3311 2961 3374 Τίς
3005 3311 3114 3382 γὰρ
3157 3313 3264 3364 τῶν
3304 3306 3571 3380 ᾑρημένων
3600 3299 3721 3352 εὐσε-

2218 3403 2334 3454 ϐεῖν
2373 3401 2603 3472 κτιστὴν
2635 3405 2754 3472 ἐρεῖ
2784 3403 2881 3470 τὴν
2921 3401 3258 3470 ἀγαθοτεοιὺν
3292 3402 3382 3454 καὶ
3411 3397 3600 3451 πάντων
3621 3392 3718 3459 ἀγα·

2217 3495 2325 3548 θῶν
2382 3495 2563 3546 αἰτίαν
2621 3496 2901 3564 πρόνοιαν,
2962 3495 3240 3563 προφάσει
3270 3491 3359 3545 τοῦ
3409 3488 3524 3558 περὶ
3560 3481 3718 3537 ταύτης

2217 3584 2356 3642 εἶναι
2396 3588 2562 3656 φάναι
2612 3587 2704 3641 τὸν
2730 3587 2913 3656 λόγον,
2945 3588 3035 3640 τὸν
3078 3588 3297 3654 ’Δρείου
3340 3584 3504 3651 πάγου
3537 3573 3720 3643 θεοφάν·

2217 3699 2350 3750 τορα
2403 3681 2699 3746 Διονύσιον,
2742 3679 2859 3733 ἀλλ’
2907 3679 3027 3750 οὐχὶ
3061 3679 3199 3750 περὶ
3253 3677 3352 3746 τῆς
3401 3669 3718 3740 ἀνεκφράσςον

2218 3771 2395 3842 πάντη
2435 3772 2528 3824 καὶ
2562 3771 2710 3834 θείας
2739 3771 3232 3840 ὐπερουσιότητος,
3275 3770 3307 3839 ἧ
3334 3769 3427 3838 τὴν
3451 3764 3580 3818 θείαν
3605 3758 3721 3821 ὲξου·

2219 3863 2339 3916 σίαν
2369 3866 2452 3917 ὅτι
2507 3862 2708 3933 ταύτης
2757 3862 3046 3934 ἔνδειξινὴ
3099 3862 3442 3933 προσηγορία
3486 3857 3617 3948 φίρῖι
3647 3849 3724 3948 τῆξ

2224 3955 2477 4024 θεότητος
2515 3957 2656 4008 κατὰ
2681 3957 2773 4008 τὸν
2807 3957 2979 4024 μέγαν
3014 3955 3322 4019 Βασίλειον,
3349 3953 3455 4006 ἀλλ’
3479 3949 3532 4002 οὐ
3557 3945 3636 4013 τῆς
3655 3945 3726 3993 τω)

2229 4047 2362 4100 Θεοῦ
2391 4047 2610 4109 οὐσίας·
2654 4048 2687 4118 ἢ
2715 4047 2816 4117 τὴν
2849 4047 3108 4117 θεατικὴν
3137 4048 3367 4116 δύναμιν
3399 4041 3484 4097 τοῦ
3521 4034 3725 4100 Πνεῦμα-

2235 4155 2346 4203 τος,
2387 4139 2510 4192 ἐπεὶ
2535 4137 2735 4209 ταύτης
2762 4138 3016 4208 ὑπερέχει
3045 4142 3189 4193 κατὰ
3215 4141 3274 4194 τὸ
3310 4132 3564 4206 ἄφραστόν
3582 4145 3631 4184 τε
3656 4127 3730 4178 καὶ

535 4223 1076 4293 ὑπερώνυμονὴτοῦ
1113 4224 1431 4293 Πνεῦματος
1466 4225 1665 4294 φύσις,
1708 4227 1784 4290 ὠς
1842 4229 1870 4280 ὁ
1927 4230 2151 4298 Νύσσης
2221 4230 2364 4293 θεῖος
2417 4230 2679 4301 πρόεδρος
2745 4229 3067 4299 ὲθεολόγητε
3130 4219 3606 4301 Γρηγὸριος;Ἀρα
3656 4211 3727 4266 οὖν

535 4321 666 4394 μίαν
693 4320 786 4372 καὶ
823 4319 1023 4389 τρόπον
1062 4319 1248 4388 ἕτερον
1268 4322 1329 4372 οὐ
1357 4321 1484 4389 μίαν
1524 4323 1618 4374 τοῦ
1649 4324 1768 4386 ἑνὸς
1805 4325 2173 4396 δ.δασκὸμεθα
2203 4327 2470 4394 θεότητα;

610 4415 795 4468 ΤΙιεοι.
848 4414 1192 4467 Clarissima.

609 4506 839 4571 Theoph.
887 4508 996 4560 Cur
1047 4507 1213 4575 igitur
1244 4523 1350 4562 non
1384 4524 1414 4563 a
1440 4509 1548 4564 Deo
1573 4516 1884 4569 necessaria
1909 4531 2107 4573 conce-

533 4599 696 4653 dente
731 4601 1026 4668 quaerimus
1076 4603 1348 4670 quomodo
1380 4603 1470 4658 illa
1501 4605 1573 4660 sit
1600 4621 1704 4660 una
1740 4618 1794 4661 et
1821 4623 1926 4664 non
1980 4624 2108 4674 una,

533 4700 592 4746 et
622 4691 900 4762 quomodo
922 4692 1050 4748 licet
1105 4711 1245 4748 unus
1296 4695 1366 4752 sit
1398 4697 1631 4766 Spiritus
1666 4710 1907 4765 sanctus,
1943 4701 2108 4756 Isaias

535 4791 744 4850 septem
781 4780 1004 4851 spiritus
1057 4787 1369 4853 praeviderit
1430 4790 1772 4857 t'equieturos
1803 4807 1966 4860 Super
1998 4791 2105 4845 Do-

535 4873 674 4928 mini
722 4875 1072 4930 -ltumanitate
1108 4917 1122 4941 ,
1159 4893 1298 4947 quos
1331 4888 1386 4934 et
1432 4879 1727 4934 Zacharias
1783 4882 1850 4935 ab
1910 4883 2106 4950 angelo

533 4965 761 5020 edo'ctus
791 4979 997 5036 septem
1027 4967 1237 5022 Domini
1269 4971 1457 5024 oculos
1482 4972 1685 5026 vocat?

619 5056 801 5112 Theot.
876 5057 1242 5114 Exi-ellcntius
1299 5077 1460 5128 quam
1543 5078 1644 5116 nos
1698 5105 1712 5130 ,
1749 5078 1815 5117 ne
1836 5064 2107 5120 nobismet

534 5150 1021 5214 contradicamus,
1056 5151 1392 5205 arbitramur
1453 5152 1638 5208 Patres
1697 5154 1928 5224 idipsum
1981 5170 2108 5209 sen-

538 5241 677 5297 sisse
741 5242 808 5296 de
867 5242 970 5296 hoc
1046 5243 1336 5297 utilissimo
1398 5244 1498 5312 piae
1554 5245 1815 5300 doctrina:
1885 5258 2103 5315 puncto.

535 5329 634 5388 Dic
685 5331 852 5401 igitur
904 5333 1176 5400 quomodo
1228 5349 1334 5387 una
1368 5343 1422 5388 ct
1465 5350 1573 5388 non
1615 5352 1719 5390 una
1757 5339 1827 5393 sit
1862 5341 2103 5410 ejusdem

535 5423 631 5484 Dei
675 5424 953 5480 divinitas.

605 5517 830 5586 Theoph.
885 5517 1016 5572 Dico
1066 5527 1120 5573 et
1149 5519 1254 5573 hoc
1283 5519 1423 5574 sicut
1456 5518 1592 5590 ipsis
1630 5520 1849 5578 Patrum
1875 5525 2100 5591 scriptis

529 5608 972 5664 demonstratur.
1001 5609 1136 5664 Cum
1193 5610 1337 5666 enim
1401 5627 1500 5682 pro
1543 5617 1764 5670 nomine
1813 5615 2104 5672 incli'abilis

533 5699 785 5756 essentia:
815 5716 1012 5772 nonien
1045 5702 1353 5762 divinitatis
1384 5716 1682 5775 usurpatur
1716 5748 1728 5774 ,
1759 5725 1863 5764 una
1890 5720 1972 5766 cst
2009 5710 2102 5767 Dei

2151 4429 2193 4481 D
2293 4423 2460 4479 Θεότ.
2494 4424 2837 4490 Sassinate.

2289 4519 2465 4585 68059.
2504 4516 2570 4570 Ti
2620 4517 2737 4581 οῦν,
2779 4518 2841 4570 οὐ
2887 4515 2982 4570 τοῦ
3034 4513 3441 4587 ἐπικρινοῦντος
3480 4497 3725 4570 aversuri-

2214 4626 2356 4664 τατα
2393 4610 2626 4680 δεόμεθα
2669 4611 2788 4673 πῶς
2824 4610 2922 4680 μία
2975 4609 3068 4663 καὶ
3115 4611 3176 4663 οὐ
3214 4609 3331 4678 μία,
3363 4605 3453 4659 καὶ
3499 4601 3599 4660 πῶς
3634 4593 3725 4694 “ei;

2215 4699 2368 4762 ὄντος
2394 4700 2489 4754 τοῦ
2523 4700 2668 4754 θείου
2715 4699 3052 4769 Πνεῦματος.
3092 4700 3232 4754 ἑπτὰ
3273 4695 3542 4764 πνεύματα
3585 4698 3726 4752 πρωί·

2214 4792 2305 4844 δεν
2346 4792 2577 4854 Ἡσαΐας
2620 4791 3116 4860 ὲπαναπαυσόμενα
3161 4790 3240 4858 τῷ
3271 4780 3565 4848 Δεσποτικῷ
3595 4786 3725 4840 πρ⁰⁵’

2213 4883 2485 4954 λήμματιι
2541 4883 2578 4938 ἃ
2623 4887 2718 4938 καὶ
2765 4885 3037 4953 Ζαχαρίας
3069 4881 3321 4951 ἐδιδάχθη
3365 4876 3486 4946 παρ’
3532 4865 3721 4936 ἀγγέλου

2214 4975 2355 5029 ἑπτὰ.
2379 4975 2474 5028 τοῦ
2504 4977 2710 5046 Κυρίου
2733 4975 3047 5043 ὀφθαλμοὺς
3081 4974 3267 5027 καλεῖν
3290 4988 3305 5034 ;

2287 5069 2450 5122 Θεότ.
2489 5070 2886 5138 Διαιρερόντως,
2918 5067 3004 5119 ἵνα
3031 5064 3106 5135 μὴ
3134 5065 3286 5117 αὐτοὶ
3312 5057 3514 5118 ἑαυτοῖς
3535 5053 3724 5106 ὑπεναν-

2211 5161 2318 5216 τίοι
2370 5156 2540 5230 ὦμεν,
2575 5163 2666 5214 καὶ
2724 5160 2830 5232 πρὸ
2883 5159 3044 5230 ἡμῶν
3093 5155 3320 5226 οἰόμεθα
3358 5153 3478 5208 τοὺς
3517 5141 3724 5246 [l-atépaj

2213 5252 2358 5306 τοῦτ’
2381 5253 2535 5306 ἀὐτὸ
2570 5255 2802 5321 πάσχειν
2839 5253 2932 5304 ἐπὶ
2975 5249 3070 5304 τοῦ
3109 5244 3467 5318 καιριωτάτου
3511 5253 3597 5305 της
3627 5242 3716 5331 κατ’

2213 5345 2497 5399 εὐσέϐειαν
2547 5344 2864 5415 ὁμολογίας.
2913 5343 3054 5412 Λέγε
3101 5341 3277 5394 τοίνυν
3309 5336 3418 5400 πῶς
3454 5330 3544 5402 μία
3573 5323 3722 5379 καὶού

2215 5438 2314 5507 μία
2338 5438 2432 5490 τοῦ
2467 5439 2634 5493 αὐτοῦ
2674 5438 2808 5491 Θεοῦ
2846 5436 3058 5506 θεότης.
3521 5514 3533 5520 Α
3615 5508 3624 5520 .
3671 5502 3690 5513 .

2285 5532 2463 5598 6805?.
2493 5531 2640 5599 Φημὶ
2686 5530 2752 5600 δὴ
2791 5529 2885 5583 καὶ
2945 5527 3121 5591 τοῦτο,
3174 5522 3417 5589 καθάπερ
3451 5514 3533 5570 ὑπ’
3569 5514 3732 5610 parum

2211 5621 2322 5675 τῶν
2371 5624 2656 5692 πατρικῶν
2713 5622 3037 5692 ὲκφαίνεται
3070 5618 3282 5687 λογίων.
3319 5615 3478 5666 Ὅταν
3510 5603 3622 5708 Αγξρ
3663 5607 3723 5708 ωξ

2213 5716 2536 5786 ἐπωνυμίαν
2572 5720 2667 5789 τῆς
2697 5714 3058 5786 ὐτιερωνύμου
3096 5711 3280 5772 οὐσίας
3309 5707 3364 5760 τὸ
3393 5703 3480 5770 τῆς
3508 5697 3718 5760 οεοτητο-
