3956 6194
507 257 612 318 9.7

1777 253 2154 315 GREGORII
2193 255 2516 317 PALAME

3609 257 3692 321 9'28

503 371 800 441 potentiam
849 380 902 428 et
949 371 1322 443 operationem
1350 373 1431 440 (ut
1467 385 1630 438 supra
1654 379 1930 424 ostensum
1965 369 2069 441 est)

2179 369 2277 440 τὴν
2307 372 2563 425 άκτιστον
2584 372 2810 441 δύναμίν
2835 389 2894 425 τε
2932 372 3017 426 καὶ
3045 372 3346 442 ἐνέργειαν,
3376 372 3445 436 ὡς
3474 374 3692 445 ἀνωτέρω

505 463 810 517 dicentibus
861 477 981 518 esse
1011 461 1251 526 eiusdem
1287 460 1650 526 divinitatem,
1699 461 1797 516 hos
1830 461 2067 530 appella-

505 562 637 606 runt
687 551 990 622 polytbeos.
1067 550 1172 621 Ipsi
1227 561 1406 605 autem
1472 566 1615 605 nunc
1671 567 1831 605 unam
1882 552 2071 606 dicunt

505 644 796 698 increatam
828 658 950 698 esse
998 643 1143 698 illam
1181 643 1761 713 supersubstantialem
1795 643 1886 698 Dei
1935 644 2074 698 divi-

507 735 723 787 nitatem
755 776 770 800 ,
807 743 1030 790 casteras
1107 751 1235 789 vero
1308 750 1431 790 esse
1500 745 1734 798 creatas.
1805 744 2072 806 quotquot

502 827 756 881 videlicet
806 827 1000 882 divinae
1043 828 1389 897 Operationes
1430 843 1459 882 a
1517 827 1771 881 Patribns
1807 835 2073 882 vocantur

502 918 839 982 divinitatea,
894 920 1038 973 sicut
1101 920 1262 974 Arius
1310 934 1478 974 unam
1513 919 1808 974 increatam
1839 920 2070 974 asseruit

503 1010 680 1064 Patris
735 1026 1046 1078 personam,
1086 1021 1296 1065 creatas
1353 1020 1533 1066 autem
1590 1010 1765 1074 alias;
1804 1024 1952 1063 nunc
2003 1009 2071 1062 ab

501 1103 738 1154 essentia
806 1117 913 1154 non
991 1101 1372 1156 discriminant
1451 1101 1844 1170 operationem,
1929 1099 2075 1154 sicut

503 1209 605 1248 nec
645 1193 917 1248 Sabeliius
973 1208 1003 1248 a
1054 1193 1357 1247 substantia
1399 1207 1709 1262 personam.
1741 1187 1805 1244 Et
1831 1190 1908 1246 sic
1950 1191 2075 1244 uni-

505 1295 618 1340 tate
666 1286 969 1341 divinitatis
1034 1287 1381 1340 divinitatum
1433 1292 1738 1354 pugnantes
1767 1283 2076 1338 distinctio-

505 1394 652 1438 nem.
713 1393 883 1433 sacrae
943 1380 1237 1446 Scriptura:
1292 1385 1470 1433 textus
1532 1393 1696 1431 unam
1763 1383 2076 1430 astruentes

507 1465 845 1521 divinitatem
887 1467 1150 1521 adversus
1191 1467 1527 1520 orlhodoxos
1584 1475 1877 1533 utrumque
1905 1464 2073 1533 proii-

507 1563 684 1609 tentes
703 1565 1004 1624 congerunt
1039 1565 1090 1610 et
1132 1556 1271 1611 male
1302 1556 1589 1624 objiciunt.
1625 1555 1704 1608 Tu
1735 1569 1863 1607 vero
1883 1567 2073 1608 eorum

506 1661 786 1702 sermones
811 1661 1132 1714 comparans
1152 1649 1253 1716 piae
1277 1647 1536 1702 doctrinae
1559 1645 1744 1711 indici,
1769 1645 1860 1714 qui
1885 1644 2076 1699 statuit

504 1739 750 1806 ejusdem
784 1739 876 1794 Dei
930 1739 1269 1794 divinitatem
1299 1739 1469 1793 altero
1491 1753 1656 1793 sensu
1684 1752 1807 1792 esse
1834 1749 1997 1790 unam
2021 1742 2075 1789 et

505 1830 676 1883 altero
721 1845 828 1884 non
887 1845 1089 1895 unam,
1140 1831 1261 1886 illos
1314 1832 1464 1899 ipsos
1513 1828 1912 1883 demonstrabis
1949 1840 2076 1882 vere

506 1921 812 1993 polytlteos.
869 1923 1070 1992 quippe
1099 1925 1191 1993 qui
1231 1934 1468 1977 creatam
1503 1920 1664 1976 simul
1699 1929 1752 1974 et
1780 1920 2074 1973 increatam

506 2029 631 2071 esse
661 2014 750 2070 Dei
783 2015 1124 2070 divinitatem
1159 2030 1323 2084 prave
1351 2013 1710 2080 contendunt,
1744 2011 1916 2066 solam
1956 2012 2076 2077 eius

505 2109 802 2164 essentiam
861 2117 1111 2163 tenentes
1163 2121 1283 2160 esse
1357 2105 1653 2158 increalam
1711 2101 2074 2165 divinitatem,

507 2201 826 2256 facultatem
876 2213 1006 2254 vero
1076 2199 1194 2266 ejus
1249 2196 1640 2266 speculativam
1673 2237 1688 2259 ,
1718 2195 1830 2246 vim
1891 2192 2075 2248 omnia

508 2302 635 2347 ante
687 2296 1020 2346 creationem
1076 2288 1306 2352 sciendi,
1366 2297 1421 2342 et
1473 2287 1854 2342 auctoritatem
1905 2285 2078 2355 ipsius

507 2386 914 2454 potentiamque
965 2392 1014 2437 et
1051 2381 1440 2453 providentiam
1497 2379 1639 2434 inter
1673 2386 1851 2434 creata
1900 2379 2078 2431 annu-

511 2489 745 2535 inerant.
810 2478 898 2532 Sic
949 2477 1056 2531 illis
1112 2475 1254 2530 Deus
1288 2474 1468 2544 aliqua
1528 2481 1744 2527 creatus
1793 2479 1848 2525 et
1894 2470 2076 2539 aliqua

507 2571 614 2626 erit
666 2572 973 2631 increatus,
1007 2577 1061 2622 et
1089 2569 1142 2621 in
1186 2565 1458 2621 contraria
1485 2564 1815 2633 discerptus.
1842 2560 1946 2615 Sed
1979 2575 2080 2616 nec

509 2659 707 2716 Filium
748 2700 763 2723 ,
798 2675 898 2714 nec
957 2658 1220 2728 Spiritum
1287 2665 1538 2711 sanctum
1567 2653 1836 2709 creaturis
1869 2653 2077 2707 adscri-

510 2755 636 2808 bere
671 2761 922 2822 possunt,
979 2765 1102 2804 nam
1166 2758 1396 2814 uterque
1451 2754 1532 2801 est
1592 2743 1881 2799 tnell'abilis
1934 2743 2077 2799 haud

507 2859 667 2899 secus
727 2859 789 2898 ac
844 2844 1020 2897 Pater.
1076 2841 1231 2906 Quod
1285 2840 1331 2894 si
1388 2853 1581 2893 rursus
1627 2836 1814 2890 dicant
1866 2835 2073 2889 nullum

509 2950 632 2988 esse
693 2935 985 2989 disvrimeu
1045 2931 1336 2986 essentiam
1402 2931 1544 2984 inter
1595 2937 1649 2984 et
1681 2927 2075 2996 operationem,

2174 462 2468 527 δέδεικται,
2514 463 2606 516 τοῦ
2639 463 2805 516 αὑτοῦ
2845 461 2982 515 Θεοῦ
3007 461 3263 530 λέγοντας
3297 461 3532 532 θεότητα,
3561 466 3691 519 πολυ-

2176 552 2333 616 θέους
2359 553 2588 624 ἔφησαν.
2614 555 2780 608 Αὐτοὶ
2816 555 2944 608 ποτέ
2982 553 3081 623 μὲν
3126 552 3260 623 μίαν
3293 553 3529 622 λέγοντες
3565 556 3692 610 ἄκτι-

2176 661 2302 698 στον
2328 646 2420 699 τοῦ
2458 645 2596 699 Θεοῦ
2625 645 2858 717 θεότητα
2890 646 2988 716 τὴν
3025 646 3453 716 ὑπερουσιότητα
3498 647 3690 716 ἐκείνην,

2175 737 2400 801 κτιστὰς
2424 737 2599 801 δὲτὰς
2628 737 2980 801 ὑπολοίπους,
3013 737 3133 789 ὅσαι
3159 736 3399 805 δηλονότι
3437 735 3538 788 τῶν
3563 737 3691 790 θείων

2176 827 2468 895 ἐνεργειῶν
2495 827 2898 898 θεωνυμοῦνται
2916 827 3064 897 παρὰ
3084 826 3194 880 τῶν
3215 826 3404 895 άγίων,
3419 825 3489 890 ὡς
3511 828 3693 897 ’Ἄρειος

2181 919 2307 988 μίαν
2336 919 2590 973 άκτιστον
2629 918 2926 972 ὑπόστασιν
2976 917 3073 988 τὴν
3098 917 3192 971 τοῦ
3243 917 3467 986 Πατρδς,
3509 917 3694 982 κτιστὰς

2174 1010 2232 1062 δέ
2264 1011 2362 1073 τὰς
2413 1010 2740 1072 ὑπολοίπους
2765 1027 2778 1041 ·
2816 1009 2910 1062 νῦν
2937 1009 2994 1063 δὲ
3026 1008 3319 1078 ἀδιάφορον
3345 1009 3406 1077 τῇ
3449 1006 3590 1078 οὐσίᾳ
3615 1010 3695 1078 τὴν

2176 1101 2479 1171 ἐνέργειαν,
2515 1102 2589 1164 ῶς
2615 1105 2643 1156 ό
2673 1101 2960 1157 Σαϐἑλλιος
3007 1103 3073 1170 τῇ
3105 1101 3264 1170 οὐσίᾳ
3295 1100 3390 1166 τὴν
3416 1098 3693 1164 ὑπόστασιν,

2176 1193 2269 1246 καὶ
2294 1192 2435 1245 οὑτω
2466 1193 2527 1247 τὸ
2556 1194 2761 1250 ἐνιαῖον
2786 1195 2885 1261 τῆς
2929 1193 3182 1262 θεότητος
3207 1190 3692 1259 ἐπιστρατεύσαντες

2175 1283 2252 1352 τῷ
2293 1283 2699 1356 διακεκριμένῳ
2736 1286 2834 1348 τὰς
2862 1286 2970 1340 ἀπὸ
2999 1286 3106 1338 τῶν
3149 1285 3313 1354 ιερῶν
3343 1283 3558 1354 Γραφῶν
3591 1285 3697 1354 περὶ

2182 1377 2312 1446 μιᾶς
2339 1377 2588 1447 θεότητος
2623 1379 2811 1450 ῥήσεις
2841 1378 3300 1448 συμφορήσαντες
3334 1374 3464 1429 κατὰ
3491 1373 3587 1427 τῶν
3621 1373 3697 1444 dp-

2177 1466 2405 1530 θοδόξως
2425 1468 2711 1538 ἀμφότερα
2735 1469 3097 1538 φρονούντων,
3120 1467 3501 1537 προϐάλλονται
3518 1463 3693 1527 κακῶς.

2175 1557 2248 1610 Σῦ
2275 1558 2333 1610 δέ
2366 1559 2738 1629 προσαγαγὼν
2777 1561 2903 1622 τοὺς
2934 1559 3159 1613 ἐκείνων
3186 1559 3375 1626 λόγους
3415 1556 3488 1627 τῷ
3515 1557 3598 1626 τῆς
3621 1556 3694 1610 εύ-

2179 1648 2394 1711 σεϐείας
2427 1649 2686 1720 γνώμονι,
2719 1651 2778 1712 ὃς
2810 1652 2904 1705 τοῦ
2937 1649 3102 1704 αὑτοῦ
3151 1649 3382 1719 θεότητά
3412 1665 3580 1718 φησιν,
3601 1647 3694 1700 ἐστι

2180 1738 2278 1808 μέν
2306 1738 2379 1802 ὣς
2419 1739 2567 1809 μίαν,
2622 1740 2736 1795 ἔστι
2772 1741 2816 1794 δ’
2846 1741 2921 1803 ὣς
2956 1741 3017 1793 οὑ
3077 1735 3232 1809 μίαν,
3269 1739 3497 1802 ἐκείνους
3532 1737 3694 1800 αὐτοὺς

2177 1829 2376 1895 δείξεις
2407 1832 2704 1895 πολυθέους
2726 1832 2893 1896 ὅντως
2918 1834 3102 1898 ὄντας,
3128 1833 3203 1896 ὡς
3231 1832 3448 1902 κτιστὴν
3471 1833 3553 1885 καὶ
3574 1831 3693 1884 ἄκτι-

2177 1940 2301 1976 στον
2332 1925 2426 1977 τοῦ
2477 1924 2612 1979 Θεοῦ
2651 1927 2881 1997 θεότητα
2916 1926 3234 1996 φάσκοντας
3278 1924 3477 1993 κακῶς,
3507 1925 3590 1993 τὴν
3613 1923 3692 1993 μὲν

2175 2015 2344 2068 αὑτοῦ
2376 2016 2566 2070 οὑσίαν
2592 2017 2764 2087 μόνην
2797 2019 3051 2073 ἄκτιστον
3079 2015 3224 2072 εἶναι
3249 2017 3576 2078 διδάσκοντας
3600 2015 3693 2068 θεό-

2176 2127 2338 2181 τητα,
2369 2111 2464 2182 τὴν
2492 2113 2548 2166 δέ
2576 2113 2832 2183 θεατικὴν
2859 2112 3092 2181 δύναμίν
3123 2130 3184 2166 τε
3219 2113 3316 2166 καὶ
3345 2111 3597 2180 ἐνέργειαν
3617 2107 3691 2161 τοῦ

2177 2201 2358 2254 πάντα
2393 2203 2525 2271 πρὶν
2571 2201 2840 2269 γενέσεως
2868 2203 3071 2265 εἰδότος
3103 2201 3200 2256 καὶ
3227 2201 3325 2272 τὴν
3355 2199 3505 2254 αὑτοῦ
3545 2199 3690 2263 ἀξίαν,

2178 2295 2274 2345 καὶ
2307 2294 2406 2362 τὴν
2438 2293 2683 2359 ἐξουσίαν
2729 2295 2824 2347 καὶ
2862 2294 2962 2363 τὴν
2991 2295 3256 2362 πρόνοιαν
3284 2293 3358 2353 είς
3404 2291 3583 2358 κτίσμα
3609 2305 3688 2340 κα-

2176 2384 2520 2448 τασπῶντας.
2569 2384 2726 2439 Οῦτω
2756 2384 2863 2453 γὰρ
2912 2384 3006 2436 καὶ
3036 2385 3063 2435 ό
3094 2383 3231 2446 Θεὸς
3277 2382 3454 2442 αὑτοῖς
3497 2379 3563 2447 πῆ
3613 2381 3688 2445 μὲν

2179 2479 2420 2544 κτιστδς,
2453 2478 2529 2547 πῆ
2554 2478 2598 2531 δ’
2639 2478 2892 2540 ἄκτιστος
2937 2477 3178 2546 ὑπάρξει
3217 2475 3311 2528 καὶ
3345 2475 3420 2536 είς
3445 2468 3689 2524 cavat/ruite

2175 2583 2316 2621 τατα
2363 2569 2708 2642 διῃρημένος.
2743 2554 2876 2621 Οὐδὲ
2926 2568 3035 2637 γὰρ
3065 2567 3161 2620 τὸν
3193 2565 3382 2634 Υίδνῆ
3425 2563 3482 2616 τδ
3509 2560 3689 2626 Πνεῦμα

2177 2659 2240 2712 τὸ
2264 2659 2415 2728 ἆγιον
2440 2661 2653 2732 ἔχουσιν
2678 2659 3101 2728 ὑπολογίζεσθαι
3122 2676 3138 2691 ο
3172 2657 3377 2712 τούτων
3416 2655 3514 2725 γὰρ
3541 2651 3690 2705 ἑκάτε-

2182 2764 2276 2817 ρον
2301 2749 2577 2816 ἄφραστον
2606 2751 2802 2820 ἐπίσης
2835 2749 2912 2818 τῷ
2941 2749 3146 2818 Πατρί.
3174 2747 3236 2800 El
3261 2745 3309 2799 δ’
3347 2740 3490 2805 αὖθις
3517 2743 3688 2810 λέγοιεν

2179 2839 2473 2912 ἀδιάφορον
2525 2839 2667 2896 εἶναι
2700 2845 2764 2912 τῇ
2795 2841 2954 2912 οὑσίᾳ
2996 2839 3097 2911 τὴν
3144 2839 3442 2909 ἐνέργειαν,
3485 2837 3555 2896 εἰς
3588 2831 3690 2902 μίαν

2179 2929 2383 2992 ταύτας
2428 2931 2859 3000 συναλείφοντες,
2906 2930 3070 2984 πάλιν
3100 2930 3244 2985 κατὰ
3284 2930 3372 2982 τὸν
3409 2926 3553 2982 αὑτὸν
3581 2921 3691 2991 γνὼ-

511 3027 802 3095 ltasquein
890 3039 1051 3078 unam
1137 3021 1493 3086 coalescere;
1540 3029 1594 3074 tu
1665 3019 1861 3073 iterum
1917 3020 2071 3088 juxta

2185 3036 2320 3088 μονα
2351 3021 2451 3090 τῆς
2499 3023 2786 3086 εὐσεϐείας
2828 3021 2951 3075 εἱπέ
2980 3019 3074 3075 καὶ
3113 3022 3232 3085 πῶς
3278 3021 3310 3092 η
3353 3019 3444 3090 μὲν
3477 3014 3686 3086 mmihi]

505 3115 757 3170 eumdem
817 3113 934 3168 ﬁdei
992 3114 1227 3168 indicem
1279 3111 1368 3166 dic
1401 3112 1674 3180 quomodo
1709 3111 1967 3164 traditum
2001 3111 2076 3164 sit

505 3206 1052 3274 contpreltensiltilem
1139 3220 1262 3259 esse
1345 3214 1400 3258 et
1466 3202 2070 3270 inrompreltensibilem

506 3299 749 3369 ejusdem
813 3298 1172 3359 divinitatem,
1237 3295 1609 3363 visibilemque
1659 3294 1726 3348 iis
1774 3309 1910 3362 quos
1940 3295 2072 3346 inte-

507 3393 618 3444 rior
677 3388 914 3460 Spiritus
987 3389 1160 3444 virtus
1210 3389 1405 3456 dignos
1465 3385 1614 3448 facit,
1686 3397 1738 3439 et
1820 3386 2074 3439 omnibus

503 3483 717 3538 ett-teris
778 3483 1130 3544 invisibilem,
1202 3478 1715 3536 communicabilem
1773 3485 1937 3546 atque
1986 3477 2071 3528 in-

503 3576 1034 3631 contniuuicaltiletn.
1087 3573 1274 3642 Neque
1337 3573 1480 3626 enim
1549 3580 1693 3625 ret-te
1759 3579 2075 3624 censeretur

507 3669 732 3735 intelligi
785 3667 1167 3736 participarive
1221 3672 1314 3719 aut
1364 3663 1538 3717 videri
1563 3677 1774 3732 possea
1804 3660 2073 3714 creaturis

507 3754 599 3809 Dei
643 3757 960 3816 essentiam,
1019 3755 1162 3806 sicut
1214 3755 1268 3805 in
1315 3749 1636 3819 praecedenti
1688 3749 2074 3804 dissertatiOne

502 3845 1024 3900 demonstravimus.
1083 3843 1314 3897 Videsne
1351 3851 1408 3895 ut
1444 3841 1647 3910 optime
1679 3839 1806 3894 talia
1840 3839 1983 3892 inter
2013 3851 2073 3890 se

503 3939 692 3992 ciillisa
743 3936 925 3988 lumen
981 3934 1196 4003 pietatis
1245 3932 1467 3986 eliciant
1500 3930 1769 3994 ﬁdelibus,
1797 3939 1849 3982 et
1883 3930 1936 3981 in
1964 3929 2075 3981 lite-

503 4027 702 4081 reticos
735 4027 912 4094 ignem
941 4025 1308 4078 damnationis
1339 4020 1631 4076 emittant?

575 4114 754 4168 Tlteot.
810 4114 1023 4184 Optime
1059 4129 1074 4171 :
1113 4127 1236 4165 nam
1294 4125 1394 4180 ego
1449 4109 1518 4163 ab
1577 4109 1690 4176 ipsa
1737 4105 2070 4175 experientia

501 4208 686 4270 didici,
723 4206 906 4260 animo
951 4205 1062 4274 jam
1101 4220 1166 4258 ex
1208 4203 1292 4256 his
1320 4201 1614 4261 elucidalo.
1653 4200 1869 4253 acutius
1893 4197 2074 4252 videre

503 4299 784 4366 religionis
805 4297 1109 4350 veritatem.
1133 4295 1224 4349 Sic
1245 4293 1390 4348 enim
1428 4307 1597 4345 unum
1627 4290 2074 4360 individuutnque

2181 3112 2238 3166 δέ
2291 3114 2650 3186 ἀπερινόητος
2691 3113 3110 3185 ἀναγέγραπται
3167 3112 3260 3167 τοῦ
3316 3110 3470 3166 αὑτοῦ
3513 3109 3685 3175 eam,

2181 3205 2347 3274 ὁρατή
2382 3222 2442 3258 τε
2464 3209 2576 3268 τοῖς
2602 3205 2774 3274 ἀξίοις
2795 3206 3137 3278 άπορῤήτως
3167 3207 3224 3257 ἐν
3246 3204 3463 3272 δυνάμει
3489 3197 3687 3267 πνεύμα-

2179 3313 2273 3359 τος
2304 3299 2398 3350 καὶ
2432 3300 2566 3351 πᾶσι
2610 3297 2956 3351 παντάπασιν
3001 3297 3240 3367 ἀόρατος
3268 3293 3491 3367 μεθεκτή
3523 3307 3574 3345 τε
3615 3287 3684 3342 καὶ

2182 3389 2486 3457 ἀμέθεκτος
2513 3406 2528 3420 “
2570 3389 2690 3441 οὑδέ
2731 3389 2840 3460 γὰρ
2866 3390 3044 3443 ἐκεῖνο
3090 3389 3315 3454 εὐσεϐὲς
3360 3387 3460 3442 ἀπὸ
3483 3383 3575 3439 τῶν
3599 3397 3682 3434 κτι-

2183 3480 2404 3548 σμάτων
2451 3480 2689 3533 νοεῖσθαι
2737 3479 3009 3548 οῐεσθαιῆ
3058 3479 3382 3550 μετέχεσθαι
3427 3477 3457 3547 ἢ
3502 3470 3686 3544 ὁρᾶσθαι

2179 3571 2278 3642 τὴν
2297 3573 2484 3624 οὑσίαν
2513 3573 2607 3624 τοῦ
2630 3572 2787 3634 Θεοῦ,
2817 3572 3068 3643 καθάπερ
3091 3574 3152 3624 ἐν
3177 3575 3243 3643 τῇ
3271 3571 3373 3640 πρὸ
3402 3567 3579 3634 ταύτης
3599 3563 3686 3616 δια·

2181 3663 2323 3729 λέξει
2364 3657 2853 3733 προαπεδείξαμεν.
2898 3663 3039 3716 Ἀλλ’
3081 3664 3217 3732 δρᾷς
3255 3663 3396 3725 ὅπως
3436 3655 3590 3717 καλῶς
3633 3649 3688 3703 τὰ

2180 3748 2407 3803 τοιαῦτα
2438 3751 2855 3820 συγκρουόμενα
2895 3752 3032 3819 πρὸς
3062 3751 3272 3821 άλληλα
3311 3751 3422 3819 φῶς
3448 3747 3535 3817 μιν
3562 3745 3688 3797 εὐσε-

2181 3839 2335 3899 ϐείας
2361 3840 2633 3905 ἐκλάμπει
2659 3844 2769 3903 τοῖς
2797 3843 3031 3906 πιστοῖς,
3061 3840 3178 3914 πῦρ
3203 3841 3260 3894 δέ
3284 3839 3554 3908 καταδίκης
3574 3829 3689 3888 κατὰ

2181 3927 2292 3981 τῶν
2322 3930 2563 3983 ἀπειθῶν
2597 3930 2790 3998 ἀφίησι
2816 3945 2833 3996 ;

2253 4108 2420 4163 Θεότ.
2454 4104 2529 4163 Εὑ
2588 4107 2763 4178 μάλα·
2795 4108 2888 4162 καί⁵
2947 4109 3055 4176 γὰρ
3103 4109 3282 4177 ἔγωγε
3309 4107 3376 4162 δι’
3421 4103 3570 4172 αὑτῆς
3614 4096 3691 4164 τῆς

2180 4201 2373 4270 πείρας
2425 4199 2628 4266 ἔμαθον
2684 4199 3073 4270 διαυγέστερον
3107 4201 3207 4271 ἤδη
3265 4198 3578 4268 κτησάμενος
3617 4191 3691 4242 τὸν

2181 4293 2306 4344 νοῦν
2331 4292 2395 4343 ἐκ
2422 4290 2532 4344 τῶν
2561 4290 2843 4356 τοιούτων,
2873 4293 2968 4345 καὶ
2993 4291 3255 4361 ὀξύτερον
3277 4289 3491 4359 συνορᾷν
3511 4285 3596 4354 τὴν
3614 4280 3691 4348 τῆς

503 4388 767 4457 Spiritum
832 4386 1066 4438 dicimus
1128 4381 1422 4446 honorari,
1485 4382 1707 4450 quando
1776 4381 2070 4434 essentiam

2181 4381 2458 4445 εὐσεϐείας
2480 4381 2760 4452 ἀλήθειαν.
2793 4381 2950 4436 Οὕτω
2971 4383 3082 4454 γὰρ
3104 4385 3201 4437 καὶ
3219 4383 3276 4436 ἐν
3304 4379 3512 4450 Πνεῦμα
3525 4370 3691 4444 ἀμερὲς

501 4492 900 4549 personamque
935 4477 1100 4545 ipsatn
1137 4474 1477 4545 appellamus
1504 4471 1792 4543 Spiritum;
1819 4472 2079 4542 multipli-

501 4585 618 4624 cem
652 4583 777 4624 vero
802 4569 939 4623 alias
991 4567 1240 4623 eumdem
1270 4566 1530 4623 dicimus.
1561 4575 1877 4633 septemque
1906 4577 2077 4618 unum

501 4675 624 4713 esse
667 4660 952 4724 docemur,
990 4669 1046 4714 et
1074 4659 1222 4713 hunc
1241 4657 1610 4712 diversimode
1642 4655 2078 4712 communicabi-

502 4750 608 4804 letn
647 4765 766 4804 esse
801 4764 898 4818 per
924 4764 1110 4804 sacras
1142 4747 1444 4802 effusiones
1466 4756 1522 4802 et
1571 4748 1914 4816 operationes
1965 4747 2073 4801 divi

503 4842 739 4909 Spiritus
793 4845 1133 4911 proﬁtemur.
1198 4839 1776 4895 lncommunicabilem
1823 4838 1989 4907 igitur
2019 4848 2074 4892 tu

499 4935 642 4989 dicis
662 4935 751 4988 Dei
775 4935 1074 4988 essentiam
1108 4948 1170 4987 ac
1198 4945 1476 4987 naturam.

579 5112 803 5182 TheOph.
846 5111 1118 5179 Profecto,
1157 5112 1298 5167 hanc
1329 5111 1538 5167 scilicet
1562 5124 1684 5179 quae
1713 5119 1795 5164 est
1829 5108 1948 5165 sine
1977 5125 2078 5164 no-

504 5209 650 5264 1111110
677 5220 730 5262 et
750 5224 914 5277 supra
970 5223 1131 5260 omne
1159 5220 1380 5260 nomen.

575 5300 756 5355 Thcot.
786 5298 1308 5353 Commttnicabilcm
1342 5311 1466 5350 vero
1513 5306 1568 5350 et
1605 5294 2072 5365 comprehensibi-

483 5388 604 5441 ‘lem
659 5391 860 5443 asscris
905 5390 1159 5443 virtutem
1207 5398 1259 5442 et
1291 5385 1607 5456 potentiam,
1645 5402 1806 5456 quam
1847 5401 2074 5457 magnus

501 5478 736 5534 Basilius
762 5480 898 5534 dixit
920 5495 986 5534 ex
1012 5480 1269 5549 Operibus
1300 5479 1543 5547 intelligi.

576 5571 802 5640 Theoplt.
877 5574 951 5626 Ita
1010 5582 1115 5627 est.
1179 5571 1358 5626 Multae
1416 5582 1594 5626 autem
1627 5583 1757 5626 sunt
1786 5573 1948 5626 varize
1974 5571 2068 5627 Dei

505 5667 1049 5734 cotntnuuicatimtcs,
1118 5677 1176 5721 ut
1234 5665 1476 5722 diximus
1514 5665 1568 5719 in
1601 5666 1741 5722 libro
1773 5665 1839 5722 de
1863 5665 2070 5722 divinis

2181 4472 2508 4544 πρεσϐεύειν
2554 4473 2804 4543 λέγομεν,
2839 4476 2969 4527 ὅταν
3015 4476 3116 4542 τὴν
3175 4471 3422 4542 οὑσίανῆ
3464 4469 3550 4537 τὴν
3583 4463 3692 4516 ὕπε-

2179 4580 2368 4617 στασιν
2397 4564 2570 4635 αὐτὴν
2620 4565 2878 4634 καλῶμεν
2929 4564 3152 4635 πνεῦμα
3175 4583 3190 4598 ο
3223 4561 3515 4631 πολυμερὲς
3541 4555 3583 4608 δ’
3618 4551 3692 4605 ἄλο

2177 4651 2296 4706 λοτέ
2329 4669 2510 4722 φαμεν
2540 4654 2695 4720 αὐτὸ,
2719 4654 2814 4707 καὶ
2838 4653 2979 4707 ἑπτά
3009 4651 3153 4707 εἶναι
3182 4651 3526 4721 διδασκόμεθα
3550 4645 3603 4698 τὸ
3625 4641 3688 4703 ιν.

2177 4748 2273 4799 καὶ
2309 4745 2572 4815 μεθεκτδν
2600 4746 2759 4800 τοῦτο
2785 4747 3070 4818 διαφόρως
3097 4751 3226 4817 περὶ
3253 4746 3357 4798 τῶν
3387 4742 3532 4797 θείων
3557 4731 3688 4805 προό-

2175 4839 2284 4892 δων
2313 4839 2407 4892 καὶ
2437 4839 2732 4908 ἐνεργειῶν
2760 4839 2857 4892 τοῦ
2887 4840 3006 4903 ἐνὸς
3037 4840 3186 4893 θείου
3220 4837 3520 4903 Πνεύματος
3542 4825 3690 4882 uomi-

2181 4947 2334 5001 μενοι
2365 4930 2456 4984 τὶν
2485 4931 2664 4999 λόγον.
2712 4932 3042 5002 Ἀμέθεκτον
3070 4927 3166 4986 οῦν
3199 4931 3264 4983 σὺ
3295 4930 3389 5001 τὴν
3416 4923 3583 4979 οὐσίαν
3605 4916 3689 4987 φὴς

2178 5024 2275 5076 καὶ
2307 5023 2472 5090 φύσιν
2502 5023 2598 5078 τοῦ
2634 5024 2796 5079 Θεοῦ.

2251 5117 2428 5184 Θεοφ.
2476 5115 2610 5181 Ναὶ,
2651 5117 2752 5185 τὴν
2803 5115 3089 5189 ἀνώνυμον
3141 5116 3354 5184 ἐκείνην
3381 5110 3468 5164 καὶ
3511 5095 3687 5168 ὑπερῶ·

2177 5225 2239 5261 νυ
2247 5224 2366 5278 μον.

2257 5298 2423 5351 Θεότ.
2453 5298 2738 5369 Μεθεκτὴν
2769 5301 2826 5354 δέ
2857 5301 2952 5355 καὶ
3003 5299 3197 5368 νοητὴν
3241 5296 3336 5366 τὴν
3379 5293 3583 5357 δύναμιν
3612 5277 3686 5369 ’φὶ

2179 5389 2279 5460 τὴν
2309 5391 2612 5460 ἐνέργειαν,
2732 5397 2823 5444 καὶ
2847 5395 2874 5445 ό
2901 5394 3070 5462 μέγας
3097 5367 3200 5460 ἐςρη
3230 5385 3492 5443 Βασίλειος
3520 5379 3574 5428 ἐκ
3598 5367 3686 5423 τῶν

2177 5498 2306 5549 ποιη
2317 5485 2504 5550 μάτων
2543 5484 2752 5536 καταλα
2761 5476 2934 5552 μϐάνε
2944 5485 3086 5538 σθαι.

2251 5578 2425 5644 Θεοφ.
2465 5575 2623 5628 Τοῦτ’
2645 5551 2800 5630 αὑτό.
2829 5577 3113 5641 Μεθέξεως
3141 5573 3317 5644 μέντοι
3344 5565 3430 5618 τοῦ
3451 5555 3570 5613 Θεοῦ
3594 5551 3683 5644 διε·

2179 5640 2586 5736 φοραίπολλαὶ,
2640 5667 2714 5732 ὡς
2749 5671 2807 5724 ἐν
2832 5650 2908 5740 τῷ
2956 5669 3087 5744 περὶ
3130 5640 3285 5718 θείων
3317 5650 3574 5726 ἐνεργειῶν
3602 5640 3679 5695 καὶ
