3884 6204
133 300 239 365 929

1475 297 2004 362 THEOPHANES.

3275 296 3381 357 930

131 416 232 482 τῆς
262 412 387 467 κατ’
421 411 590 471 αὐτὰς
627 408 898 481 μεθέξεως
943 410 1040 463 κᾶν
1068 412 1133 481 τῇ
1164 408 1271 477 πρὸ
1299 408 1502 481 ταύτης
1526 410 1706 463 διαλέο

1855 415 2222 483 perationibus
2277 424 2329 468 et
2359 409 2967 468 communicationihns
3004 419 3055 465 et
3088 408 3141 463 in
3176 425 3381 479 praece-

132 507 212 571 εει
252 506 580 575 προείρηται
612 505 768 575 ἡμῖν.

202 601 372 653 Θεότ.
400 599 510 667 Τὴν
532 598 587 650 δὲ
609 598 891 665 ἐνέργειαν
918 594 1046 649 ἄλλο
1069 596 1249 660 λέγεις
1278 595 1379 664 τῆς
1400 595 1609 663 οὐσίας,
1631 597 1706 663 ὡς

126 688 499 756 διαφέρουσαν
526 687 766 755 ἐκείνης,
797 687 1004 756 ταύτης
1032 686 1089 739 δὲ
1124 688 1458 758 ἀχώριστον;

203 860 390 927 Θεοφ.
423 857 515 923 Ὠς
542 862 635 913 καὶ
660 860 761 926 τῆς
789 860 981 924 οὐσίας
1002 861 1101 929 τὴν
1132 863 1458 916 ὑπόστασιν·
1492 864 1571 934 τῷ
1600 865 1709 934 γὰρ

129 950 242 1002 ἀπὸ
270 949 366 1003 τοῦ
396 951 660 1021 ὀνόματος
690 954 1082 1024 σημαινομένῳ
1109 954 1414 1025 διενήνοχεν
1444 957 1705 1023 ἑκάτερον

127 1043 327 1110 αὐτῆς.

206 1135 379 1188 Θεότ.
412 1134 503 1206 Μὴ
533 1131 625 1189 οὖν
660 1136 753 1190 καὶ
782 1138 881 1208 τὴν
910 1138 1193 1209 ἐνέργειαν
1228 1139 1528 1194 ὑπόστασιν
1559 1138 1713 1205 δοξά-

132 1225 286 1289 {em

211 1319 391 1385 Θεοφ.
430 1318 681 1385 ’Δπαγεο
720 1316 947 1388 οὐδεμία
983 1319 1093 1389 γὰρ
1126 1318 1235 1373 τῶν
1263 1323 1524 1376 τοιούτων
1559 1324 1713 1387 svsp-

138 1410 305 1474 γειῶν
340 1409 730 1474 ὲνυπόστατος,
765 1412 1050 1465 τουτέστιν
1093 1413 1527 1483 αὐθυπόστατος,
1567 1422 1713 1475 κατὰ

138 1502 235 1552 τὸν
275 1500 451 1569 μέγαν
488 1503 655 1570 φάναι
682 1502 982 1555 Βασίλειον.

210 1594 379 1647 Θεότ.
421 1594 581 1648 Ἀλλὰ
621 1596 729 1663 μὴν
783 1596 878 1648 καὶ
916 1596 1003 1649 διὰ
1035 1596 1133 1665 τῆς
1178 1599 1460 1669 ἐνεργείας
1508 1604 1715 1673 ταύτης

132 1684 229 1737 τὸν
261 1684 394 1737 Θεὸν
425 1686 531 1755 φῂς
565 1686 893 1755 μετέχεσθαι
926 1688 1074 1758 παρά
1104 1688 1213 1741 τῶν
1245 1694 1607 1763 μετεχόντων.

215 1779 398 1846 Θεορ.
430 1779 586 1830 Κατὰ
612 1780 673 1832 τὸ
707 1781 1014 1852 ἐγχωροῦν.

211 1868 386 1922 Θεότ.
420 1869 532 1920 Καὶ
561 1868 645 1922 διὰ
690 1872 787 1941 τῆς
823 1871 1010 1934 οὐσίας
1046 1871 1135 1925 τὸν
1172 1872 1336 1927 αὐτὸν
1362 1873 1510 1942 ⁵Θεὸν
1543 1874 1715 1945 ἀμέθ-

142 1973 325 2010 εκτον.

214 2052 397 2117 Θεοφ.
438 2048 711 2103 Μάλιστα.

214 2143 386 2195 Θεότ.
421 2142 628 2203 ὐντως
655 2141 823 2211 λῆρος
857 2144 925 2195 τὰ
960 2144 1084 2197 καθ’
1115 2146 1272 2215 ὑμῶν
1297 2147 1521 2202 ἐκείνων
1548 2148 1718 2218 φθέγι

143 2251 321 2302 ματα.
360 2232 486 2295 Πῶς
514 2235 622 2304 γὰρ
676 2233 834 2297 ἀλλος
866 2234 1018 2289 ἔσται
1043 2239 1071 2290 ό
1114 2238 1294 2301 αὐτὸς,
1340 2240 1457 2303 πῶς
1482 2242 1526 2293 δ’
1560 2239 1718 2305 αὖθις

137 2327 300 2378 ἔσται
324 2324 466 2378 κατά
494 2325 675 2380 πάντα.
696 2326 756 2379 τὸ
785 2326 942 2393 αὐτὸ,
975 2330 1041 2399 τῇ
1064 2330 1324 2401 ἀκινησίᾳ
1350 2333 1598 2401 πρόοδος,
1625 2334 1720 2386 καὶ

136 2416 220 2487 τῷ
254 2415 547 2487 ἀμεθέκτῳ
593 2416 809 2486 μέθεξις
844 2418 939 2471 καὶ
976 2423 1043 2489 τῇ
1095 2423 1419 2491 κρυφιότητι
1450 2425 1483 2494 ἡ
1519 2423 1721 2491 ἐκφαν-

137 2524 252 2567 σις.
297 2507 569 2576 Ἀλλήλων
604 2509 702 2577 μὲν
722 2509 831 2595 γαρ
868 2508 1044 2564 ταῦτα
1073 2512 1350 2582 διαφέρειν
1392 2515 1714 2583 ἀναγκαῖον,

135 2598 265 2652 ἀλλ’
312 2601 376 2653 οὐ
422 2599 691 2671 διαφόρων
718 2599 946 2655 δύναται
979 2602 1266 2675 ὑπάρχειν,
1292 2607 1347 2659 εἴ
1375 2624 1437 2675 γε
1468 2609 1718 2663 ἄκτιστα.

217 2782 402 2848 Θεοςρ.
439 2777 501 2832 Ei
531 2778 587 2832 δὲ
615 2780 680 2834 τὰ
714 2780 813 2850 μὲν
841 2782 1021 2837 αὐτῶν
1046 2784 1261 2850 κτιστά,
1298 2785 1366 2839 τὰ
1394 2786 1439 2839 δ’
1468 2787 1720 2853 ἄκτιστα,

136 2868 187 2925 ῶ
226 2872 437 2943 χρηστὲ
485 2872 737 2943 Θεότιμε,
787 2873 1046 2946 ὑπάρχει,
1094 2877 1187 2931 καὶ
1218 2878 1491 2949 διαφίρων
1530 2874 1725 2935 οὐσιῶν

136 2966 287 3019 ἐστι.

219 3057 390 3108 Θεότ.
422 3056 546 3120 Πῶς
568 3056 678 3128 γὰρ
702 3056 761 3110 οὐ
787 3076 803 3122 ;

219 3150 404 3214 6805.7.
440 3148 701 3201 Πολύθεοι
725 3150 814 3220 ἄρ’
837 3149 912 3211 ὡς
937 3151 1152 3221 ἀληθῶς
1177 3154 1225 3206 ol
1248 3154 1401 3208 ταῦθ’
1425 3155 1569 3212 οὕτω
1594 3159 1727 3214 διαι-

140 3236 381 3307 ροῦντες
432 3230 598 3293 οὗτοι.
637 3241 807 3293 Ὅταν
860 3241 904 3296 δ’
958 3243 1115 3307 αὖθις
1159 3247 1356 3300 ταυτὸν
1412 3251 1724 3306 παντάπασι

139 3328 415 3383 τιθῶνται
449 3332 512 3400 τῇ
564 3331 891 3403 κρυφιότητι
923 3332 1023 3402 τὴν
1067 3333 1331 3402 ἔκφανσιν
1363 3338 1457 3391 καὶ
1488 3342 1554 3409 τῇ
1607 3342 1728 3395 ἀκι-

144 3422 320 3491 νησίᾳ
352 3423 446 3474 καὶ
476 3424 799 3493 μονιμότητι
834 3427 934 3495 τὴν
965 3426 1215 3498 πρόοδον,
1245 3428 1341 3482 καὶ
1370 3431 1434 3499 τῇ
1462 3431 1727 3505 ἀμεθεξίᾳ

145 3517 255 3581 τὴν
294 3516 453 3569 θείαν
493 3517 715 3586 μέθεείν
761 3533 821 3570 τε
851 3519 945 3571 καὶ
997 3519 1320 3590 μετάληψιν,
1352 3523 1545 3576 ταυτὸν
1577 3525 1620 3578 δ’
1648 3528 1727 3579 εί-

146 3611 276 3661 πεῖν
304 3610 374 3678 τῇ
422 3608 518 3661 τοῦ
555 3609 690 3662 Θεοῦ
718 3610 878 3681 οὐσίᾳ
912 3609 1007 3681 τὴν
1050 3611 1201 3666 θείαν
1236 3614 1393 3684 χάριν
1440 3618 1535 3671 καὶ
1583 3619 1731 3687 ἐνέρ-

143 3718 334 3767 γειαν,
398 3700 745 3770 καταληπτὸν
801 3703 988 3771 σαφῶς
1040 3706 1355 3760 παντάπασι
1386 3710 1618 3764 τίθενται
1671 3712 1729 3763 τὺ

144 3791 324 3855 θεῖον,
357 3789 384 3842 ὃ
414 3791 514 3860 τῆς
543 3789 833 3854 πολυθεῖας
860 3793 958 3845 οὐκ
983 3793 1201 3847 ἔλαττόν
1229 3798 1346 3850 ἐστι
1377 3800 1564 3852 κακόν⁸
1596 3801 1731 3854 ἀλλά

142 3882 329 3935 ταῦτα
376 3883 474 3951 μὲν
514 3884 883 3954 ἀποχρώντως
911 3884 1003 3938 νῦν
1038 3888 1173 3957 ἡμῖν
1203 3889 1455 3960 εἰρῆσθαι
1504 3893 1600 3946 καὶ
1635 3894 1732 3947 αὑ-

142 3974 244 4036 τὸς
272 3974 361 4038 ἂν,
392 3969 568 4041 οἶμαι,
605 3976 793 4045 φαίης.

226 4064 399 4116 Θεότ.
436 4062 546 4131 Οὐχ
599 4064 801 4133 ἥκιστα
835 4065 935 4135 μὲν
983 4066 1076 4121 οὖν
1124 4070 1217 4122 καὶ
1268 4070 1407 4138 πρὸς
1445 4071 1729 4143 ἀκρίϐειαν

143 4152 421 4220 ἀσφαλῶς
454 4159 547 4207 καὶ
577 4154 837 4219 εὐσεϐῶς.

228 4246 414 4314 Θεοφ.
453 4245 661 4299 Ἐκεῖνο
708 4247 754 4300 δ’
805 4248 1041 4304 ἐνταῦθα
1079 4252 1171 4306 τοῦ
1209 4253 1368 4322 λόγου
1422 4256 1731 4325 γενομένοις

148 4337 545 4408 διευκρινῆσαι
570 4341 890 4409 ἀναγκαῖον.

240 4430 409 4485 Θεότ.
441 4432 599 4484 Ποῖον
629 4431 818 4502 δήποτ’
840 4433 929 4505 ἄρ’
956 4435 1169 4505 ὲκείνο;

230 4522 410 4587 Θεοφ.
441 4520 567 4583 Πῶς
598 4538 764 4589 φησιν
797 4525 824 4575 ὁ
854 4523 963 4577 τῶν
995 4525 1315 4579 ἀποστόλων
1346 4530 1645 4597 κορυφαῖος
1676 4530 1733 4582 ἐν

149 4616 220 4682 τῆ
258 4614 489 4683 δευτέρα
537 4614 644 4667 τῶν
681 4614 1031 4682 Ἐπιστολῶν,
1075 4635 1092 4668 ι
1135 4618 1254 4672 Ἵνα
1296 4619 1528 4688 γένησθε
1585 4621 1738 4682 θείας

147 4705 415 4759 κοινωνοὶ
442 4706 677 4774 φύσεως.
721 4725 739 4759 ι
782 4708 942 4761 Ἀλλὰ
972 4709 1068 4763 καὶ
1109 4708 1138 4760 δ
1170 4710 1330 4779 σοφὸς
1360 4711 1429 4764 τὰ
1464 4713 1580 4765 θεῖα
1613 4713 1737 4766 Μά·

145 4798 365 4866 ξιμος·
408 4815 427 4848 ι
468 4798 560 4860 Εἰς
600 4798 757 4851 τοῦτο
826 4800 974 4870 ἡμᾶς
1028 4801 1330 4871 πεποίηκεν
1360 4804 1388 4856 ὁ
1442 4802 1595 4868 Θεὸς,
1652 4804 1741 4857 ἵνα

144 4884 457 4953 γενώμεθα
473 4885 620 4950 θείας
639 4889 885 4941 κοινωνοὶ
912 4889 1125 4957 φύσεως
1149 4891 1245 4945 καὶ
1267 4890 1367 4960 τῆς
1390 4891 1553 4945 αὐτοῦ
1582 4893 1743 4946 ἁῖδιό-

145 4993 331 5047 τητος
364 4977 601 5047 μέτοχοι.
648 4998 667 5031 ι
715 4979 774 5032 ὐ
802 4980 858 5033 δὲ
889 4980 1108 5051 Νύσσης
1139 4981 1280 5045 θεῖος
1315 4984 1577 5053 πρόεδρος
1602 4979 1745 5054 Γρῆ-

144 5070 380 5136 γᾶριος,
416 5087 435 5119 ι
469 5068 689 5134 Σκεῦος,
732 5071 886 5141 φησὶ,
919 5073 1017 5141 τῆς
1064 5073 1290 5143 ἐκλογῆς
1327 5074 1477 5140 ἅπαξ
1517 5076 1744 5144 γενόμε-

148 5175 263 5220 νος
288 5157 500 5220 ὁ,θεῖος
528 5158 761 5226 Παῦλος,
797 5158 945 5227 οἶκος
996 5163 1387 5233 περιληπτικὸς
1423 5165 1522 5235 τῆς
1553 5166 1748 5234 ἀπερι-

144 5250 381 5317 λὴπτου
415 5246 606 5315 γέγονε
634 5249 871 5315 φύσεως.
912 5270 930 5303 ι

247 5337 421 5392 Θεότ.
454 5334 525 5392 Εὖ
558 5329 641 5391 σοι
672 5339 904 5407 γένοιτο,
937 5341 1237 5410 Θεόφανεςς
1272 5342 1350 5415 μὴ
1377 5345 1513 5415 πρὸς
1543 5346 1747 5400 ἐπίδειο

154 5432 260 5496 ειν
294 5427 488 5492 ἁπλῶς
515 5428 649 5499 μηδὲ
682 5432 819 5501 πρὸς
849 5431 908 5483 τὸ
938 5433 1147 5485 πείθειν
1202 5436 1330 5497 τοὺς
1360 5436 1746 5506 ἀκροωμένους

158 5517 497 5585 ποιουμένῳ
550 5518 647 5589 τὴν
698 5519 957 5588 διάλεξιν,
1016 5521 1150 5576 ἀλλὰ
1196 5522 1332 5593 πρὸς
1384 5526 1747 5601 ἀκριὸἧίτῆς

259 5695 280 5724 ⁵
308 5694 347 5747 ll
378 5692 522 5747 l‘rtt'.
552 5710 586 5757 t,
624 5692 675 5747 4.

1813 506 1960 561 denti
1996 507 2401 561 dissertatione.

1888 597 2071 651 Theot.
2132 598 2348 651 Dicisne
2401 596 2770 667 operationem
2828 592 2974 646 aliud
3046 606 3167 646 esse
3219 607 3382 659 quam

1812 692 2103 745 essentiam
2134 729 2149 753 ,
2186 700 2445 759 tanquam
2480 689 2546 742 ab
2576 688 2692 758 ipsa
2720 687 3014 749 diversam,
3048 684 3115 738 ab
3142 698 3207 738 ea
3254 698 3385 737 vero

1817 781 2259 849 inseparabilem?

1891 872 2115 935 Theoph.
2162 872 2316 926 Sicut
2374 883 2605 940 persona
2630 867 2902 932 discrepat
2931 864 2999 917 ab
3031 866 3290 917 essentia:
3317 862 3385 915 ab

1819 960 1917 1015 hac
1958 962 2101 1015 enim
2164 970 2452 1029 utrumque
2484 968 2692 1012 tantum
2712 954 2889 1009 diﬂ'crt
2912 962 3178 1023 quantum
3203 950 3383 1005 disso-

1817 1062 1909 1106 nat
1946 1055 2182 1107 nominis
2212 1051 2561 1122 significatio.

1892 1145 2073 1199 Thcot.
2115 1145 2255 1199 Num
2288 1144 2452 1214 igitur
2476 1150 2530 1196 et
2556 1139 2927 1211 operationem
2954 1152 3073 1193 esse
3099 1150 3387 1208 personam

1823 1237 2108 1290 arbitraris
2132 1236 2156 1289 τ

1895 1326 2125 1395 Theoph.
2171 1326 2365 1380 Absit:
2402 1324 2551 1380 nulla
2597 1322 2743 1379 enim
2784 1322 2970 1376 talium
3012 1319 3388 1388 operationum

1819 1429 1901 1475 est
1934 1418 2264 1489 hypostasis,
2313 1417 2363 1470 id
2402 1425 2505 1479 est,
2545 1423 2641 1485 per
2674 1429 2733 1468 se
2775 1414 3102 1476 subsistens,
3160 1419 3219 1465 ut
3256 1410 3394 1463 dixit

1821 1526 2051 1582 magnus
2085 1511 2339 1563 Basilius.

1896 1602 2078 1656 Theot.
2147 1605 2211 1654 At
2269 1617 2366 1666 per
2424 1601 2563 1653 hanc
2612 1598 2991 1668 operationem
3048 1595 3186 1649 dicis
3224 1593 3395 1647 Deum

1822 1693 2221 1748 communit-ari
2260 1692 2742 1761 participautibus.

1747 1770 1786 1823 Β
1887 1784 2120 1853 “copit.
2160 1782 2349 1849 Qum-tl
2390 1783 2503 1837 ﬁeri
2538 1792 2738 1852 potest.

1892 1876 2076 1933 Tlteot.
2115 1876 2181 1931 Et
2213 1876 2445 1931 essentia
2472 1874 2722 1929 eumdem
2749 1872 2918 1929 Deum
2945 1886 3066 1928 esse
3096 1886 3401 1927 meorumu-

1818 1970 2131 2023 nicabilem.

1894 2062 2124 2127 TheOph.
2173 2059 2409 2129 Optime.

1893 2151 2076 2205 Theot.
2117 2149 2252 2204 Vere
2286 2148 2479 2203 deliria
2532 2158 2660 2201 sunt
2690 2161 2877 2201 eorum
2914 2155 3102 2200 contra
3146 2161 3242 2199 vos
3285 2160 3401 2199 ser-

1820 2257 2035 2298 mones.
2061 2240 2349 2307 Quomodo
2378 2241 2524 2295 enim
2555 2239 2695 2293 alius
2720 2238 2821 2292 erit
2849 2237 3014 2301 idem,
3045 2246 3097 2290 et
3124 2236 3399 2305 quomodo

1823 2336 2020 2390 iterum
2072 2333 2299 2387 omnino
2350 2330 2655 2386 consimilis
2707 2330 2812 2384 erit
2860 2327 3228 2382 immobilitati
3278 2341 3402 2394 pro-

1823 2424 2023 2487 cessio,
2058 2420 2669 2478 incommunicabilitati
2722 2420 3091 2490 participatio,
3124 2428 3180 2474 et
3228 2419 3402 2485 impe.

1823 2514 2178 2570 uctrabilitati
2222 2511 2596 2568 manifestatio
2624 2512 2648 2565 ?
2683 2510 2807 2566 llmc
2841 2510 2986 2564 enim
3024 2510 3167 2564 inter
3195 2525 3256 2565 se
3290 2510 3403 2564 dis-

1821 2620 2047 2676 crepare
2080 2618 2304 2659 ueeesse
2348 2612 2463 2666 est,
2497 2602 2591 2657 sed
2631 2609 2912 2671 nequeunt
2959 2600 3177 2657 diversa
3234 2598 3401 2655 simul

1822 2698 2109 2762 exsistere,
2143 2696 2189 2750 si
2222 2696 2331 2749 sint
2359 2694 2624 2748 increata.

1897 2790 2127 2859 Theoph.
2165 2788 2224 2842 Si
2260 2796 2440 2840 autem
2472 2800 2660 2840 eorum
2695 2783 2800 2838 alia
2838 2794 2968 2839 sunt
2997 2794 3181 2839 creata
3209 2790 3262 2838 et
3293 2782 3399 2838 alia

1824 2884 2092 2950 increata,
2128 2878 2454 2936 charissime
2483 2875 2792 2944 Theotime,
2819 2876 3192 2942 exsistunt.ac
3219 2875 3400 2931 diver-

1828 2990 1919 3030 sas
1955 2974 2158 3028 habent
2188 2970 2476 3027 essentias.

1748 3095 1795 3158 c
1900 3065 2077 3120 Theot.
2113 3065 2224 3119 Cur
2254 3064 2409 3118 non?

1906 3157 2137 3227 Theoph.
2178 3156 2422 3228 Polythei
2452 3164 2580 3211 sunt
2612 3154 2775 3225 igitur
2804 3151 2893 3208 isti
2925 3150 3016 3221 qui
3047 3150 3161 3204 haec
3191 3151 3265 3203 ita
3296 3148 3409 3203 dis-

1832 3259 2087 3319 cerpunt.
2121 3249 2257 3303 Cum
2290 3258 2515 3303 econtra
2546 3248 2771 3302 omnino
2808 3243 3115 3299 assimilant
3151 3241 3411 3295 manifes-

1833 3343 2093 3397 tationem
2127 3339 2654 3410 impenetrabilitati,
2694 3336 3062 3391 immobilitati
3101 3348 3164 3388 ac
3195 3348 3409 3402 perma-

1834 3435 2031 3489 nentia
2086 3433 2538 3504 processiouem,
2588 3438 2755 3500 atque
2804 3426 3408 3483 incommunicabilitati

1832 3527 2071 3581 divinam
2149 3523 2704 3579 communicationem
2781 3528 2835 3575 et
2898 3519 3407 3588 participationem,

1834 3617 2092 3685 idemque
2129 3615 2339 3685 pariter
2369 3612 2577 3669 faciunt
2605 3610 2698 3666 Dei
2742 3609 3044 3666 essentiam
3077 3624 3141 3663 ac
3169 3607 3408 3662 divinam

1835 3708 2068 3775 gratiam
2101 3715 2155 3759 et
2180 3704 2577 3772 operationem,
2610 3697 3158 3770 comprehcnsibilem
3190 3696 3413 3750 eviden-

1837 3797 2046 3853 tissime
2077 3797 2285 3850 faciunt
2319 3795 2510 3855 Deum,
2542 3794 2687 3863 quod
2733 3806 2840 3844 non
2874 3800 2955 3843 est
2985 3789 3167 3843 minus
3204 3786 3405 3840 malum

1834 3905 2001 3959 quam
2047 3885 2602 3959 polytheismus;sed
2655 3885 2768 3938 haec
2797 3881 3129 3938 sufﬁcienter
3174 3895 3204 3934 a
3253 3879 3411 3934 nobis

1833 3983 2119 4051 explanata
2157 3992 2212 4033 tu
2250 3979 2386 4049 ipse.
2419 3987 2570 4046 puto,
2605 3975 2776 4029 dices.

1909 4075 2095 4128 Τήιοι.
2138 4071 2205 4125 Et
2240 4070 2457 4138 quidem
2490 4082 2613 4122 cum
2650 4068 2887 4120 maxima
2919 4073 2971 4120 et
2998 4060 3410 4119 accuratissima

1836 4165 2099 4219 ﬁdelitate
2128 4177 2191 4217 ac
2214 4162 2437 4232 pietate.

1908 4256 2142 4323 Theoph.
2185 4252 2242 4308 Id
2297 4262 2479 4306 autem
2541 4251 2648 4303 huc
2692 4246 2964 4303 sermonis
3003 4242 3415 4301 devenientibus

1836 4348 2124 4413 diligenter
2150 4354 2234 4401 est
2262 4344 2706 4399 examinandum.

1765 4448 1810 4505 ι)
1910 4436 2091 4491 Tlreol.
2128 4436 2397 4501 Quidnam
2432 4433 2640 4502 igitur?

1909 4528 2143 4594 Theoph.
2185 4526 2340 4592 Quod
2367 4525 2503 4580 dicit
2532 4526 2787 4593 princeps
2814 4519 3188 4590 apostolorum
3230 4517 3284 4571 in
3322 4529 3412 4571 se-

1840 4621 2019 4676 cunda
2051 4618 2291 4689 Epistola
2322 4637 2336 4673 ι
2372 4635 2390 4668 ι
2432 4615 2504 4671 Ut
2554 4614 2863 4669 eﬂiciamini
2895 4614 3091 4667 divinae
3132 4620 3416 4665 consortes

1842 4723 2052 4768 natura;
2078 4713 2120 4766 '.
2162 4730 2181 4763 ι
2218 4710 2283 4765 Et
2307 4710 2527 4777 sapiens
2550 4709 2603 4760 in
2638 4706 2843 4759 divinis
2872 4704 3181 4757 Maximus:
3222 4720 3240 4753 ι
3289 4702 3419 4755 Ideo

1842 4818 1946 4859 nos
1977 4802 2107 4856 fecit
2140 4801 2306 4866 Deus,
2336 4809 2395 4853 ut
2424 4796 2725 4853 etliciamur
2760 4795 2961 4849 divina
3011 4801 3295 4848 consortes
3324 4806 3421 4844 na-

1847 4907 1983 4950 turae
2025 4902 2079 4948 et
2134 4891 2251 4959 eius
2310 4888 2629 4947 aeternitatis
2688 4888 3001 4958 participes.
3057 4902 3075 4935 ι
3130 4885 3209 4938 Ac
3252 4883 3414 4937 divus

1846 4988 2032 5059 Nyssa:
2065 4987 2296 5042 antistes
2328 4984 2625 5054 Gregorius
2654 4998 2669 5035 :
2724 4999 2743 5034 ι
2784 4981 2892 5036 Vas
2923 4977 3204 5035 electionis
3252 4977 3421 5033 semel

1847 5075 2024 5132 factus
2045 5076 2203 5131 divus
2220 5075 2439 5139 Paulus,
2457 5067 3187 5140 domus'comprehensibilis
3210 5068 3422 5123 incom-

1849 5168 2236 5237 prehensibilis
2268 5178 2475 5222 naturae
2508 5165 2738 5221 effectus
2773 5170 2879 5219 est.
2920 5180 2938 5214 ι

1914 5343 2091 5399 ΤΙιεοι.
2135 5316 2459 5413 Benejtibi’
2479 5344 2573 5411 sit,
2607 5343 2992 5411 Theophanes,
3039 5341 3133 5409 qui
3187 5352 3302 5392 non
3353 5334 3421 5390 ad

1843 5436 2180 5506 arguendum
2229 5436 2580 5491 solummodo
2615 5448 2714 5489 nec
2746 5433 2813 5487 ad
2846 5426 3275 5484 convincendum
3313 5442 3413 5479 auo
3448 5452 3453 5457 ~

1845 5527 2049 5584 ditores
2090 5528 2342 5594 disseris,
2380 5529 2474 5584 sed
2505 5528 2571 5583 ad
2606 5531 2921 5582 accuratam
2954 5519 3206 5576 veritatis
3256 5518 3416 5574 inda-
