3884 6204
220 286 331 348 933

1591 279 2124 343 THEOPHANES.

3364 283 3469 344 934

211 408 380 462 τερον
411 391 466 444 δὲ
501 390 746 461 δείξομεν
781 391 854 454 ὡς
898 391 1142 460 ἀνοήτως
1171 388 1486 442 παντάπασι
1521 385 1620 459 τὴν
1655 388 1777 442 ἀπο-

1901 389 2397 445 demonstrabimus
2447 405 2608 459 quam
2657 391 2846 446 insane
2885 389 2958 444 illi
3002 405 3212 461 semper
3246 392 3466 461 praefata
3539 450 3546 456 ,

215 482 482 552 στολικὴν
514 481 608 534 καὶ
657 482 753 544 τὰς
804 482 1073 551 πατρικὰς
1130 481 1328 534 ἐκεῖνοι
1385 479 1575 548 ῥήσεις
1614 478 1790 531 διατε-

211 574 372 627 λοῦσι
412 573 864 642 προϐαλλόμενοι,
896 573 992 635 τὰς
1038 573 1326 633 κοινωνοὺς
1351 571 1495 640 ἡμᾶς
1525 569 1786 636 λεγούσας

211 664 471 732 γίνεσθαι
504 663 720 733 φύσεως
753 662 912 725 Θεοῦ,
959 663 1032 733 μὴ
1071 664 1229 733 μόνον
1267 663 1351 714 ὅτι
1380 662 1515 731 πρὸς
1561 663 1790 731 ἀνατρο-

211 754 327 823 πὴν
355 751 448 806 τοῦ
480 752 842 822 ἀκοινώνητον
876 750 1014 806 εἶναι
1053 754 1149 805 καὶ
1182 753 1486 822 ἀμέθεκτον
1518 754 1629 814 τοῖς
1669 753 1786 804 κτί-

210 862 387 912 σμασι
425 846 561 897 πᾶσι
609 843 707 916 τὴν
744 844 895 897 θείαν
940 844 1036 896 καὶ
1085 846 1245 911 φύσιν
1273 845 1369 897 καὶ
1409 843 1617 906 οὐσίαν,
1652 844 1788 911 ὅπερ

207 940 303 992 διὰ
356 939 540 1008 πάσης
577 938 680 1007 τῆς
736 937 1099 991 θεοπνεύστου
1159 936 1489 1009 κηρύττεται
1543 936 1786 1006 Γραφῆς,

208 1032 332 1086 ἀλλ’
364 1033 448 1085 ὃτι
482 1031 574 1084 καὶ
618 1032 693 1094 ὡς
723 1032 878 1083 αὐτοὶ
916 1032 1144 1095 ταύταις
1190 1029 1519 1101 κεχρημένοι
1560 1028 1789 1081 διετέλε-

211 1142 336 1188 σαν,
369 1121 538 1190 αὐτὴν
571 1123 670 1193 τὴν
700 1123 922 1177 ἐκείνων
953 1122 1311 1186 ἀνασκευάζει
1342 1121 1522 1187 δόξαν.
1552 1121 1625 1174 Σὺ
1653 1121 1783 1189 γὰρ,

213 1213 243 1265 ὃ
267 1230 317 1265 τι
350 1229 483 1264 ποτε
527 1212 864 1276 δοξάζουσιν,
899 1207 1056 1265 οἶσθα
1096 1211 1207 1263 τῶν
1239 1211 1414 1265 ἄλλων
1463 1211 1780 1280 ἀκριϐέστεο

220 1321 331 1371 ρον.
377 1299 513 1355 Εἰπὲ
543 1302 747 1368 τοίνυν,
778 1303 914 1371 πρὸς
947 1303 1043 1371 τῆς
1074 1301 1349 1372 ἀληθείας,
1381 1301 1440 1354 οὐ
1478 1302 1655 1354 πάντα
1687 1299 1784 1369 μὲν

213 1395 436 1461 λέγουσι
485 1395 738 1464 μετέχειν
775 1393 870 1446 τοῦ
914 1393 1071 1458 Θεοῦ,
1104 1394 1282 1446 πάντα
1319 1393 1376 1445 δὲ
1403 1394 1472 1447 τά
1515 1392 1609 1446 τοῦ
1649 1391 1782 1445 Θεοῦ

213 1487 511 1556 μετέχοντα
534 1486 632 1556 τῆς
662 1484 850 1546 οὐσίας
903 1485 1152 1554 μετέχειν
1179 1483 1272 1536 τοῦ
1303 1481 1437 1536 Θεοῦ
1465 1501 1479 1550 ;
1507 1482 1582 1545 ὡς
1618 1481 1783 1552 μηδὲν

208 1578 401 1646 ἕτερον
435 1575 590 1638 ὄντος
635 1573 730 1628 τοῦ
766 1573 901 1628 Θεοῦ
936 1574 1079 1646 πλὴν
1106 1574 1295 1638 οὐσίας
1337 1575 1527 1644 μόνης,
1572 1573 1661 1628 ἵνα
1708 1573 1782 1644 μὴ

213 1668 442 1730 σῦνθεος
473 1666 797 1735 αὐτοῖςοεῖη,
841 1666 976 1737 μηδὲ
1016 1665 1188 1719 πολλά
1226 1665 1294 1718 τὰ
1325 1664 1591 1731 ἀκτιστας

1895 477 2140 544 Apostoli
2194 486 2248 531 et
2296 477 2515 532 Patrum
2574 481 2734 533 verba
2781 479 3017 549 objieere
3072 489 3296 551 pergant
3346 498 3468 552 qua:

1894 579 2150 620 asserunt
2179 584 2276 623 nos
2309 568 2423 622 fieri
2455 569 2650 624 divina;
2687 580 2971 625 consortes
3003 580 3234 627 natura).
3259 571 3462 626 Nedum

1894 658 2009 713 hate
2052 667 2299 715 astr‘ua‘ut
2337 675 2444 714 non
2502 677 2620 716 esse
2654 661 3220 717 incomn'tunieabilcm
3264 664 3465 733 impar-

1895 751 2335 822 ticipabileﬂtque
2367 755 2616 809 omnibus
2643 755 2905 810 creaturis
2938 755 3174 810 divinam
3211 766 3460 809 naturam

1889 851 1941 896 et
1998 845 2337 909 essentiam,
2392 846 2500 899 imo
2544 849 2706 900 etiam
2773 864 2895 917 qua!
2953 849 3328 903 indesinenter
3382 849 3460 903 illi

1893 941 2178 1003 uSurpant,
2225 936 2395 1005 ipsam
2447 953 2636 993 eoruut
2697 940 2925 994 destruit
2981 944 3328 995 sententiam.
3377 941 3459 995 Tu

1888 1025 2030 1078 enim
2061 1027 2187 1093 qttid
2225 1028 2314 1082 isti
2340 1029 2634 1097 opinentur
2666 1032 2777 1086 scis
2807 1035 3120 1086 accuratius
3149 1050 3310 1102 quam
3345 1034 3458 1087 alii.

1889 1117 1986 1172 Dic
2033 1119 2219 1188 igitur.
2274 1136 2368 1190 per
2415 1123 2697 1178 veritatem
2744 1125 2990 1187 obsecro,
3053 1142 3230 1179 nonne
3274 1125 3464 1178 dicunt

1889 1212 2070 1264 omnia
2114 1227 2236 1266 esse
2287 1213 2379 1266 Dei
2418 1216 2719 1278 consortia,
2748 1217 2816 1269 ab
2853 1218 3107 1270 omnibus
3142 1228 3321 1271 autem
3368 1216 3460 1272 Dei

1895 1303 2261 1371 participibus
2297 1305 2536 1359 divinam
2587 1309 2896 1378 participari
2950 1311 3244 1364 essentiam
3278 1311 3302 1362 ἲ
3340 1320 3461 1363 tan-

1887 1410 2048 1461 quam
2112 1396 2158 1450 si
2209 1397 2338 1450 nihil
2409 1407 2552 1453 esset
2608 1399 2661 1452 in
2699 1401 2802 1455 Deo
2864 1411 3058 1469 praeter
3122 1403 3458 1466 essentiam;

1885 1485 1993 1538 nisi
2049 1477 2185 1540 forte
2227 1503 2369 1544 unus
2424 1489 2496 1543 sit
2530 1504 2654 1543 cum
2692 1492 2799 1544 illis
2851 1491 2993 1546 Deus
3028 1507 3126 1546 nec
3171 1493 3323 1561 plura
3350 1493 3461 1546 sint

1885 1575 2123 1630 inereata
2147 1575 2172 1630 ἲ

283 1761 454 1814 Θεότ.
513 1758 670 1812 Τοῦτ’
719 1758 981 1830 ἄντικρυς
1021 1757 1154 1811 αὐτὸ
1192 1761 1286 1810 καὶ
1349 1756 1631 1822 δοξάζουσι
1686 1757 1777 1812 καὶ

1958 1755 2145 1812 Theot.
2181 1755 2297 1814 Hoc
2331 1757 2507 1828 ipsum
2546 1758 2724 1829 palam
2752 1757 2946 1834 docent
2981 1772 3044 1812 ac
3075 1756 3423 1827 proﬁtentur.

208 1849 450 1920 λέγουσι.

280 1945 463 2011 Θεὴφ.
503 1934 646 1995 Ἀλλ’
681 1942 739 1994 αἱ
770 1943 980 2012 ῥήσεις,
1016 1939 1084 1999 ἃς
1124 1939 1259 2010 πρὸς
1289 1941 1438 2010 ἡμᾶς
1466 1942 1515 1994 oi
1547 1939 1786 1994 ἀντικεί-

213 2050 365 2102 μενοι
392 2035 753 2104 προάγουσιν,
794 2031 869 2096 ὠς
909 2031 1096 2094 αὐτοῖς
1138 2031 1302 2100 δῆθεν
1331 2033 1685 2100 συνηγόρους,
1720 2031 1780 2084 οὐ

209 2125 374 2190 μόνον
407 2123 574 2178 τᾶλλα
625 2121 788 2177 πάνθ’
817 2119 1004 2183 ἁπλῶς
1062 2119 1180 2173 ἀλλ’
1220 2122 1341 2175 οὐδὲ
1389 2123 1600 2183 πάντας
1653 2123 1783 2185 τοὺς

208 2213 534 2286 ἀνθρώπους
567 2214 860 2274 κοινωνοὺς
881 2211 1056 2262 τελεῖν
1079 2227 1212 2280 φασι
1235 2212 1333 2280 τῆς
1362 2209 1511 2272 θείας
1544 2207 1776 2276 φύσεως,

207 2308 301 2360 καὶ
367 2303 593 2365 τούτους
647 2297 898 2369 γίνεσθαί
934 2299 1058 2352 ποθ’
1111 2298 1356 2368 ὕστερον,
1409 2298 1525 2352 ἀλλ’
1577 2298 1677 2351 οὐκ
1725 2299 1784 2362 ἐξ

207 2391 386 2463 ἀρχῆς
418 2390 688 2458 ὑπάρχειν
740 2389 1056 2450 κοινωνούς.
1094 2388 1300 2457 Πέτρος
1334 2387 1433 2456 μὲν
1467 2385 1575 2454 γὰρ
1615 2387 1642 2438 ὁ
1686 2386 1780 2440 τοῦ

205 2482 510 2554 κορυφαίου
542 2479 705 2552 χοροῦ
734 2480 843 2533 τῶν
875 2479 1191 2533 ἀποστόλων
1217 2481 1511 2548 κορυφαῖος
1552 2478 1781 2548 γράφων

203 2580 318 2640 τοῖς
371 2577 624 2644 ῖσότιμον
678 2571 908 2642 λαχοῦσι
945 2573 1148 2635 πίστιν,
1186 2569 1322 2640 πρὸς
1371 2570 1653 2623 εὐσέϐειαν
1685 2570 1781 2622 καὶ⁸

205 2667 406 2740 ἀρετὴν
445 2666 792 2738 παρακαλεῖ·
835 2683 853 2716 ι
884 2663 960 2715 Δι’
991 2657 1088 2726 ὧν,
1129 2662 1284 2730 φηοὶ,
1321 2679 1338 2712 t
1377 2661 1444 2712 τά
1471 2660 1626 2730 τίμια
1652 2661 1779 2730 ὑμῖν

205 2759 603 2828 ἐπαγγέλματα
649 2755 973 2826 δεδώρηται,
1025 2754 1115 2806 ἵνα
1150 2753 1239 2806 διὰ
1286 2753 1494 2805 τούτων
1545 2752 1778 2822 γένησθε

207 2852 363 2906 θείας
403 2848 658 2903 κοινωνοὶ
687 2846 926 2916 φύσεως.
968 2863 986 2897 ι
1024 2845 1191 2916 Ὀρᾷς
1228 2845 1309 2897 ὅτι
1345 2843 1523 2913 δωρεά
1545 2845 1691 2896 ἐστιν
1721 2843 1780 2896 ὲν

207 2945 564 3013 ἐπαγγελίαις
595 2943 824 3012 κειμένη
851 2941 969 3003 τοῖς
1005 2940 1147 2992 κατὰ
1179 2938 1414 3004 Χριστὸν
1441 2937 1649 3006 βιοῦσι;
1685 2937 1779 3003 Τις

207 3035 302 3094 οὖν
329 3036 726 3105 ἐπαγγέλλεταί
764 3052 869 3088 τινι
897 3035 968 3087 τὰ
1019 3030 1289 3102 προσόντα
1320 3033 1487 3084 πᾶσιν
1531 3031 1593 3082 ἐκ
1625 3032 1777 3098 γενέ-

1960 1941 2190 2010 Tlteoph.
2226 1939 2294 1996 At
2313 1940 2472 1994 verba
2498 1955 2619 2010 quae
2639 1939 2798 1994 nobis
2826 1937 3125 1992 adversarii
3159 1946 3458 2006 opponunt,

1884 2042 2142 2102 tanquam
2198 2032 2300 2090 sibi
2353 2031 2609 2096 faventia,
2635 2046 2742 2085 non
2777 2030 2938 2083 modo
2969 2045 3076 2083 non
3105 2039 3298 2082 caetera
3340 2043 3461 2081 οιιι-

1885 2122 2000 2188 nia,
2029 2124 2120 2178 sed
2163 2138 2229 2176 ne
2273 2137 2466 2178 omnes
2496 2121 2714 2190 quidem
2754 2120 3003 2174 homines
3035 2126 3288 2172 asserunt
3323 2115 3460 2171 επῖυὶ

1883 2215 2081 2268 divina:
2115 2222 2400 2268 consortes
2427 2223 2662 2275 natttrze,
2685 2220 2738 2265 et
2771 2211 2870 2264 hos
2898 2210 3062 2264 etiam
3099 2217 3461 2278 postremum,

1885 2303 2029 2357 haud
2066 2303 2134 2356 ab
2174 2302 2332 2356 initio
2377 2302 2493 2356 ﬁeri
2520 2299 2831 2370 participes.
2861 2297 2997 2352 Nam
3036 2297 3230 2352 Petrus
3262 2296 3460 2367 regalis

1885 2395 2253 2465 apostolorum
2289 2393 2442 2448 chori
2480 2393 2758 2463 princeps.
2792 2389 3042 2446 scribens
3086 2390 3153 2444 iis
3188 2389 3281 2458 qui
3313 2401 3460 2442 coae-

1883 2484 2098 2555 qualem
2125 2483 2304 2538 sortiti
2336 2491 2464 2538 sunt
2501 2481 2684 2546 ﬁdem,
2719 2480 2784 2534 ad
2825 2481 3078 2548 pietatem
3114 2487 3164 2532 et
3203 2479 3456 2533 virtutem

1883 2592 1977 2632 eos
2013 2576 2266 2630 hortatur
2296 2592 2310 2629 :
2353 2595 2371 2627 ι
2402 2575 2631 2643 Propter
2658 2589 2797 2644 quae,
2828 2591 2846 2625 ι
2878 2573 2973 2635 ait,
2996 2591 3013 2624 t
3040 2574 3272 2642 pretiosa
3303 2571 3458 2626 vobis

1882 2663 2150 2737 promissa
2187 2667 2386 2722 donata
2425 2673 2576 2730 sunt,
2620 2673 2680 2720 ut
2725 2681 2821 2735 per
2870 2665 2982 2718 haec
3033 2662 3456 2718 eﬂiciaminidi-

1883 2758 2019 2810 vinae
2047 2769 2333 2811 consortes
2363 2766 2591 2811 natura’.
2631 2774 2649 2808 ι
2680 2754 2839 2810 Vides
2869 2756 3152 2824 prazmium
3183 2769 3304 2809 esse
3330 2769 3459 2824 pro-

1881 2847 2112 2903 missum
2142 2846 2212 2901 iis
2249 2847 2342 2917 qui
2387 2847 2687 2901 secundum
2727 2846 3006 2901 Christum
3048 2845 3286 2899 vivunt?
3319 2843 3456 2909 Quis

1882 2951 2062 2996 autem
2090 2942 2252 2996 alicui
2289 2941 2577 3012 pollicetur
2613 2941 2756 3009 quod
2789 2940 2929 2995 inest
2959 2940 3211 2994 omnibus
3240 2943 3308 2994 ab
3335 2940 3453 3009 ipsa

1881 3032 2134 3101 origine?
2187 3032 2355 3088 Ditus
2401 3042 2580 3087 autem
2630 3031 2936 3087 Maximus:
2977 3050 2996 3083 ι
3042 3030 3189 3096 Ideo,
3243 3032 3450 3102 inquit,

206 3149 347 3195 σεως
375 3147 394 3198 ;
435 3130 494 3184 '0
522 3129 578 3182 δὲ
607 3129 749 3190 θεῖος
776 3126 1052 3197 Μάξιμος,
1089 3134 1108 3176 ι
1146 3125 1239 3186 Εἰς
1271 3121 1447 3189 τοῦτο,
1486 3125 1640 3194 φησι,
1677 3133 1772 3176 πε-

1889 3141 1987 3180 nos
2016 3124 2145 3180 fecit
2179 3126 2342 3187 Deus,
2378 3135 2438 3178 ut
2470 3119 2770 3179 eﬂieiamur
2805 3125 3003 3179 divinae
3041 3135 3327 3180 consortes
3358 3141 3457 3180 ua-

163 3223 440 3302 ‘mquev
462 3221 607 3292 ἡμᾶς
646 3222 673 3273 ὸ
697 3219 853 3284 Θεὸς,
892 3218 980 3271 ἶνα
1019 3215 1310 3286 γενώμεθα
1347 3213 1498 3276 θείας
1527 3216 1775 3268 κοινωνοὶ

204 3319 450 3386 φύσεως.
495 3331 514 3364 ι
558 3313 645 3375 Ὠς
694 3311 795 3364 οὐκ
839 3311 992 3372 δντες
1029 3310 1139 3378 ἄρα
1175 3307 1469 3376 πρότερον,
1523 3306 1631 3360 οὐδ’
1659 3307 1775 3375 ἃμα

201 3410 270 3477 τῇ
301 3407 518 3474 γενέσει
557 3405 653 3458 καὶ
679 3405 932 3457 κοινωνοὶ
966 3401 1328 3470 πεποιημένοι
1361 3399 1588 3470 ταύτης.
1626 3400 1686 3453 ὐ
1718 3400 1774 3454 δὲ

205 3500 354 3568 θεῖος
407 3495 620 3559 Παῦλος
659 3496 759 3564 οὐχ
800 3495 890 3546 ὅτε
930 3491 1004 3562 μὴ
1039 3493 1232 3552 πιστὸς
1279 3492 1460 3560 μόνον,
1494 3490 1632 3544 ἀλλὰ
1680 3489 1774 3542 καὶ

207 3591 456 3660 μιμητὴς
483 3589 674 3655 γέγονε
705 3584 962 3656 Χριστοῦ,
994 3585 1092 3653 τῆς
1142 3583 1522 3653 ἀπεριλήπτου
1559 3583 1776 3652 φύσεως

203 3680 357 3744 οἶκος
414 3681 786 3750 ὲχρημάτισε;
842 3678 950 3729 [ιοῦ
1007 3678 1186 3730 τοίνυν
1243 3679 1380 3728 εἰσιν
1428 3677 1476 3727 οἱ
1526 3677 1594 3727 τὰ
1645 3674 1774 3727 ὄντα

207 3775 387 3826 πάντα
414 3773 692 3824 κοινωνεῖν
722 3771 971 3838 λέγοντες
1012 3769 1201 3838 αὐτῆς,
1249 3769 1369 3819 ἐπεὶ
1411 3769 1582 3820 πάντα
1612 3766 1774 3834 μετέ-

204 3881 292 3936 χει
325 3864 420 3917 τοῦ
449 3863 581 3915 Θεοῦ
609 3880 625 3931 ;

282 3957 450 4008 Θεότ.
507 3949 1025 4026 Ἑῤῥέτωσανόῦτοι
1075 3948 1456 4021 παιδαριώδεις
1477 3949 1584 4018 γὰρ
1623 3949 1776 4012 ὄντες

203 4048 304 4118 τὴν
344 4048 610 4110 διάνοιαν,
663 4045 901 4097 νεανικοὶ
962 4043 1018 4096 δὲ
1065 4043 1164 4113 τὴν
1215 4042 1500 4095 ἀπείθειαν
1539 4040 1634 4091 καὶ
1674 4042 1774 4108 τὴν

207 4141 508 4202 ἀναίδειαν,
530 4141 646 4200 ταῖς
680 4139 896 4206 φρεσὶν,
929 4136 1004 4198 ὡς
1035 4135 1233 4201 ἔοικεν,
1260 4134 1374 4187 ἀλλ’
1403 4134 1462 4185 οὐ
1487 4135 1551 4202 τῇ
1584 4134 1772 4204 κακίᾳ,

205 4229 586 4300 νηπιάζουσιν.
644 4228 786 4296 Ἐγὼ
823 4227 866 4282 δ’
897 4227 1052 4297 οἶμαι
1099 4227 1332 4298 συνορᾷν
1376 4226 1438 4278 ὲκ
1478 4224 1584 4277 τῶν
1619 4225 1778 4296 εἰρη-

213 4327 389 4392 μένων
420 4323 534 4386 νῦν,
566 4324 713 4385 ὅπως
745 4321 842 4374 καὶ
877 4320 1140 4390 μεθεκτδς
1182 4321 1276 4374 καὶ
1306 4319 1609 4390 ἀμέθεκτος
1634 4313 1773 4372 εἶναι

205 4415 426 4484 λέγεται
459 4415 579 4468 κατ’
611 4416 798 4468 οὐσίαν
832 4415 860 4466 ὁ
893 4414 1050 4476 Θεός.

279 4511 459 4577 Θεοφ.
527 4504 833 4577 Ἐξήγησαι
890 4507 1094 4571 τοίνυν,
1138 4505 1166 4558 δ
1208 4505 1494 4577 τυγχάνεις
1533 4503 1776 4559 διανοού-

203 4617 392 4670 μενος.
421 4660 426 4665 _

275 4689 444 4742 Θεότ.
491 4683 711 4757 Ἔπειδὴ
751 4688 864 4748 τοῖς
899 4683 1075 4752 ἁγίοις
1109 4683 1292 4754 μόνοις
1318 4683 1526 4736 δέδοται
1579 4699 1773 4736 κοινω-

200 4780 330 4841 νοὺς
370 4777 470 4847 τῆς
500 4777 652 4840 θείας
687 4777 902 4845 φύσεως
927 4777 1122 4836 τελεῖν,
1154 4776 1267 4837 τοῖς
1299 4774 1399 4844 μὲν
1429 4775 1608 4836 ἄλλοις
1639 4774 1775 4842 ἀμέ-

202 4868 401 4920 θεκτον
447 4867 679 4937 ἐροῦμεν
711 4869 811 4934 τὴν
843 4867 1033 4918 οὐσίαν
1072 4883 1129 4918 τε
1164 4868 1256 4917 καὶ
1287 4865 1450 4933 φύσιν
1474 4865 1569 4918 τοῦ
1596 4863 1729 4916 Θεοῦ
1756 4879 1772 4895 θ

200 4960 312 5019 τοῖς
348 4958 408 5011 δὲ
463 4959 860 5030 εῦηρεστηκόσι
899 4958 1073 5026 τούτῳ
1125 4955 1416 5025 μεθεκτὴν,
1454 4955 1689 5024 μάλιστα
1714 4953 1772 5006 δὲ

202 5050 349 5102 κατά
379 5049 479 5118 τὴν
527 5049 830 5119 μέλλουσαν
861 5051 1080 5117 ἐκείνην
1117 5047 1292 5116 λῆξιν,
1328 5046 1586 5117 καὶπρὸς
1622 5043 1770 5095 τοῦτ’

204 5138 295 5209 ἄρ’
327 5139 459 5191 αὐτὸ
490 5141 708 5190 κάκεῖνο
745 5138 900 5207 φέρει
942 5137 1001 5188 τὸ
1047 5136 1339 5206 εἰρημένον
1367 5133 1654 5204 Γρηγορίῳ
1690 5131 1770 5202 τῷ

202 5233 303 5301 τῆς
327 5229 605 5294 θεολογίας
628 5229 921 5298 ὲπωνὺμῳο
945 5246 972 5280 -ι
999 5229 1190 5280 Ἔσται
1213 5227 1269 5280 δὲ
1293 5229 1319 5279 ὁ
1345 5225 1476 5286 Θεὸς
1501 5225 1569 5277 τὰ
1593 5224 1771 5277 πάντα

205 5324 264 5374 ὲν
296 5323 467 5374 πᾶσιν
495 5323 552 5372 ὲν
597 5320 674 5390 τῷ
713 5322 895 5388 καιρῷ
923 5318 1025 5387 τῆς
1071 5318 1593 5380 ἀποκαταστάσεως,
1641 5318 1771 5369 ὅταν

209 5416 410 5484 μηκέτι
457 5413 625 5466 πολλά
652 5409 824 5483 ὦμεν,
849 5411 1042 5480 ὥσπερ
1067 5409 1180 5472 νῦν,
1231 5410 1342 5470 τοῖς
1373 5409 1640 5477 κινήμασι
1673 5407 1770 5459 καὶ

201 5511 315 5569 τοῖς
343 5506 595 5571 πάθεσιν,
620 5506 771 5557 οὐδὲν
797 5505 934 5565 ὅλως
964 5501 1097 5554 Θεὸν
1136 5502 1167 5568 ἢ
1216 5499 1394 5564 ὀλίγον
1428 5501 1484 5550 ὲν
1514 5500 1643 5567 ἡμῖν
1675 5498 1771 5550 αῦ-

203 5603 315 5662 τοῖς
343 5602 628 5669 ᾳέροντες,
665 5597 779 5650 ἀλλ’
813 5597 926 5648 ὅλοι
958 5593 1234 5654 θεοειδεῖς,
1265 5591 1388 5643 ὅλου
1422 5589 1556 5642 Θεοῦ
1587 5607 1766 5659 χωρηο

206 5697 345 5743 τικοι
391 5691 486 5743 καί
519 5691 720 5757 μόνον’
763 5685 924 5738 τοῦτο
957 5684 1066 5751 γὰρ
1123 5682 1158 5749 ἡ
1209 5678 1486 5741 τελείωσις
1535 5679 1669 5747 πρὸς
1703 5678 1768 5746 ἣν

1879 3225 2037 3271 turre.
2074 3235 2092 3269 ι
2136 3214 2377 3272 Proinde
2407 3233 2504 3271 nec
2538 3231 2757 3271 eramus
2793 3216 2964 3286 prius,
3004 3232 3104 3270 nec
3133 3215 3295 3270 simul
3324 3229 3450 3269 cum

1880 3307 2164 3361 creatione
2211 3306 2337 3361 lacti
2389 3322 2578 3362 sumus
2629 3305 2780 3361 illius
2842 3304 3160 3376 participes.
3194 3306 3262 3361 Et
3293 3303 3453 3359 divus

1877 3394 2084 3451 Paulus
2120 3411 2301 3450 nonne
2353 3396 2576 3465 quando
2610 3409 2716 3449 non
2761 3393 3065 3462 discipulus
3095 3403 3327 3457 tantum,
3357 3393 3453 3447 sed

1880 3489 2125 3542 imitator
2159 3488 2336 3541 factus
2364 3497 2444 3540 est
2477 3485 2705 3546 Christi,
2740 3484 3317 3554 incomprehensibilis
3352 3499 3454 3538 na-

1881 3591 2016 3632 tura:
2059 3583 2252 3633 domus
2301 3579 2523 3632 etractus
2558 3577 2684 3630 est?
2719 3575 2824 3631 Uhi
2877 3577 3042 3644 igitur
3075 3585 3204 3629 sunt
3236 3575 3329 3643 qui
3363 3589 3454 3627 res

1879 3684 2070 3722 omnes
2111 3669 2296 3722 diettnt
2349 3683 2468 3722 esse
2519 3668 2684 3732 hujus
2740 3677 3046 3722 consortes.
3096 3665 3224 3734 quia
3258 3663 3449 3719 omnia

1879 3760 2046 3814 Deum
2072 3760 2444 3829 participant?

1947 3936 2128 3992 Theot.
2161 3936 2374 3993 Abeant
2406 3938 2517 4004 isti,
2548 3938 2786 4007 pueriles
2823 3925 3203 4006 intelligentia,
3231 3931 3447 4001 juveni-

1877 4028 1958 4084 les
1989 4029 2376 4083 incredulitate
2401 4039 2456 4083 et
2487 4029 2738 4092 audacia,
2771 4037 2829 4082 ttt
2859 4027 3024 4082 menti
3053 4041 3182 4080 mea:
3206 4024 3446 4089 videtur,

1877 4135 1942 4175 ac
1977 4121 2219 4190 nequitia
2272 4136 2377 4174 non
2411 4121 2641 4190 parvuli.
2677 4119 2937 4189 Equidem
2991 4132 3154 4182 nunc,
3203 4127 3260 4171 ut
3300 4116 3442 4170 arbl-

1877 4225 2014 4281 tror,
2047 4229 2110 4267 ex
2149 4213 2598 4282 dictis-intelligo
2647 4212 2922 4283 quomodo
2969 4207 3452 4266 communicabilis

1877 4312 1932 4358 et
1957 4303 2493 4359 incommunicabilis
2525 4303 2765 4358 essentia
2805 4300 3025 4357 dicatur
3059 4298 3227 4356 Deus.

1949 4483 2174 4552 Theoph.
2214 4483 2307 4538 Dic
2339 4484 2504 4563 igitur
2529 4482 2658 4553 quid
2686 4481 2984 4554 intelligas.

1952 4676 2132 4731 Theot.
2168 4679 2300 4731 Cum
2357 4677 2562 4732 sanctis
2606 4678 2872 4731 duntaxat
2905 4678 3087 4732 datum
3121 4679 3192 4733 sit
3220 4686 3458 4760 consorﬁ

1879 4779 1961 4823 tes
1992 4768 2107 4822 ﬁeri
2141 4777 2350 4824 natura:
2401 4769 2620 4832 divina),
2646 4769 2770 4824 aliis
2805 4769 3024 4838 quidem
3077 4763 3457 4838 iucommuui-f

1877 4860 2106 4913 cahilem
2136 4859 2383 4913 dicemus
2421 4860 2716 4914 essentiam
2748 4870 3108 4930 naturamque
3147 4863 3262 4927 Dei,
3289 4832 3457 4920 com-l

1881 4951 2268 5005 municabilem
2311 4965 2439 5006 vero
2485 4951 2554 5006 iis
2586 4967 2724 5021 quos
2771 4953 2860 5007 hic
2889 4954 3088 5024 diligit,
3140 4957 3455 5027 praesertim}

1875 5037 2055 5107 quoad
2087 5037 2327 5091 futuram
2355 5038 2771 5102 beatitudinem,
2803 5039 2965 5110 idque
2994 5043 3170 5112 ipsum
3203 5045 3442 5099 innuunt

1878 5131 1991 5182 hmc
2017 5129 2176 5183 verba
2201 5126 2446 5199 Gregorii
2476 5130 2562 5183 cui
2591 5145 2889 5200 cognomen
2909 5127 3219 5202 Theologus
3243 5149 3256 5186 :
3281 5154 3298 5184 ι
3325 5132 3450 5188 Erit”

1877 5229 2060 5274 autem
2093 5218 2236 5274 Deus
2271 5220 2453 5274 munia
2486 5222 2540 5274 in
2580 5222 2835 5276 omnibus
2863 5221 3274 5276 iustattrationis
3301 5231 3442 5276 tem-

1876 5327 2028 5380 pore,
2058 5327 2225 5379 quum
2261 5311 2372 5379 jam
2417 5325 2519 5364 nou
2566 5311 2779 5366 erimus
2824 5313 2968 5366 sicut
3003 5327 3146 5366 nunc
3183 5313 3441 5380 discerpti

1877 5401 2342 5454 commotionibus
2383 5409 2436 5454 et.
2471 5401 2888 5470 cupiditatibus,
2923 5402 3144 5453 minime
3194 5408 3287 5451 ant
3318 5415 3441 5469 per-

1879 5489 2157 5559 paululum
2214 5491 2266 5541 in
2329 5489 2486 5544 nobis
2525 5490 2689 5544 Deum
2727 5491 2991 5553 ferentes,
3055 5489 3148 5542 sed
3201 5489 3446 5544 totalitcr

1883 5582 2092 5635 similes
2122 5579 2256 5643 Deo,
2293 5581 2456 5633 unius
2487 5596 2550 5633 ac
2591 5581 2759 5634 totius
2793 5579 2885 5632 Dei
2925 5591 3190 5648 capaces:
3223 5579 3336 5633 hch
3360 5589 3442 5635 est

1881 5671 2023 5726 enim
2061 5670 2273 5737 requies
2305 5671 2356 5724 in
2391 5685 2550 5740 quam
2581 5667 3147 5737 iugredil‘estiuamus.
3178 5669 3261 5724 Au
3299 5680 3451 5727 recte
