3956 6194
495 259 604 324 935
1759 250 2136 314 onaeonu
2176 245 2520 310 ramus.
2740 227 2748 233 ’
3585 243 3678 307 936

494 369 868 441 argumentari
922 369 1154 424 videor?
1193 385 1260 423 an
1310 368 1381 422 ita
1432 383 1490 424 se
1536 384 1624 425 res
1672 367 1862 430 habet,
1896 368 2056 422 mibi-

2120 376 2137 426 ι
2174 362 2497 432 σπεύδομεν.
2532 358 2728 422 Καλῶς
2779 359 2865 430 ἄρ’
2907 358 3186 413 ἐπιϐαλεῖν
3216 359 3377 425 δοκῶ,
3419 358 3682 427 Θεόφανες,

495 478 606 531 que
675 463 951 517 conscntis
1014 474 1065 516 et
1126 463 1389 517 convenis
1460 477 1572 516 rem
1630 477 1687 518 se
1740 477 1849 522 non
1904 463 2057 518 aliter

2167 455 2259 508 καὶ
2289 453 2442 506 ταῦθ’
2473 451 2645 514 οὕτως
2673 451 2806 522 εχει,
2850 452 2946 504 καὶ
2979 454 3061 504 σοι
3095 453 3357 518 συνδοκεῖ,
3385 451 3473 505 καὶ
3499 452 3687 521 συμφή-

493 551 738 606 babere?
2169 565 2289 608 σαις
2326 547 2391 598 ἂν
2423 543 2889 614 ἐπιψηφιζόμενος
2915 543 2990 615 μὴ
3031 543 3205 607 ἄλλως
3240 543 3418 614 ἔχεινς

569 642 798 712 Tlteoplt.
837 641 1012 698 Absit.
1059 641 1193 697 Cum
1247 643 1394 698 enim
1449 642 1767 701 Messaliani
1823 645 2061 717 idipsum

2238 645 2415 710 6505p.
2473 641 2729 708 Ἀπαγει
2773 639 3186 702 Μεσσαλιανούς
3236 638 3346 710 γὰρ
3392 636 3528 691 τοῦτ’
3574 640 3685 694 αὐτὸ

499 742 766 798 tenerent,
796 733 1042 790 dicentes
1087 749 1181 790 eos
1212 750 1351 804 quos
1388 735 1661 792 habebam
1692 748 1750 793 ut
1781 749 2061 809 purgatos,

2168 734 2525 806 φρονοῦντας,
2563 731 2638 795 ὡς
2687 733 2737 785 oi
2789 729 2911 784 κατ’
2941 730 3138 794 αὐτοὺς
3179 730 3566 800 κεκαθαρμένοι
3605 733 3684 801 τὴν

499 825 653 878 indui
687 840 914 893 persona
947 827 1286 882 sacrosancti
1323 827 1559 897 Spiritus
1608 828 1837 900 ejusque
1872 832 1924 884 in
1968 847 2061 884 na-

2168 825 2468 878 ὐπόστασιν
2514 823 2761 894 δέχονται
2815 821 2909 876 τοῦ
2945 823 3214 890 παναγίου
3265 821 3686 891 Πνεύματος,καὶ

505 925 679 971 turam
708 915 933 980 intrare,
970 917 1077 971 divi
1109 917 1297 973 Patres
1345 935 1442 974 eos
1471 919 1696 973 omnino
1741 920 2062 990 rejecerunt,

2183 919 2248 981 είς
2277 914 2495 984 ἐκείνην
2521 914 2841 986 ἀνέρχονται
2868 912 2969 983 τὴν
3003 912 3186 981 φύσιν,
3223 913 3273 966 οί
3304 913 3434 966 θεῖοι
3480 914 3690 982 Πατιρες
3740 919 3745 925 “

500 1007 744 1061 dicentes
771 1007 1173 1074 quodammodo
1216 1011 1399 1064 venire
1435 1009 1649 1064 Patrem
1681 1010 1986 1080 Filiumque
2013 1022 2062 1064 ct

2167 1009 2367 1070 τελέως
2407 1006 2786 1074 ἀπεκήρυξαν,
2812 1006 3062 1068 εἰπόντες
3089 1005 3162 1066 ὡς
3199 1004 3404 1072 γίνεταί
3433 1022 3510 1068 τις
3535 1005 3690 1071 ἐπιδη-

502 1100 767 1170 Spiritum
801 1113 1045 1154 sanctum
1096 1102 1162 1154 ad
1215 1119 1309 1156 eos
1358 1101 1451 1171 qui
1500 1111 1628 1156 sunt
1669 1104 1811 1157 sicut
1855 1111 2064 1171 oportet

2172 1101 2267 1171 μία
2300 1099 2394 1152 τοῦ
2431 1099 2644 1169 Πατρὺς
2683 1100 2779 1151 καὶ
2808 1097 2902 1150 τοῦ
2937 1096 3065 1150 Υἱοῦ
3107 1097 3203 1148 καὶ
3234 1095 3328 1148 τοῦ
3359 1095 3504 1162 ἁγίου
3549 1097 3691 1150 Ilvati-

501 1192 738 1261 purgati,
771 1201 825 1246 et
853 1193 1190 1246 mansionem
1228 1193 1371 1261 apud
1399 1209 1493 1248 eos
1525 1193 1702 1249 facere
1729 1195 1884 1263 juxta
1912 1208 2063 1248 eran-

2172 1163 2340 1257 ματος
2392 1189 2501 1250 τοῖς
2547 1163 2622 1249 ὧς
2651 1186 2830 1255 χρεὼν
2885 1185 3338 1255 κεκαθαρμένοις,
3387 1185 3478 1239 καὶ
3521 1163 3711 1238 ἐνοικεί

501 1284 730 1353 gelieam
775 1283 1216 1353 promissionem.
1259 1283 1357 1338 Hic
1390 1300 1516 1338 vero
1549 1301 1616 1338 ne
1643 1284 1956 1339 consideres
1983 1286 2063 1338 di-

2170 1280 2352 1340 αὐτοῖς
2378 1277 2517 1330 κατὰ
2549 1278 2653 1346 τὴν
2679 1274 3038 1345 εὐαγγελικὴν
3069 1275 3420 1341 ἐπαγγελίαν.
3461 1275 3588 1329 Ἀλλ’
3610 1275 3692 1345 οὐχ

500 1373 780 1427 vinitatem
820 1384 1088 1442 quatenus
1135 1384 1217 1428 est
1249 1386 1468 1438 natura,
1501 1390 1599 1428 nec
1627 1374 1866 1427 animum
1917 1383 2062 1427 tuum

2169 1367 2243 1429 ὡς
2277 1365 2394 1438 ἔχει
2427 1364 2641 1432 φύσεως
2672 1366 2706 1433 ἡ
2743 1363 2956 1433 θεότης,
2986 1363 3122 1415 ἀλλᾶ
3156 1365 3290 1432 μηδέ
3324 1365 3382 1416 τὸ
3423 1363 3694 1432 θεολογικδν

505 1477 701 1516 rursus
735 1461 1012 1530 perturbet
1045 1462 1175 1516 illud
1206 1464 1350 1531 quod
1384 1464 1456 1516 ait
1491 1463 1825 1532 Tlieologus,
1877 1477 2067 1530 nempe

2171 1460 2350 1512 ἐκεῖνο
2399 1456 2696 1528 θορυὸείτω
2730 1474 2821 1510 σου
2872 1456 3034 1509 πάλιν
3076 1455 3175 1528 τὴν
3204 1456 3455 1518 διάνοιαν,
3486 1456 3554 1518 ὡς
3590 1457 3693 1509 ὅλου

506 1555 671 1607 t0tius
702 1553 790 1605 Dei
823 1568 1049 1621 capaces
1080 1551 1195 1606 fore
1233 1563 1455 1608 sanctos
1478 1572 1492 1620 ;
1518 1555 1608 1610 sed
1643 1565 1916 1608 memento
1949 1570 2068 1607 vcr-

2171 1551 2306 1605 Θεοῦ
2339 1551 2635 1622 χωρητικοὶ
2666 1551 2878 1603 ἔσονται
2905 1552 2954 1604 oi
2985 1549 3152 1619 ἅγιοι,
3181 1551 3286 1604 τῶν
3313 1551 3477 1618 λόγων
3501 1548 3694 1602 ἐκείνων

505 1644 699 1696 borum
732 1656 852 1711 qme
894 1650 1142 1695 recenter
1186 1641 1460 1705 diximus,
1494 1643 1848 1696 ostendentes
1887 1658 2067 1696 essen-

2179 1642 2552 1712 μεμνημένου,
2604 1635 2678 1695 ὧν
2710 1642 2933 1712 ἔναγχος
2981 1643 3382 1713 ἐποιησάμεθα,
3425 1640 3695 1703 δεικνύντες

509 1737 593 1787 tia:
619 1733 1290 1788 incommunicabilitatem
1324 1732 1546 1786 minime
1569 1733 1786 1787 obstare
1816 1733 1947 1802 quin
1982 1748 2071 1800 per

2135 1713 2149 1767 ι
2179 1711 2401 1803 μηδαμῆ
2437 1733 2603 1802 μηδὲν
2652 1711 3013 1802 λυμαίνεσθαι
3059 1711 3141 1802 τῷ
3173 1711 3458 1804 ἀμεθὲκτῳ
3507 1736 3594 1804 τῆς
3621 1732 3697 1785 οὐ·

510 1841 954 1893 tmazmpramque
1020 1827 1394 1893 operationem
1451 1834 1596 1880 totus
1657 1825 1971 1896 participari
2021 1832 2072 1880 et

2178 1823 2296 1888 σίας
2349 1826 2407 1878 τὸ
2437 1825 2502 1877 δι’
2555 1825 2792 1892 ἑκάστης
2824 1825 2932 1876 τῶν
2967 1829 3264 1896 ἐνεργειῶν
3314 1826 3431 1880 ὅλον
3467 1824 3551 1879 τὸν
3586 1822 3695 1876 Θεὸν

511 1917 737 1984 iulcliio'i
772 1918 983 1970 dicatur
1020 1916 1159 1971 Deus
1193 1917 1321 1984 (non
1361 1917 1506 1970 enim
1539 1918 1900 1986 corporaliter
1937 1917 2073 1971 diri-

2180 1913 2507 1984 μετέχεσθαί
2538 1933 2596 1966 τε
2624 1916 2716 1967 καὶ
2741 1916 2976 1968 νοεῖσθαι
3009 1916 3302 1980 λέγεσθαι·
3333 1915 3392 1968 οὐ
3421 1915 3521 1984 γὰρ
3547 1929 3695 1981 σωμα-

508 2011 715 2062 duntur
746 2009 1155 2077 incorporalia),
1190 2023 1253 2061 ac
1301 2007 1524 2075 proinde
1552 2008 1620 2061 ob
1649 2009 1907 2062 unitatem
1944 2009 2070 2063 sub-

2174 2006 2345 2068 τικῶς
2379 2006 2660 2076 μερίζεται
2693 2007 2761 2060 τὰ
2792 2006 3060 2077 ἀσώματα
3080 2025 3094 2040 ·
3136 2007 3217 2060 διὸ
3251 2008 3344 2061 καὶ
3373 2007 3455 2062 διὰ
3479 2007 3569 2076 τῆς
3591 2006 3695 2074 μιᾶς

511 2101 725 2156 stantiae
759 2100 1173 2154 immutabilLter
1213 2109 1358 2154 totus
1407 2101 1503 2154 toti
1541 2099 1670 2152 mihi
1720 2101 1930 2153 unitur.
1971 2099 2073 2166 Qui

2179 2098 2530 2161 ὑποστάσεως
2585 2098 2690 2169 ὅλῳ
2753 2115 2844 2167 μοι
2888 2100 3176 2166 ἀτρέπτως
3227 2100 3346 2162 ὅλος
3393 2098 3596 2168 ἥνωται.
3646 2095 3694 2148 Oi

511 2195 676 2265 igitur
715 2209 941 2262 capaces
973 2193 1170 2247 divinae
1202 2192 1516 2263 deiﬁcazque
1545 2192 1682 2246 liunt
1721 2193 2073 2263 operationis,

2178 2193 2474 2263 χωρητικοὶ
2505 2192 2680 2244 τοίνυν
2702 2191 2853 2254 θείας
2878 2195 2972 2244 καὶ
3009 2191 3263 2244 θεοπιιιοῦ
3289 2192 3552 2260 γεγονότες
3576 2191 3695 2258 ἐνερ-

513 2285 679 2340 totius
719 2284 809 2338 Dei
846 2285 1148 2340 redduntur
1187 2300 1437 2354 capaces.
1486 2283 1587 2338 Ubi
1631 2300 1783 2350 vero,
1832 2295 2075 2340 naturam

2180 2285 2356 2352 γείος,
2425 2283 2550 2335 ὅλου
2595 2283 2729 2336 Θεοῦ
2785 2283 3163 2353 καθεστήκασι
3221 2281 3526 2354 χωρητικοί.
3560 2281 3697 2335 Ὅταν

513 2378 749 2447 puritate
807 2375 1186 2446 supergressi,
1245 2377 1629 2446 requieverttnt
1699 2376 1768 2430 ab
1809 2372 2075 2430 omnibus

2179 2375 2236 2429 δὲ
2270 2375 2366 2444 τὴν
2402 2373 2563 2444 φύσιν
2601 2373 3049 2444 ὐπεραναῧάντες
3075 2373 3358 2444 καθαρῶς,
3394 2375 3557 2426 πᾶσαν
3588 2373 3697 2427 ἀποο

516 2468 779 2540 operibus
811 2467 1006 2543 anima:
1045 2479 1098 2522 et
1146 2467 1412 2538 corporis,
1464 2477 1650 2536 utpote
1688 2467 1863 2522 solam
1900 2466 2078 2536 adepti

2182 2468 2464 2524 παύσωσιν
2495 2471 2779 2538 ἐνέργειαν
2809 2470 2986 2540 ψυχῆς
3021 2471 3117 2522 καὶ
3157 2474 3428 2540 σώματος,
3461 2471 3529 2531 ὡς
3561 2468 3697 2537 μόνης

513 2561 756 2616 divinam
807 2561 1206 2629 operationem,
1255 2569 1387 2613 tunc
1453 2559 1762 2614 eiiiciuntur
1814 2560 1982 2613 totius
2027 2568 2075 2612 et

2182 2562 2280 2631 τῆς
2311 2562 2458 2624 θείας
2489 2563 2776 2634 ἐνεργείας
2819 2562 3244 2632 ἐπειλημμένοι,
3274 2560 3556 2632 τηνικαῦτα
3577 2559 3697 2612 τελε-

514 2653 678 2709 uuius
714 2652 806 2706 Dei
836 2667 1100 2721 capaces:
1140 2651 1256 2703 haec
1287 2660 1369 2704 est
1397 2649 1541 2704 enim
1581 2649 1796 2719 requies
1827 2649 1878 2702 in
1917 2662 2076 2718 quam

2185 2652 2363 2706 σθεϊεν
2411 2653 2476 2706 ἂν
2508 2653 2631 2707 ὅλου
2665 2655 2762 2707 καὶ
2788 2645 2793 2650 ’
2813 2655 2977 2725 μόνου
3031 2655 3171 2708 Θεοῦ
3221 2655 3538 2727 χωρητικοίο
3574 2652 3699 2706 τοῦτο

517 2743 727 2813 ingredi
779 2741 1124 2807 festinamus,
1169 2751 1228 2794 ut
1273 2741 1349 2796 ait
1393 2740 1710 2811 Apostolus,
1748 2740 2079 2809 deponentes

2183 2745 2293 2816 γὰρ
2328 2746 2362 2815 ἡ
2393 2744 2674 2808 τελείωσις
2725 2746 2861 2816 πρὸς
2899 2747 2965 2816 ἣν
3001 2747 3330 2819 σπεύδομεν,
3382 2743 3698 2804 ἀποπολικῶς

518 2835 787 2889 desideria
815 2836 1000 2888 carnis
1027 2843 1081 2887 et
1104 2833 1522 2902 cogitationum.
1553 2830 1691 2885 Dicit
1716 2831 1880 2884 etiam
1913 2829 2080 2884 Maxi-

2185 2838 2381 2900 είπεῖν,
2437 2837 2822 2906 ἀποτιθέμενοι
2851 2839 2919 2890 τὰ
2966 2838 3253 2908 θελήματα
3291 2840 3384 2910 τῆς
3427 2838 3600 2908 σαρκὸς
3625 2836 3699 2888 καὶ

521 2942 686 2990 mus,
737 2926 925 2979 talium
989 2924 1332 2980 certissimus
1386 2933 1511 2977 ante
1571 2923 1710 2977 alios
1764 2923 2082 2992 interpres:

2185 2929 2293 2984 τῶν
2325 2929 2594 2982 διανοιῶν.
2631 2930 2769 2998 Φησὶ
2797 2928 2904 2998 γὰρ
2955 2932 3049 2984 καὶ
3083 2931 3337 3001 Μάξιμος
3365 2933 3392 2984 ὁ
3429 2929 3528 2983 τῶν
3560 2925 3699 2981 τοιού·

527 3039 545 3070 ι
583 3021 774 3073 Umuis
820 3017 1003 3071 divina
1040 3017 1285 3086 operatio
1318 3031 1413 3085 per
1441 3015 1673 3085 seipsam
1713 3025 1884 3070 totum
1914 3015 2080 3071 Deum

2136 3045 2155 3100 ς
2189 3038 2316 3083 των,
2345 3020 2502 3090 εἴπερ
2538 3037 2644 3085 τις,
2672 3021 2967 3092 ἑρμηνεὺς,
2995 3023 3079 3074 ὅτι
3113 3039 3134 3072 ‹
3172 3023 3325 3076 Πᾶσα
3349 3020 3464 3073 θεία
3493 3017 3698 3086 ἐνέργεια

523 3110 644 3165 sine
694 3109 960 3162 divisione
1015 3115 1389 3178 repraesentat.
1441 3126 1460 3160 ι
1522 3107 1721 3163 Dicens
1751 3125 1770 3158 ι
1811 3109 2022 3173 omm'a,
2063 3125 2080 3159 ι

2187 3111 2257 3165 δι’
2300 3111 2500 3181 ἑαυτῆς
2550 3112 2671 3164 ὅλον
2709 3113 2801 3164 τὸν
2837 3111 2968 3164 Θεὸν
3015 3113 3244 3183 ἀμερῶς
3281 3108 3648 3182 ὑποσημαίνειο
3679 3121 3692 3153 ι

522 3201 759 3256 ostendit
786 3216 877 3254 cas
907 3215 1027 3254 esse
1059 3200 1264 3268 plures,
1291 3215 1396 3253 non
1429 3214 1556 3254 vero
1593 3201 1886 3255 essentias.
1931 3199 2084 3254 Insu-

2193 3205 2373 3258 πᾶσαν
2401 3204 2456 3258 δέ
2480 3203 2669 3269 εἰπὼν,
2696 3203 2898 3268 πολλὰς
2924 3203 3094 3270 ἔδειξε
3123 3207 3220 3258 καὶ
3241 3205 3340 3258 οὐκ
3359 3202 3528 3263 οὐσίας
3545 3196 3694 3256 οὔσας.

523 3309 620 3362 per
668 3292 874 3348 sanetis
916 3308 1024 3346 non
1074 3292 1471 3346 communicari
1511 3291 1749 3346 divinam
1792 3293 2085 3348 essentiam

2193 3295 2319 3350 ’Ότι
2343 3297 2402 3350 δὲ
2437 3295 2558 3349 οὐδὲ
2581 3297 2694 3358 τοῖς
2723 3295 2904 3364 ἁγίοις
2936 3296 3179 3366 μεθεκτή
3226 3297 3374 3350 ἐστιν
3407 3295 3438 3363 ἡ
3468 3287 3603 3346 οὐσία
3625 3283 3697 3338 τοῦ

526 3384 665 3437 idem
701 3382 967 3439 Maximus
1002 3384 1055 3437 in
1087 3383 1246 3452 paulo
1284 3383 1536 3452 superius
1569 3383 1730 3437 dictis
1757 3381 2088 3437 demonstrat

2189 3387 2347 3453 Θεοῦ,
2393 3387 2422 3438 ὁ
2473 3388 2638 3450 αὐτὸς
2676 3388 2928 3458 Μάξιμος
2980 3388 3065 3441 διὰ
3098 3390 3212 3441 τῶν
3261 3387 3449 3458 μικρὸν
3490 3378 3696 3445 ἀνωτέρω

525 3475 751 3528 dicens:
792 3492 809 3524 t
855 3473 996 3530 Deus
1038 3491 1103 3529 cx
1134 3475 1644 3551 impenetrabilitate
1670 3473 1924 3530 essentia:
1979 3489 2087 3528 non

2193 3481 2557 3550 προηγμένων
2588 3481 2786 3545 ἔδειξεν
2826 3482 2972 3552 ἡμῖν,
2999 3480 3195 3547 εἰπὼν,
3229 3481 3303 3545 ὡς
3337 3499 3354 3531 ι
3403 3477 3456 3531 ὐ
3480 3473 3591 3536 Θεδς
3627 3466 3695 3521 τοῦ

524 3569 669 3628 exit,
710 3583 727 3617 ι
781 3574 834 3620 et
876 3581 1106 3620 rursus:
1167 3587 1184 3618 ι
1233 3567 1353 3620 'l‘oti
1407 3567 1639 3621 omnino
1685 3565 1953 3620 eiﬁcimur
1994 3564 2086 3631 dii,

2191 3571 2314 3624 κατ’
2345 3571 2536 3624 οὐσίαν
2561 3571 2791 3639 κρυφίου
2820 3571 3101 3636 παντελῶς
3132 3573 3234 3625 οὐκ
3260 3571 3539 3635 ἐξίσταται.
3575 3558 3699 3617 »Καὶ

526 3668 723 3726 przeter
751 3658 1002 3712 essentia:
1037 3658 1394 3713 identitatem.
1434 3677 1451 3710 ι
1492 3658 1555 3714 Et
1585 3673 1816 3728 magnus
1846 3659 2088 3712 Athana-

2192 3664 2394 3718 πάλιν·
2433 3681 2452 3715 ι
2492 3663 2644 3716 Ὃλοι
2699 3664 2872 3716 διόλου
2927 3663 3196 3732 γινόμεθα
3245 3662 3376 3727 θεοὶ,
3431 3656 3578 3729 χωρὶς
3623 3652 3699 3719 τῆί

527 3753 688 3806 sius:
743 3769 760 3801 ι
803 3750 1001 3804 Deilica
1062 3752 1234 3820 gratia
1285 3751 1646 3821 participatur
1691 3761 1746 3806 et
1801 3751 2018 3804 videtur
2060 3767 2089 3805 a

2193 3755 2318 3806 κατ’
2350 3755 2536 3808 οὐσίαν
2567 3756 2920 3826 ταύτότητος.
2955 3774 2974 3806 ι
3009 3755 3117 3808 Καὶ
3141 3756 3172 3806 ὁ
3201 3757 3374 3824 μέγας
3421 3747 3700 3804 Ἀθανιίιτιος⁹

527 3841 706 3911 dignis
753 3839 914 3906 Deus,
947 3839 1185 3896 essentia
1219 3856 1348 3895 vero
1381 3839 1776 3896 conummicari
1823 3841 2032 3910 nequit.
2068 3859 2086 3888 ι

2207 3868 2224 3899 ι
2269 3847 2426 3900 Κατὰ
2459 3847 2556 3916 τὴν
2591 3845 2836 3900 θεοποιὸν
2868 3848 3027 3919 χάριν
3065 3850 3164 3901 καὶ
3198 3848 3471 3919 μετέχεται
3501 3841 3582 3895 καὶ
3602 3836 3703 3907 ὁρᾶ-

531 3933 598 3987 Ει
631 3932 829 3987 iterum
862 3949 878 3986 :
925 3949 944 3984 ι
988 3931 1068 3986 Dii
1119 3933 1333 4000 quidem
1370 3932 1654 3998 elﬁcimur,
1679 3932 1924 4002 ejusdem
1967 3946 2093 3986 vero

2193 3953 2283 3989 ται
2313 3938 2426 3999 τοῖς
2472 3937 2644 4000 ἀξίοις
2697 3939 2724 3990 ὁ
2754 3937 2904 4004 Θεὸς,
2945 3939 3067 3990 κατ’
3114 3938 3308 3991 οὐσίαν
3353 3937 3406 3990 δέ
3449 3925 3703 4003 ἀμέθεκτός

531 4033 740 4077 naturaa
767 4022 882 4078 ﬁeri
915 4039 1020 4076 non
1054 4038 1369 4092 possumus.
1410 4043 1428 4076 ι
1477 4025 1542 4078 Ει
1577 4023 1736 4079 Pater
1764 4026 2092 4096 Cbrysostoo

2197 4027 2337 4078 ἐστι.
2383 4045 2401 4078 ι
2439 4027 2546 4079 Καὶ
2591 4026 2769 4080 πάλιν
2795 4044 2809 4058 ·
2863 4045 2882 4076 ι
2930 4026 3055 4079 Θεοὶ
3097 4027 3202 4095 μὲν
3230 4025 3512 4096 γινόμεθα·
3548 4020 3627 4086 τῆς
3661 4015 3705 4066 δῖ

532 4132 674 4178 nms,
709 4132 814 4169 non
861 4117 927 4170 ad
985 4133 1304 4172 mensuram
1336 4117 1454 4172 dari
1489 4117 1754 4188 Spiritum
1805 4118 2036 4174 edoctus
2067 4134 2094 4172 a

2198 4117 2372 4186 αὐτῆς
2406 4116 2620 4185 φύσεως
2649 4115 2905 4182 γενέσθαι
2937 4114 2996 4168 οὐ
3027 4114 3331 4184 δυνάμεθα.
3364 4133 3381 4165 ι
3416 4112 3512 4164 Καὶ
3542 4104 3705 4171 όΧρυ-

537 4210 779 4279 Bap=ista
817 4227 830 4263 :
875 4229 894 4260 ι
934 4210 1089 4274 Vult,
1142 4211 1350 4279 inquit,
1382 4210 1668 4272 ostendere
1719 4211 1789 4265 ab
1840 4211 2098 4264 omnibus

2201 4207 2462 4278 σόστομος
2489 4206 2704 4277 Πατὴρ,
2739 4207 2839 4260 οὐκ
2866 4209 2930 4260 ἐκ
2966 4206 3171 4277 μέτρου
3202 4205 3430 4260 δίδοσθαι
3454 4201 3507 4253 τὸ
3525 4194 3706 4260 Πνεῦμα

535 4302 688 4355 nobis
717 4301 784 4355 ad
820 4317 1126 4356 mensuram
1159 4301 1328 4370 recipi
1355 4301 1592 4370 Spiritus
1623 4304 1798 4357 sancti
1825 4303 2097 4372 operatio-

2200 4299 2352 4368 παρὰ
2383 4299 2476 4352 τοῦ
2501 4298 2809 4352 Βαπτιστοῦ
2838 4297 3116 4368 ἀκηκοὼς,
3151 4317 3170 4351 ι
3206 4298 3381 4359 Θέλει,
3409 4292 3545 4362 φησὶ,
3567 4283 3704 4346 δεῖξαι

535 4406 658 4444 nem
688 4407 702 4442 :
739 4392 852 4444 hate
893 4403 976 4444 est
1008 4388 1152 4442 enim
1187 4405 1309 4458 qua:
1356 4391 1524 4444 dividi
1569 4399 1765 4460 potest,
1810 4406 1974 4460 quum
2011 4407 2097 4446 es-

2142 4404 2172 4458 ῐ)
2199 4391 2282 4444 δτι
2308 4391 2508 4452 πάντες
2541 4391 2701 4460 ἡμεῖς
2741 4391 2924 4459 μέτρῳ
2952 4389 3050 4460 τὴν
3085 4389 3366 4459 ἐνέργειαν
3392 4383 3476 4438 τοῦ
3501 4376 3704 4442 Πνεῦμα-

535 4485 711 4538 Sentia
746 4482 819 4535 sit
864 4480 1235 4535 indivisibilis.
1274 4500 1291 4533 ι
1333 4480 1487 4537 Unde
1517 4482 1607 4537 hic
1649 4481 1810 4536 etiam
1850 4483 2097 4536 non-vult

2198 4501 2290 4546 τος
2318 4483 2668 4554 λαμϐάνομεν
2687 4500 2702 4514 ·
2737 4483 2878 4554 αὕτη
2909 4482 3016 4553 γάρ
3046 4485 3196 4535 ἐστιν
3229 4483 3260 4550 ή
3291 4473 3616 4552 μεριζομένη,
3645 4466 3703 4524 tit;

538 4575 687 4644 ipsos
711 4571 949 4641 Spiritus
977 4571 1268 4641 participes
1292 4571 1480 4626 haberi
1508 4581 1565 4625 ut
1598 4581 1883 4626 consortes
1912 4586 2100 4626 essen-

2198 4573 2301 4642 τῆς
2358 4573 2547 4636 οὐσίας
2598 4573 2764 4642 οὔσης
2819 4572 3082 4644 ἀμεροῦς.
3141 4591 3162 4624 ι
3223 4574 3380 4625 Ὥστε
3425 4565 3525 4620 οὐδ’
3578 4555 3704 4616 οὗτος

539 4666 625 4718 tia:
654 4663 910 4735 Spiritus.
944 4663 1147 4718 Prater
1175 4663 1500 4718 documenta
1533 4663 1639 4718 illis
1674 4662 1938 4732 theologis
1965 4662 2101 4716 divi-

2202 4667 2497 4736 συγχωρεῖ.
2531 4665 2638 4718 οὐδ’
2680 4666 2876 4726 αὐτοὺς
2913 4663 3043 4727 τοὺς
3093 4663 3414 4732 μετέχοντας
3453 4653 3537 4709 τοῦ
3572 4645 3705 4704 llch-

537 4758 685 4812 nitus
716 4756 1000 4826 inspirata,
1040 4757 1151 4810 imo
1185 4756 1386 4826 regula:
1433 4754 1556 4809 ﬁdei
1587 4754 1750 4824 paulo
1788 4754 2037 4824 superius
2069 4769 2097 4806 a

2201 4773 2370 4824 ματος
2404 4756 2650 4826 μετέχειν
2677 4756 2884 4809 οἴεσθαι
2931 4755 3031 4824 τῆς
3070 4755 3259 4818 οὐσίας
3288 4750 3376 4804 τοῦ
3415 4745 3700 4813 Πνεύματος-

536 4851 694 4904 nobis
744 4849 1009 4920 expositae
1057 4857 1324 4917 repugnat
1366 4855 1586 4902 sanctos
1638 4860 1761 4901 esse
1813 4854 2098 4900 consortes

2200 4847 2346 4917 Πρὸς
2379 4847 2434 4900 δὲ
2466 4848 2579 4906 τοῖς
2607 4846 2813 4911 ἐνθέοις
2839 4846 3136 4916 διδάγμασι
3179 4845 3288 4898 τῶν
3317 4839 3570 4906 θεοσόφων
3606 4827 3704 4884 τού·

537 4942 735 4995 divime
759 4941 1009 4995 essentia:
1037 4955 1052 4994 :
1089 4941 1228 4994 hanc
1265 4940 1408 4994 enim
1441 4939 1529 4992 ille
1557 4939 1749 4992 statuit
1778 4936 2099 5006 simpliciter

2200 4957 2311 4993 των
2345 4939 2480 5005 ξούδέ
2535 4940 2614 5009 τῷ
2677 4939 2934 5010 ἀνωτέρω
2989 4939 3188 5010 μικρὸν
3226 4939 3352 5008 ἡμῖν
3393 4921 3702 4994 ἐκτεθειμένφ

536 5033 1050 5089 communicabilem
1090 5046 1212 5088 esse
1259 5040 1310 5086 et
1342 5030 1942 5095 incommunicabilem,
1990 5046 2097 5086 non

2201 5032 2442 5103 γνώμονι
2491 5033 2594 5102 τῆς
2647 5033 2930 5095 εὐσεϐείας
2976 5031 3296 5103 ἐναρμόνιόν
3343 5030 3451 5080 ἐστι
3498 5021 3554 5074 τὸ
3604 5013 3703 5072 τοὺς

537 5140 670 5182 νιετο
695 5125 1019 5196 quibusdam
1060 5122 1634 5179 incommunicabilem
1669 5131 1726 5176 et
1767 5121 2098 5191 quibusdam

2201 5127 2394 5193 ἁγίους
2430 5125 2696 5196 μετόχους
2725 5121 2865 5178 εἶναι
2896 5125 2993 5196 τῆς
3014 5125 3204 5187 οὐσίας
3232 5119 3322 5175 τοῦ
3343 5116 3470 5173 Θεοῦ
3489 5130 3502 5145 ⁸
3534 5108 3702 5162 ἐκεῖνος

535 5231 654 5272 com
665 5233 714 5272 ιιι
724 5215 1073 5273 unieabilem.

2200 5219 2308 5286 γὰρ
2339 5216 2610 5288 μεθεκτὴν
2637 5217 2822 5279 ἁπλῶς
2853 5216 2950 5270 καὶ
2997 5215 3295 5288 ἀμέθεκτον
3323 5207 3480 5262 ἐτίθει
3509 5196 3698 5262 ταύτην,

2200 5307 2316 5362 ἀλλ’
2351 5309 2471 5377 οὐχί
2499 5325 2608 5362 τισι
2645 5311 2744 5378 μὲν
2776 5308 3102 5378 ἀμέθεκτον,
3136 5306 3243 5359 τισὶ
3270 5303 3325 5356 δὲ
3349 5291 3612 5370 μεθεκτὴν.

609 5399 790 5453 Tlteot.
829 5396 883 5450 Si
918 5411 1044 5466 ergo
1068 5409 1246 5464 neque
1280 5409 1373 5462 per
1402 5402 1580 5460 partes
1613 5393 1750 5446 hanc
1791 5391 2100 5446 distinctio-

2273 5375 2447 5456 Gsdt.
2475 5403 2537 5455 El
2567 5375 2748 5454 τοίνυν
2787 5375 2925 5470 μήτε
2958 5399 3099 5454 κατὰ
3129 5397 3264 5469 μέρη
3294 5391 3485 5457 ταύτην
3505 5381 3592 5448 τὴν
3607 5375 3696 5470 6}“.

538 5507 662 5545 nem
707 5488 964 5550 admittit,
998 5501 1174 5553 neque
1201 5485 1322 5538 aliis
1360 5482 1576 5553 quidem
1632 5483 2096 5548 communicatur,

2201 5495 2376 5563 φορὰν
2411 5492 2731 5562 προσίεται·
2761 5465 2861 5546 διαί
2912 5492 3018 5562 γὰρ
3065 5465 3291 5558 ὑπάρχει
3327 5477 3553 5551 ἀμερήί’
3583 5465 3696 5563 μήξί

536 5583 656 5634 aliis
678 5596 806 5635 vero
833 5592 937 5632 non
971 5578 1432 5641 communicatur,
1468 5575 1770 5645 cquqmodo
1807 5585 2098 5643 utrumque

2199 5585 2312 5636 τισὶ
2360 5584 2458 5652 μὲν
2491 5584 2743 5652 μέτεστιν
2791 5582 2978 5653 αὐτῆς,
3040 5582 3147 5635 τισὶ
3173 5577 3218 5631 δ’
3261 5575 3318 5628 οὐ
3353 5570 3570 5642 μέτεστι»
3602 5564 3697 5611 πως

537 5680 666 5734 illud
701 5695 885 5733 verum
927 5691 1005 5734 est
1029 5681 1051 5732 ?

2201 5674 2460 5744 ἑκάτερον
2497 5676 2671 5730 ἐκεῖνο
2704 5673 2931 5744 ἁληθές;
