3884 6204
219 288 321 351 937
1585 279 2096 349 THEOPHANILS
3352 285 3458 347 925

286 403 465 468 880;.
520 400 716 452 νΑκουε
761 399 853 454 καὶ
890 400 1151 468 μάνθανε.
1200 401 1311 466 Τὴν
1361 400 1599 467 ύπερουσ
1625 403 1791 471 ότητα
1824 418 1867 474 Α

211 497 310 565 τὴν
333 495 487 546 θείαν
515 492 636 545 οὔτε
663 495 842 545 εἰπεῖν
877 493 1023 546 ἔστιν
1061 492 1183 546 οὔτε
1208 495 1476 562 ἐννοῆσαι,
1504 495 1627 546 οὔτε
1655 495 1792 556 ὅλως

215 605 334 650 πως
365 587 667 654 θεωρῆσαι,
712 586 801 638 διὰ
852 587 910 638 τὸ
963 587 1185 640 πάντων
1232 588 1404 658 αὐτὴν
1440 586 1790 658 ἐξῃρημένην

212 675 357 732 εἶναι
395 679 488 729 καὶ
537 677 984 746 ὑπεράγνωστον,
1036 679 1400 747 ἀπεριλήπτῳ
1434 678 1663 748 δυνάμει
1695 679 1791 730 καὶ

210 772 324 825 τῶν
342 772 442 824 ύπε
452 770 751 841 ρουρανίων
767 771 901 824 νόων
921 771 1023 823 ὖπε
1031 771 1184 841 ριδρυ
1193 771 1383 841 μένην,
1397 770 1491 823 καὶ
1511 771 1642 822 πᾶσι
1660 772 1793 822 πάνυ·

211 883 282 936 τη
305 865 545 934 ἄληπτόν
570 881 628 916 τε
651 864 742 916 καὶ
763 865 1000 934 ἄρρητον
1022 863 1129 916 ἀεί.
1159 863 1294 916 Οὑδέ
1317 863 1426 932 γὰρ
1446 861 1616 930 ὄνομα
1641 863 1789 914 ἐστιν

212 958 388 1025 αὐτῆς
414 955 556 1008 κατὰ
586 954 677 1005 τὸν
705 952 801 1006 νῦν
830 953 1000 1006 αἰῶνα
1033 953 1063 1020 ἢ
1095 955 1234 1006 κατὰ
1257 955 1348 1006 τὸν
1383 953 1644 1022 μέλλοντα
1674 953 1788 1004 ὀνο-

214 1046 553 1118 μαζόμενον,
579 1045 698 1097 οὐδὲ
729 1044 887 1112 λόγος
922 1047 981 1097 ἐν
1013 1044 1160 1114 ψυχῇ
1201 1045 1594 1114 συνιστάμενος
1621 1044 1654 1113 ἢ
1698 1043 1788 1096 διᾶι

213 1140 462 1208 γλώττης
507 1137 972 1206 προσφερόμενος,
1006 1137 1105 1190 ούκ
1145 1139 1328 1208 ἐπαφὴ
1381 1154 1464 1200 τις
1494 1134 1786 1207 αἰσθητηῆ

213 1229 417 1299 νοεράο
451 1227 566 1281 ἀλλ’
600 1228 719 1280 οὐδὲ
755 1227 1028 1295 φαντασία
1051 1227 1210 1294 ὅλως,
1241 1231 1290 1281 εί
1321 1230 1394 1298 μή
1416 1245 1499 1291 τις
1523 1228 1656 1296 φαίη
1687 1226 1788 1310 τὴν

213 1320 275 1385 ἐξ
313 1319 646 1387 ἀποφάσεων
668 1317 1017 1388 τελεωτάτην
1050 1318 1451 1388 ἀκαταληψίαν,
1481 1313 1556 1381 ῶς
1584 1319 1786 1382 πάντα,

215 1413 316 1463 ὅσα
349 1410 500 1464 ἐστὶν
532 1409 565 1478 ἢ
607 1409 743 1470 ὅλως
780 1409 998 1476 λέγεται
1061 1409 1406 1478 ὑπεροχικῶς
1443 1410 1789 1478 ἀφαιρουμέ-

214 1518 335 1570 νην.
365 1501 474 1553 Καὶ
501 1500 685 1551 τοίνυν
713 1498 824 1550 οὐδ’
852 1498 1043 1550 οὐσίαν
1069 1498 1293 1568 αὐτὴνῆ
1329 1497 1492 1568 φύσιν
1519 1499 1786 1568 ὀνομάσαι

215 1591 443 1661 θεμιτὸν
480 1589 817 1658 ὀνομάζοντα
851 1589 1081 1657 κυρίως,
1115 1591 1262 1653 ὅστις
1297 1593 1396 1661 τὴν
1428 1592 1571 1661 ὑπὲρ
1605 1593 1788 1645 πᾶσαν

215 1682 481 1752 ἀληθειαν
504 1679 764 1751 ἀληθείας
795 1680 1152 1750 ἐπιγνώμων.
1199 1681 1354 1734 Ἐπεὶ
1381 1680 1426 1735 δ’
1460 1681 1616 1746 αὖθις
1655 1681 1789 1735 πάν-

150 1773 329 1869 ξτων
357 1773 507 1824 ἐστὶν
561 1771 712 1825 αίτία
740 1772 836 1825 καὶ
883 1773 1013 1842 περὶ
1047 1772 1220 1844 αὐτὴν
1257 1774 1435 1826 πάντα
1483 1774 1581 1827 καὶ
1615 1774 1787 1843 αὐτῆς
1817 1791 1862 1851 Β

167 1863 191 1869 ’³
214 1865 406 1928 ἕνεκα,
427 1864 520 1916 καὶ
543 1863 681 1931 αὐτή
710 1863 825 1914 ἐστι
849 1863 951 1932 πρὸ
974 1863 1191 1917 πάντων
1215 1865 1312 1917 καὶ
1328 1864 1512 1928 ἁπλῶς
1535 1866 1627 1918 καὶ
1655 1866 1789 1918 ἁπε-

217 1955 510 2023 ριορίστως
531 1955 589 2006 ἐν
629 1954 796 2022 ἐαυτῇ
845 1952 1063 2007 ἅπαντα
1095 1955 1446 2024 προείληφεν,
1478 1956 1541 2006 ἐκ
1575 1955 1792 2007 πάντων

214 2045 388 2116 αὐτὴν
409 2045 759 2114 ὀνομαστέον,
783 2044 1265 2114 καταχρηστικῶς,
1318 2045 1415 2096 ἀλλ
1453 2045 1512 2097 ού
1563 2044 1788 2115 κυρίως.

213 2135 432 2190 Οὐκοῦν
471 2139 565 2188 καὶ
617 2135 810 2188 οὐσίαν
843 2136 1015 2204 αὐτὴν
1068 2137 1164 2190 καὶ
1200 2136 1362 2206 φύσιν
1411 2139 1787 2208 προσρητέον·

215 2230 426 2300 κυρίως
459 2228 518 2280 δέ
547 2227 649 2298 τὴν
685 2227 996 2281 ούσιοποιὺν
1027 2227 1124 2282 τοῦ
1155 2228 1292 2283 Θεοῦ
1336 2229 1563 2298 πρόοδόν
1607 2245 1668 2281 τε
1693 2231 1790 2282 καὶ

215 2320 523 2388 ἐνέργειαν.
565 2316 693 2370 Ὅτι
722 2318 778 2370 δέ
809 2318 904 2370 καὶ
936 2318 1075 2387 αὕτη
1106 2318 1536 2389 ούσιωνυμεῖται
1571 2321 1665 2372 καὶ
1693 2335 1790 2371 κυ-

217 2410 354 2480 ρίως
386 2408 545 2479 αὕτη,
581 2409 674 2462 τοῦ
703 2409 940 2478 μεγάλου
968 2410 1201 2465 ἄκουσον
1231 2409 1534 2472 Διονυσίου,
1566 2428 1584 2462 ι
1619 2411 1787 2466 Μετι-

215 2503 364 2564 τέον,
403 2499 674 2566 λέγοντος,
732 2501 825 2553 ἐπὶ
881 2500 981 2572 τὴν
1025 2501 1201 2565 ὄντως
1242 2498 1410 2555 οὖσαν
1462 2500 1567 2575 τοῦ
1618 2501 1792 2565 ὅπως

215 2591 372 2651 ὄντος
425 2588 743 2659 θεολογικὴν
797 2591 1206 2660 οὐσιωνυμίαν’
1259 2591 1513 2645 τοσοῦτον
1561 2592 1618 2646 δέ
1661 2595 1792 2647 ὐποο

221 2683 526 2748 μνήσομεν,
559 2681 644 2732 ὅτι
683 2681 761 2751 τῷ
803 2680 945 2751 λόγῳ
987 2685 1189 2746 σκοπὸς
1222 2684 1285 2736 οὐ
1329 2685 1428 2755 τὴν
1465 2685 1791 2756 ὐπερούσιον

216 2773 430 2835 οὐσίαν,
518 2771 859 2842 ὁπερούσιος,
885 2773 1166 2839 ἐκφαίνειν
1208 2774 1471 2844 (ἄρρητον
1497 2778 1606 2846 γὰρ
1632 2775 1791 2829 τοῦτο

220 2863 315 2913 καὶ
349 2862 632 2926 ἄγνωστον
663 2861 757 2912 καὶ
790 2861 1072 2924 παντελῶς
1100 2863 1461 2933 ἀνέκφαντον,
1498 2867 1592 2920 καὶ⁸
1621 2867 1792 2936 αὐτὴν

221 2954 522 3023 ὑπεραῖρον
551 2950 646 3021 τὴν
689 2951 934 3017 ἕνωσιν),
971 2955 1107 3008 ἀλλὰ
1138 2956 1234 3026 τὴν
1269 2958 1578 3012 ούσιοποιὸν
1610 2961 1691 3023 είς
1723 2961 1792 3014 τὰ

216 3047 346 3098 ὄντα
377 3044 555 3097 πάντα
577 3044 673 3114 τῆς
697 3043 996 3114 θεαρχικῆς
1027 3047 1350 3118 ούσιαρχίας
1378 3050 1601 3119 πρόοδον
1626 3051 1792 3122 ὑμνῆ-

220 3154 329 3189 σαι.
373 3155 392 3186 ι

217 3229 372 3281 θείαν
403 3229 550 3296 λέγει
592 3229 849 3299 πρόοδον;
893 3229 1055 3283 καλεῖ
1091 3230 1276 3299 μέντοι
1325 3229 1472 3285 οὕτω
1510 3232 1792 3289 κάνταῦθα

215 3325 310 3375 καὶ
358 3323 420 3373 τὸ
465 3322 698 3395 κρύφιον
737 3322 914 3392 πάντη
957 3323 1051 3375 καὶ
1079 3324 1467 3394 ἀνεκφοίτητον
1509 3327 1601 3378 καὶ
1633 3328 1793 3381 ἀνέκ-

216 3431 422 3479 φαντον
480 3417 675 3467 ἐκεῖνο.
709 3413 906 3486 Εὕροις
939 3415 982 3468 δ’
1011 3415 1076 3468 ἂν
1124 3417 1521 3488 παραπλησίως
1569 3419 1661 3472 καὶ
1693 3422 1792 3490 τὴν

216 3507 316 3574 τῆς
345 3506 562 3573 φύσεως
605 3506 981 3578 προσηγορίαν
1030 3508 1170 3561 κάπὶ
1201 3507 1308 3560 τῶν
1347 3509 1591 3578 φυσικῶς
1619 3525 1793 3579 προσ-

214 3600 388 3651 όντων
423 3599 736 3668 τιθεμένην,
769 3599 843 3662 ὡς
876 3601 970 3653 καὶ
993 3600 1020 3652 ὁ
1059 3601 1166 3652 τῶν
1189 3601 1510 3672 Γρηγορίων
1546 3601 1791 3670 θεολογι-

216 3690 463 3750 κῶτλτὸς
499 3691 632 3759 φησί
686 3707 789 3742 που
823 3691 930 3745 τῶν
965 3691 1141 3744 ἐπῶν·
1187 3711 1204 3742 ι
1244 3693 1374 3745 Ἦδε
1419 3692 1527 3763 γὰρ
1557 3693 1792 3756 ἄνακτος

216 3785 353 3854 ἐμοῦ
400 3785 564 3853 φύσις
612 3785 770 3838 ὄλϐον
818 3787 1062 3850 ὀπάζειν.
1096 3805 1115 3838 t
1153 3787 1288 3841 Ούδέ
1328 3786 1438 3857 γὰρ
1489 3786 1552 3840 τὸ
1591 3787 1790 3840 διδόναι

215 3877 382 3948 φύσις
437 3876 662 3944 ὁτῳοῦν,
717 3877 851 3930 ἀλλὰ
891 3877 1135 3946 φυσικῶς
1190 3879 1348 3932 τοῦτο
1390 3878 1654 3949 πρόσεστι
1714 3879 1792 3950 τῷ

216 3967 579 4038 εὐεργετικῷ.
634 3969 910 4021 Κὰπϊτοῦ
973 3971 1144 4038 πυρδις
1194 3970 1330 4039 φαίη
1383 3988 1466 4033 τις
1523 3971 1590 4023 ἂν
1627 3969 1792 4039 φύσιν

215 4057 368 4126 ἔχειν
398 4057 680 4128 ἀνωφερὲς
711 4056 873 4123 εἶναι,
907 4061 997 4110 καὶ
1031 4061 1147 4127 φῶς
1177 4061 1376 4113 ἐνιέναι
1415 4062 1526 4122 τοῖς
1550 4060 1752 4132 ὁρῶσιν
1774 4077 1788 4090 ⁸

217 4148 337 4201 ἀλλ’
364 4149 462 4218 οὐχ
505 4151 536 4218 ἡ
577 4151 790 4218 κίνησις
845 4149 994 4219 αὐτῷ
1037 4151 1220 4219 φύσις,
1269 4151 1390 4205 οὐδὲ
1440 4153 1502 4205 τὸ
1539 4154 1790 4221 ἐμποιεῖν

216 4241 432 4304 ἁπλῶς,
478 4242 594 4293 ἀλλ’
623 4243 658 4313 ἡ
687 4243 780 4312 τῆς
823 4244 1092 4312 κινήσεως
1116 4246 1280 4314 ἀρχή.
1316 4245 1549 4308 Λέγεται
1574 4264 1790 4316 τοιγαρ-

210 4335 312 4388 οῦν
369 4334 464 4387 καὶ
517 4334 583 4386 τὰ
623 4337 828 4403 φυσικὰ
891 4335 1074 4403 φύσις,
1125 4336 1200 4400 ὡς
1228 4338 1322 4390 καὶ
1369 4339 1499 4392 αὐτὸ
1537 4340 1565 4390 ὁ
1614 4339 1789 4410 μέγας

1978 397 2205 466 ΤΙιωρΙι.
2249 395 2389 451 Audi
2435 409 2500 452 ac
2545 396 2716 451 disce.
2758 395 3314 468 Supersubslanliulis
3375 401 3466 453 ιιι

1894 489 2132 543 essentia
2164 502 2264 542 nec
2293 487 2402 541 dici
2449 501 2548 542 nec
2577 486 2800 559 intelligi
2850 503 2949 542 nec
2997 489 3270 544 ullatenus
3296 492 3400 544 vid.
3424 488 3466 542 ii

1896 589 2093 647 potest,
2126 578 2254 646 quia
2288 592 2375 632 res
2405 591 2601 633 omnes
2642 587 2696 633 et
2730 593 2947 632 omnem
2977 579 3348 650 cognitionem
3377 596 3470 636 suo

1893 669 2218 738 pereminet,
2244 683 2410 739 supra
2441 668 3046 739 iucomprehensibilem
3093 670 3258 724 etiam
3304 673 3468 727 εαξιρι

1892 757 2058 812 szittm
2088 757 2382 826 spirituum
2429 758 2682 812 virtutem
2718 759 2938 823 sedens,
2964 760 3326 831 omnibusque
3355 777 3472 815 om-

1896 849 2026 902 nino
2073 849 2492 919 inintelligibilis
2539 864 2760 920 semper
2807 863 2858 904 et
2906 852 3309 909 inenarrabilis.
3359 853 3402 907 N
3437 867 3469 910 e

1895 939 2044 993 enim
2075 938 2187 994 ullo
2231 942 2452 994 nomine
2487 940 2602 994 sive
2628 941 2681 993 iu
2711 954 2828 994 aevo
2870 942 3120 1010 praesenti
3151 942 3265 996 sive
3298 943 3350 996 itt
3384 944 3470 996 fut-

1895 1039 2018 1086 turo
2046 1039 2224 1100 potest
2255 1031 2581 1100 nuncupari,
2601 1046 2702 1086 nec
2733 1031 2842 1086 ullo
2868 1032 3099 1102 exprimi
3124 1034 3291 1088 Verbo
3320 1037 3467 1104 quod

1898 1136 2050 1175 mens
2088 1121 2360 1190 excogitet
2403 1121 2484 1174 vel
2530 1121 2718 1190 lingua
2768 1122 3032 1191 proferat,
3075 1139 3176 1179 nec
3216 1125 3468 1180 sensibus

1897 1213 1974 1264 vel
2010 1213 2286 1266 intellectu
2319 1210 2539 1280 attingi,
2584 1228 2686 1266 nec
2718 1213 2821 1266 ulla
2859 1215 3238 1283 repraesentari
3276 1218 3470 1284 imagis

1895 1301 2140 1366 natione,
2181 1302 2288 1356 nisi
2328 1303 2512 1356 forsan
2569 1313 2627 1357 ut
2672 1304 2919 1372 qumdam
2951 1307 3195 1361 otnnium
3231 1309 3473 1374 negatio-

1897 1407 2025 1446 nnm
2078 1393 2481 1461 perfectissime
2531 1394 3111 1465 incomprehensibilis
3144 1410 3384 1465 summa,
3418 1415 3470 1451 et

1867 1535 1870 1538 .
1897 1498 2151 1554 suprema
2179 1489 2247 1542 ab
2263 1488 2522 1544 omnibus
2567 1503 2911 1560 quaecunque
2943 1501 3072 1546 sunt
3104 1493 3185 1546 vel
3212 1494 3471 1546 dicuntur

1897 1578 2221 1633 abstractio.
2271 1577 2460 1649 itaque
2509 1580 2687 1650 ipsam
2739 1585 3032 1636 essentiam
3070 1594 3166 1638 aut
3220 1594 3470 1638 naturam

1895 1669 2183 1725 nominare
2245 1686 2468 1740 proprio
2515 1673 2736 1727 nomine
2780 1674 2924 1728 haud
2988 1686 3171 1744 potest
3222 1678 3472 1747 quisqui:

1895 1760 2179 1816 veritatem
2203 1763 2354 1816 omni
2387 1762 2615 1818 veritate
2642 1765 2983 1835 superiorem
3007 1779 3314 1822 scrutatur.
3333 1769 3472 1835 Quia

1897 1860 2075 1905 tamen
2097 1851 2190 1905 illa
2207 1860 2292 1906 est
2312 1853 2557 1908 omnium
2581 1870 2770 1923 causa,
2788 1857 3084 1928 omniaque
3112 1859 3178 1913 ad
3201 1875 3320 1914 eam
3343 1877 3466 1930 per-

1894 1942 2151 1998 tinentac
2184 1952 2406 2014 propter
2432 1959 2552 1999 eam
2583 1946 2888 2012 exsistunt,
2927 1958 2982 2003 et
3011 1961 3093 2004 est
3124 1961 3250 2007 ante
3280 1954 3469 2006 omnia

1895 2040 1954 2086 et
1988 2032 2313 2102 simpliciter
2361 2035 2680 2107 inllniteque
2712 2050 2906 2096 cuneta
2938 2043 3218 2110 praecedit,
3252 2057 3318 2096 ex
3354 2060 3466 2092 ou.-

1891 2125 2056 2182 nibus
2093 2127 2428 2184 nominanda
2461 2140 2569 2199 est,
2604 2131 2856 2202 ﬁgurate,
2886 2149 2996 2187 non
3031 2135 3271 2205 proptie.
3305 2133 3460 2188 Nini:

1892 2219 2144 2288 cupanda
2177 2219 2343 2291 igitur
2369 2232 2454 2277 est
2478 2223 2593 2292 ipsa
2629 2227 2868 2280 essentia
2899 2234 2952 2281 et
2975 2235 3193 2293 natura,
3215 2239 3269 2282 et
3297 2230 3463 2282 etiam

1891 2309 2118 2379 proprio
2149 2314 2372 2368 nomine
2408 2315 2646 2369 creatrix
2683 2314 2774 2371 Dei
2804 2320 3080 2386 processio
3113 2327 3167 2373 et
3201 2322 3464 2389 operatio.

1895 2397 2066 2455 Porro
2087 2401 2226 2457 hanc
2246 2417 2468 2473 quoque
2488 2404 2706 2476 proprie
2723 2407 2906 2462 vocari
2925 2410 3214 2464 essentiam
3241 2425 3468 2482 magnus

1893 2491 2053 2549 docet
2076 2493 2369 2566 Dionysius
2404 2496 2630 2552 dicens:
2667 2515 2687 2549 ι
2728 2495 3117 2567 inquirendum
3155 2510 3240 2557 est
3272 2516 3465 2558 verum

1898 2585 2016 2640 veri
2067 2583 2160 2639 Dei
2194 2583 2450 2641 essentite
2491 2600 2732 2640 nomen:
2773 2589 3203 2645 memorabimus
3250 2600 3466 2646 tantum
3554 2581 3560 2587 ’

1895 2687 2203 2730 sermonem
2248 2690 2357 2730 non
2389 2674 2498 2731 huc
2543 2677 2786 2744 tendere,
2821 2686 2880 2731 ut
2923 2680 3469 2747 supersubstantialis

1899 2767 2139 2822 essentia
2173 2781 2282 2836 qua
2312 2766 2404 2823 ille
2433 2769 2982 2839 supersubstantialis
3012 2780 3117 2836 est,
3153 2771 3470 2846 designetur

1895 2858 2034 2927 (haec
2063 2858 2209 2913 enim
2241 2858 2350 2914 diei
2401 2861 2729 2931 cognoscivc
2767 2874 2862 2918 aut
2909 2863 3139 2918 iudicari
3189 2866 3378 2935 nequit
3417 2877 3471 2920 t-t

1895 2951 2070 3019 ipsam
2101 2951 2478 3020 supereminet
2529 2953 2838 3009 beatiﬁcam
2897 2958 3221 3026 unionem),
3271 2959 3367 3014 sed
3413 2973 3469 3013 ut

1895 3042 2236 3113 significetur
2286 3043 2520 3099 eﬂ‘usum
2551 3045 2606 3099 in
2649 3062 2739 3102 res
2785 3061 2979 3104 omnes
3032 3049 3321 3105 creatricis
3372 3051 3468 3106 [Li

475 3135 637 3206 Ὁρᾷς
684 3137 766 3189 ὅτι
830 3137 1000 3202 ὅντως
1055 3137 1223 3192 οὖσαν
1274 3139 1645 3206 ούσιωνυμίαν
1689 3143 1789 3213 τὴν

1895 3138 2149 3209 potentia:
2181 3137 2480 3192 emuvium.
2522 3157 2541 3190 ι
2587 3137 2746 3195 Vides
2793 3139 2864 3194 ab
2894 3155 2961 3200 eo
2989 3156 3178 3197 verum
3213 3147 3470 3200 essentia:

1894 3247 2092 3286 nomen
2128 3232 2334 3302 imponi
2378 3231 2576 3287 divinae
2608 3234 2948 3302 processioni
2973 3235 2998 3288 ἲ
3023 3246 3078 3290 ει
3109 3235 3236 3291 item
3264 3239 3470 3308 pariter

1895 3335 2174 3392 nuncupat
2206 3323 2358 3377 illam
2390 3323 2765 3380 absconditam
2791 3324 3230 3398 iueﬂ'abilemque
3261 3339 3317 3383 et
3353 3331 3470 3385 ine-

1897 3416 2223 3469 narrabilem
2261 3423 2534 3470 naturam.
2564 3414 2831 3472 Similiter
2863 3419 3103 3488 reperias
3137 3433 3345 3475 natura:
3373 3436 3468 3476 nos

1895 3521 2017 3559 men
2065 3507 2227 3561 rebus
2271 3521 2395 3574 qua:
2438 3516 2633 3560 natura
2682 3507 2899 3574 insunt,
2935 3510 3271 3578 impositum,
3327 3515 3471 3568 sicut

1900 3596 2138 3650 maxime
2179 3597 2320 3651 inter
2357 3597 2657 3667 Gregorios
2712 3598 2995 3670 theologus
3043 3601 3246 3656 alicubi
3295 3603 3463 3660 dicit:

1900 3705 1918 3739 ι
1953 3687 2076 3742 llaec
2108 3688 2268 3758 Regis
2297 3690 2401 3744 mei
2429 3699 2622 3744 natura
2649 3689 2960 3746 felicitatem
2988 3693 3242 3762 largitur.
3279 3715 3298 3748 ο
3331 3696 3465 3751 Nam

1894 3779 2026 3833 dare
2060 3795 2168 3834 non
2206 3793 2291 3836 est
2320 3790 2516 3835 natura
2561 3783 2807 3847 cuilibet,
2840 3784 2933 3838 sed
2966 3785 3293 3842 naturaliter
3326 3788 3468 3842 inest

1893 3871 2247 3926 benefactori.
2279 3874 2410 3926 Item
2439 3873 2506 3928 de
2541 3873 2665 3943 igne
2695 3873 2893 3943 aliquis
2920 3873 3103 3930 dicere
3129 3885 3312 3945 posset
3347 3880 3466 3948 t‘jlh

1895 3977 2144 4019 naturam
2203 3980 2422 4020 sursum
2481 3965 2703 4021 tendere
2756 3975 2813 4020 et
2872 3966 3183 4022 illuminare
3231 3970 3463 4032 oculos,

1895 4070 2209 4126 quanquam
2259 4057 2382 4124 ejus
2416 4063 2612 4108 natura
2651 4071 2758 4110 non
2799 4056 2873 4112 sit
2901 4069 3082 4114 nictus
3129 4074 3228 4114 nec
3266 4061 3466 4115 illumi-

1897 4147 2067 4212 natio,
2112 4149 2204 4201 sed
2243 4156 2424 4201 motus
2461 4147 2819 4217 principium.
2857 4147 2982 4204 Ideo
3011 4149 3116 4220 ipsi
3140 4160 3346 4206 natura:
3369 4165 3463 4206 ac-

1897 4249 1985 4293 tus
2035 4238 2295 4293 dicuntur
2338 4247 2571 4303 natura,
2603 4240 2748 4293 sicut
2801 4239 2994 4294 iterum
3052 4255 3288 4310 magnus
3339 4240 3465 4295 Dio-

1896 4331 2085 4402 nysius
2133 4330 2264 4384 alibi
2312 4331 2547 4386 scribit:
2589 4349 2609 4383 ι
2642 4330 2846 4386 Natura
2881 4332 3012 4388 boni
3057 4343 3141 4390 est
3162 4336 3465 4406 producere

209 4424 492 4487 Διονύσιος
540 4425 774 4494 ἀλλαχοῦ
834 4444 990 4495 φησι,
1051 4445 1069 4478 ι
1136 4427 1324 4493 Φύσις,
1379 4431 1639 4499 γράφων,
1707 4430 1787 4497 τῷ

1895 4433 1948 4476 ει
1989 4437 2351 4489 conservare,
2387 4428 2430 4488 »ξ
2460 4423 2514 4477 id
2559 4433 2679 4492 est,
2717 4425 2821 4479 hoc
2865 4425 2942 4479 illi
2991 4437 3186 4481 natura
3240 4429 3462 4481 insitum

203 4515 404 4585 ἀγαθῷ
448 4515 508 4568 τὸ
548 4516 823 4584 παράγειν
867 4520 961 4571 καὶ
991 4517 1184 4581 σώζειν
1211 4535 1224 4549 ·
1284 4538 1303 4570 ι
1343 4520 1585 4590 δηλον-ἑτι
1631 4537 1789 4588 φυσι-

205 4609 326 4668 κῶς
350 4606 511 4658 τοῦτο
558 4609 852 4676 πρόσεστιν
883 4609 1055 4674 αὐτῷ.
1091 4609 1200 4661 Καὶ
1241 4611 1421 4663 τοίνυν
1451 4613 1579 4665 ὅταν
1625 4613 1789 4667 ἁκού-

205 4717 312 4772 σῃς
346 4700 455 4751 τῶν
514 4699 773 4768 Πατέρων
804 4701 1118 4770 ἀμέθεκτον
1162 4701 1426 4770 λεγόντων
1459 4705 1558 4774 τὴν
1598 4707 1789 4759 οὐσίαν

203 4792 308 4844 τοῦ
339 4793 496 4856 Θεοῦ,
523 4795 736 4861 ἐκείνην
775 4809 864 4860 μοι
899 4794 1006 4844 νόει
1038 4793 1135 4862 τὴν
1177 4794 1568 4863 ἀνεκφοίτητόν
1607 4815 1664 4850 τε
1693 4800 1788 4851 καὶ

204 4882 571 4947 ἀνὲκφαντον.
605 4879 775 4932 ’Ὅταν
806 4882 850 4932 δ’
884 4881 1040 4943 αὖθις
1074 4882 1364 4952 μεθεκτὴν,
1407 4883 1514 4936 νόει
1556 4901 1645 4953 μοι
1685 4887 1785 4954 τὴν

207 4971 463 5038 φλσικῶς
489 4969 799 5038 προσοῦσαν
834 4971 911 5040 τῷ
934 4971 1051 5039 Θεῷ
1072 4972 1320 5041 πρόοδον,
1347 4977 1440 5024 καὶ
1466 4976 1561 5040 τὴν
1587 4973 1786 5042 ἔκφανι

213 5080 304 5114 σιν
337 5065 429 5114 καὶ
486 5062 586 5130 τὴν
626 5064 940 5133 ἐνέργειαν’
975 5065 1070 5116 καὶ
1123 5063 1267 5115 οὕτω
1309 5065 1552 5133 στέργων
1605 5068 1788 5133 ἀμφόο

209 5170 370 5218 τερα,
413 5154 672 5219 ὁμόλογος
729 5154 824 5222 ἔσῃ
863 5156 972 5216 τοῖς
1021 5155 1320 5224 Πατράσιν.
1367 5155 1528 5207 Ἀλλὰ
1577 5158 1668 5208 καὶ
1697 5156 1786 5209 διὰ

211 5245 314 5310 τῆς
375 5245 626 5310 τοιαύτης
683 5243 961 5312 ἐνεργείας
996 5244 1216 5312 ἐκείνην
1257 5245 1447 5312 αὐτὴν,
1495 5249 1542 5297 εί
1576 5251 1670 5299 καὶ
1708 5247 1783 5315 μὴ

213 5337 339 5386 καθ’
376 5335 576 5404 ἑαυῖὴν
609 5338 708 5404 τὴν
763 5337 914 5388 θείαν
947 5335 1133 5404 φύσιν,
1169 5337 1340 5403 λέγων
1389 5337 1681 5406 μεθεκτὴν,
1728 5341 1784 5390 ἐν

211 5429 324 5488 τοῖς
378 5428 523 5495 ὅροις
561 5432 742 5495 μενεῖς
787 5431 884 5496 τῆς
933 5426 1245 5489 εύσεὸείας’
1287 5431 1633 5498 συντηρεὶται
1679 5431 1785 5498 γὰρ

214 5523 309 5571 καὶ
342 5519 485 5571 οὕτω
511 5520 569 5570 τὺ
598 5520 895 5588 ἁμέθεκτόν
918 5536 975 5570 τε
1009 5522 1102 5571 καὶ
1135 5522 1470 5587 ἀνέκφαντον
1501 5503 1600 5588 τὴς
1627 5523 1786 5574 ἀνεκ-

218 5610 478 5677 φοιτὴτου
527 5609 738 5675 φύσεως
778 5608 1011 5677 ἐκείνης.
1055 5609 1181 5661 Ἰδοι
1229 5609 1272 5659 δ’
1319 5610 1384 5662 ἄν
1411 5626 1494 5671 τις
1538 5611 1631 5662 καὶ
1663 5611 1786 5672 τοὺς

216 5702 421 5766 ἔξωθεν
453 5703 648 5767 σοφοὺς
692 5701 882 5752 οὐσίαν
918 5703 978 5751 οὐ
1013 5702 1111 5770 τὴν
1165 5702 1397 5756 ἑκάστου
1429 5703 1590 5772 μόνον
1626 5701 1788 5770 φύσιν

426 5796 688 5856 l'naoe.
729 5795 844 5854 Gtt.
883 5795 1012 5854 CL.

1891 4523 1996 4570 est.
2047 4514 2236 4585 Itaque
2273 4515 2320 4570 si
2355 4515 2545 4571 Patres
2580 4517 2823 4572 audieris
2853 4518 3099 4574 dicentes
3152 4521 3459 4573 incommu-

1893 4606 2184 4660 nicabilem
2221 4621 2343 4661 esse
2387 4607 2480 4660 Dei
2512 4609 2836 4674 essentiam,
2886 4609 3034 4663 illam
3073 4611 3316 4680 intellige
3346 4630 3466 4683 qua:

1891 4695 1996 4751 dici
2021 4704 2074 4750 ct
2102 4694 2441 4749 manifestari
2467 4698 2684 4764 nequit;
2705 4698 2751 4752 si
2778 4714 2903 4753 vero
2926 4701 3464 4766 communicabilem,

1890 4785 2130 4855 intellige
2185 4787 2495 4840 naturalem
2549 4786 2646 4841 Dei
2683 4791 3120 4858 processionem,
3153 4794 3465 4849 manifesta-

1889 4879 2089 4931 tiouem
2132 4886 2188 4933 et
2223 4880 2644 4947 operationem:
2693 4891 2749 4935 et
2793 4882 2872 4937 sic
2903 4894 3201 4954 utrumque
3248 4893 3431 4956 ample

1885 4978 2060 5033 ctens,
2089 4970 2344 5025 Patribus
2373 4972 2705 5028 consenties.
2758 4973 2870 5028 lmo
2902 4975 3093 5031 dicens
3145 4979 3236 5031 tali
3273 4995 3416 5046 oper.
3441 5011 3464 5021 ο

1893 5062 2037 5116 tione
2078 5061 2252 5130 ipsam
2302 5060 2396 5117 Dei
2450 5072 2742 5129 naturam,
2776 5083 2885 5121 non
2932 5077 3113 5124 tamen
3167 5071 3219 5124 iii
3262 5073 3459 5140 seipsu,

1890 5167 2013 5206 esse
2067 5155 2583 5210 communicabilem
2612 5198 2626 5221 ,
2664 5175 2772 5213 non
2841 5164 3102 5217 transibis
3149 5180 3289 5217 verte
3340 5163 3461 5214 lidri

1891 5245 2128 5300 limites:
2167 5264 2289 5300 nam
2326 5248 2406 5303 sic
2435 5249 2604 5303 etiam
2645 5264 2897 5307 servatur
2931 5254 3462 5309 incomtnunicabili-

1891 5347 1975 5389 tas
2037 5348 2092 5390 et
2142 5339 2636 5405 itupenctrabilitas
2698 5343 2844 5398 illius
2900 5347 3186 5399 ineﬂ'abilis
3229 5352 3458 5398 naturw.

1895 5425 2092 5482 Videre
2137 5442 2220 5483 est
2269 5440 2323 5482 et
2355 5432 2614 5498 profanos
2650 5435 3006 5504 philosOphos
3034 5436 3327 5490 essentiam
3359 5450 3458 5503 ap-

1891 5520 2174 5587 pellantes,
2208 5535 2315 5571 non
2351 5520 2524 5572 solum
2562 5522 2832 5592 cujusque
2863 5534 3136 5588 naturam,
3171 5527 3265 5578 sed
3297 5525 3458 5579 etiam

1896 5609 2160 5662 naturalia
2193 5618 2247 5662 et
2293 5609 2650 5664 cssentialia:
2706 5628 2827 5680 qua:
2873 5614 3090 5682 quidem
3135 5615 3460 5670 abstrahu..t

1895 5704 1961 5757 ab
1989 5707 2226 5759 essentia
2262 5702 2425 5772 eique
2457 5703 2776 5774 subjiciunt.
2827 5704 2937 5761 Nos
2968 5723 3101 5762 vero
3136 5711 3316 5766 adhuc
3357 5712 3461 5766 itu-

2979 5800 3058 5860 30
