3884 6204
409 275 516 339 9ί3

1659 267 2032 330 GilEGUllll
2078 264 2396 330 PALAME

3498 273 3588 343 Sit

412 403 696 455 prrsmtam
733 405 852 444 cum
883 388 950 443 sit
988 389 1268 450 indivisus,
1310 387 1579 455 quomodo
1610 387 1660 439 in
1719 402 1972 454 qttcptztttt

2094 399 2166 434 3w
2201 384 2446 453 ὑπάρχον
2493 379 2719 450 ἀμερὲς,
2763 380 2872 442 πῶς
2910 379 2975 435 ἄν
3020 397 3119 434 τινι
3152 383 3414 458 χωρηθεὶη
3447 405 3586 445 τοπα.

411 479 676 533 contineri
715 479 940 548 posset?

486 657 668 712 Tlu'ol.
698 659 944 726 Insuper,
993 655 1136 726 quod
1187 655 1497 725 participat,
1555 653 1980 709 ovadmirubilis

414 750 716 812 Thcotime,
739 759 943 818 partem
980 748 1142 801 habet
1169 746 1506 816 participati:
1539 746 1774 815 alioquin
1799 747 1841 801 si
1870 763 1976 800 non

415 851 640 912 partem,
672 842 762 894 sed
803 850 972 894 totum
1026 839 1394 909 participaret,
1456 838 1674 909 proprie
1709 839 1979 894 diceretur

415 933 515 986 hoc
550 933 769 998 habere,
806 949 911 986 non
953 943 1134 987 autem
1173 932 1272 987 hoc
1321 932 1668 1000 participare.
1705 930 1981 985 Divisibile

410 1037 488 1077 est
517 1025 679 1094 igitur
726 1025 1134 1099 participatum,
1179 1037 1303 1077 cum
1336 1037 1461 1091 pars
1507 1021 1626 1090 ejus
1672 1023 1979 1076 necessario

414 1117 870 1171 communicanda
944 1116 1013 1169 sit
1083 1114 1448 1184 participanti.
1501 1113 1664 1182 Atqui
1746 1114 1980 1168 essentia

414 1206 504 1259 [λαὶ
585 1217 668 1261 est
747 1221 969 1276 prorsus
1028 1204 1420 1260 indivisibilis:
1478 1219 1610 1275 ergo
1667 1213 1753 1260 est
1809 1206 1978 1259 etiam

411 1310 634 1364 prorsus
685 1294 1236 1364 incommunieabilis.
1291 1291 1526 1347 Econtra
1594 1292 1762 1347 dividi
1823 1308 1984 1362 posse

410 1363 652 1439 divinam
686 1385 1056 1453 operationem
1090 1363 1430 1438 demonstrat
1460 1381 1619 1436 Pater
1650 1381 1980 1454 Chrysosto-

411 1490 569 1527 mus:
608 1475 719 1527 haec
749 1483 831 1527 est
856 1475 998 1527 enim
1049 1489 1170 1542 quae
1222 1473 1532 1528 hominibus
1567 1473 1761 1528 deillca
1809 1474 1982 1540 gratia

413 1565 728 1640 pragiaratis
777 1565 1233 1621 eonmmnicatur.
1273 1565 1357 1631 Et,
1385 1565 1541 1636 juxta
1594 1564 1980 1635 peritissimum

414 1655 694 1724 theologia:
720 1654 1038 1719 Maximum,
1070 1666 1153 1710 est
1180 1656 1374 1711 divinae
1401 1656 1588 1728 gratia:
1618 1657 1801 1727 largiri
1831 1672 1982 1712 crea-

2081 474 2258 544 ράτταν
2282 493 2294 539 ;

2153 659 2329 725 Θεοφ.
2377 658 2485 710 Καὶ
2540 657 2601 710 τὸ
2655 657 2903 726 μετέχον,
2961 674 3006 710 ω
3061 656 3327 726 θαυμάσιε
3378 653 3574 731 Θεότιμε

2085 749 2251 818 μέρος
2275 747 2389 817 ἔχει
2417 747 2512 800 τοῦ
2539 747 2928 818 μετεχομένου.
2964 747 3082 801 Κᾶν
3107 749 3213 818 γὰρ
3237 749 3284 800 εἰ
3317 750 3384 820 μὴ
3410 753 3593 822 μέρους,

2079 839 2214 892 ἀλλὰ
2247 837 2341 890 τοῦ
2371 840 2574 902 παντὸς
2625 838 2868 908 μετέχει,
2915 838 3063 908 ἔχειν
3107 837 3172 892 ἂν
3223 840 3419 910 κυρίως
3465 846 3596 900 τοῦτο

2079 929 2280 997 λέγοιτ’
2331 929 2420 994 ἂν,
2463 929 2582 983 ἀλλ’
2615 931 2741 1001 οὐχὶ
2795 933 3049 1000 μετέχειν
3107 930 3318 984 τούτου.
3365 933 3595 1003 Μεριστδν
3677 961 3684 968 -

2080 1019 2188 1089 ἄρα
2224 1018 2284 1072 τὸ
2324 1019 2690 1090 μετεχόμενόν
2739 1021 2910 1082 ἔστιν,
2949 1019 3108 1087 είπερ
3141 1021 3336 1090 μέρους
3387 1023 3597 1092 μετέχειν

2080 1111 2294 1182 ἀνάγκη
2347 1112 2408 1164 τὸ
2439 1111 2688 1182 μετέχον.
2735 1111 2803 1166 Ἦ
2844 1111 2901 1164 δὲ
2937 1110 3097 1164 οὐσία
3145 1111 3238 1165 τοῦ
3267 1112 3396 1165 Θεοῦ
3427 1114 3596 1166 παντά-

2082 1200 2246 1252 πασίν
2301 1201 2449 1254 ἐστιν
2506 1196 2844 1272 ἀμέριστος·
2895 1202 3093 1257 οὐκοῦν
3145 1202 3242 1256 καὶ
3294 1203 3595 1258 παντάπασίν

2081 1293 2228 1345 ἐστιν
2263 1293 2595 1362 άμέθεκτος.
2631 1294 2705 1346 Τδ
2732 1293 2788 1348 δὲ
2818 1293 3142 1364 μερίζεσθαι
3180 1292 3279 1362 τῆς
3306 1292 3444 1356 θείας
3473 1296 3598 1363 ἐνερ-

2083 1381 2238 1449 γείας
2286 1381 2425 1436 εἶναι
2467 1382 2731 1447 πολλάκις
2766 1385 2794 1437 ὁ
2846 1383 3238 1452 Χρυσόστομος
3289 1382 3599 1450 ἀποφαίνεται

2085 1468 2298 1540 Πατήρ.
2335 1468 2486 1540 Αὕτη
2550 1468 2839 1541 τοιγαροῦν
2896 1473 3046 1524 ἐστιν
3101 1471 3137 1538 ή
3189 1470 3282 1523 καὶ
3335 1469 3472 1540 παρὰ
3515 1473 3601 1525 τῶν

2084 1559 2413 1630 ἠξιωμένων
2441 1560 2542 1630 τῆς
2576 1560 2839 1632 θεουργοῦ
2888 1560 3117 1632 χάριτος
3154 1561 3489 1631 μετεχομένη.
3517 1563 3604 1616 Καὶ

2026 1727 2029 1730 ι
2085 1650 2247 1704 τοῦτο
2284 1652 2394 1722 γάρ
2427 1647 2569 1706 εἶναι
2600 1653 2702 1726 τῆς
2733 1642 2885 1717 θείας
2911 1653 3138 1724 χάριτος
3167 1653 3295 1708 [διον
3319 1657 3347 1708 6
3380 1655 3528 1718 πολὺς
3549 1657 3603 1707 τὰ

423 1749 581 1808 turis,
636 1756 795 1816 prout
858 1749 990 1817 ipsis
1057 1748 1333 1813 convenit,
1387 1749 1805 1812 deiﬁcationem,
1861 1748 1984 1802 illu—

2094 1743 2210 1798 θεῖα
2249 1745 2503 1816 Μάξιμος
2537 1763 2692 1816 φησι,
2737 1746 2799 1800 τὸ
2824 1746 3111 1815 ἀναλόγως
3143 1751 3256 1810 τοῖς
3282 1741 3394 1800 οῦσι
3424 1747 3604 1818 χαρίζε-

414 1840 636 1895 strando
657 1849 902 1893 naturam
927 1839 1323 1908 supernatnrali
1349 1838 1550 1894 lumine
1569 1853 1797 1910 eamque
1820 1854 1984 1910 supra

416 1933 662 2002 proprios
688 1934 818 1987 lines
836 1933 1390 2002 superalmndautiam
1416 1931 1600 2002 gloria:
1626 1932 1982 1988 traducendo.

419 2025 554 2077 Audi
588 2040 783 2079 rursus
830 2025 1278 2094 Chrysostomum
1314 2024 1425 2078 duo
1447 2024 1752 2089 docentem,
1797 2039 1988 2094 nempe

417 2115 808 2180 operationem,
859 2131 965 2169 non
1011 2117 1304 2170 essentiam
1358 2115 1696 2185 participari,
1736 2125 1789 2171 et
1840 2116 1986 2170 illam

416 2202 587 2256 divisi
622 2213 671 2255 cl
699 2217 1117 2269 communicari,
1151 2220 1256 2258 non
1289 2219 1413 2256 vero
1447 2203 1585 2258 hanc
1615 2203 1983 2258 incomtnnni-

419 2293 644 2347 cahilein
679 2295 1062 2350 essentiam‘ex
1095 2310 1200 2365 qua
1239 2294 1422 2349 divina
1470 2293 1690 2364 proﬂuit
1715 2296 1981 2365 operatio.

421 2382 484 2437 Et
515 2385 693 2439 citans
725 2385 851 2440 illud
900 2385 1179 2455 Apostoli:
1219 2386 1325 2438 «De
1359 2386 1694 2455 plenitudine
1736 2387 1858 2456 ejus
1888 2403 1986 2443 nos

421 2490 614 2531 omnes
665 2477 1070 2544 accepimus'n
1103 2477 1274 2532 dicit:
1309 2477 1364 2532 Si
1402 2478 1562 2549 ignis,
1605 2478 1767 2548 cujus
1799 2493 1986 2534 essen-

425 2569 496 2621 tia
528 2576 611 2622 est
641 2569 913 2622 divisibile
943 2583 1161 2638 corpus,
1189 2569 1350 2624 simul
1389 2570 1644 2624 dividitur
1675 2578 1729 2624 et.
1768 2585 1874 2624 non
1902 2571 1986 2625 di-

421 2659 643 2722 viditur,
675 2669 879 2729 quanto
907 2660 1079 2730 magis
1114 2661 1380 2731 Operatio,
1411 2669 1461 2715 et
1490 2663 1706 2732 quidem
1747 2665 1991 2733 operatio

423 2753 758 2821 incorporeo
789 2752 1082 2806 essentiae?
1117 2750 1406 2816 Praeterea,
1439 2753 1583 2820 quod
1608 2751 1836 2820 alicujus
1862 2769 1989 2824 par-

423 2841 610 2904 ticipat
642 2841 958 2904 essentiam,
991 2856 1330 2896 communem
1380 2857 1504 2895 cum
1552 2843 1869 2912 participato
1898 2860 1989 2900 cs-

425 2931 654 2984 sentiam
680 2930 876 2984 habere
905 2929 1081 2993 debet,
1113 2939 1166 2985 et
1193 2930 1596 3000 quodammodo
1616 2931 1884 2985 eamdem.
1919 2935 1990 2987 At

2088 1833 2214 1888 σθαι
2266 1835 2491 1902 θέωσιν,
2527 1836 2957 1906 λαμπρυνούσης
3008 1836 3112 1906 τὴν
3160 1837 3318 1905 φύσιν
3369 1835 3439 1905 τῷ
3484 1838 3599 1905 ὑπὲρ

2086 1927 2251 1996 φύσιν
2292 1930 2454 1998 φωτὶ,
2493 1931 2590 1984 καὶ
2638 1929 2748 1982 τῶν
2789 1929 3006 1982 οίκείων
3042 1929 3192 1998 ὅρων
3233 1930 3470 2002 ὑπεράνω
3493 1931 3606 1984 κατὰ

2085 2020 2184 2090 τὴν
2216 2022 2522 2093 ὑπερϐολὴν
2544 2022 2642 2092 τῆς
2676 2023 2834 2094 δόξης
2865 2026 3223 2094 ποιουμένης.
3258 2025 3501 2078 Ἀκουσον
3525 2027 3606 2080 πάι

2086 2111 2168 2164 λιν
2199 2111 2296 2164 τοῦ
2330 2113 2536 2184 χρυσοῦ
2567 2115 2670 2181 τὴν
2693 2115 2947 2183 γλῶτταν
2967 2116 3259 2185 ἀμφότερα
3287 2115 3604 2180 διδάσκοντος,

2089 2202 2150 2256 τό
2184 2221 2242 2256 τε
2282 2204 2380 2275 τὴν
2423 2206 2731 2275 ἐνέργειαν,
2767 2207 2883 2260 ἀλλ’
2915 2209 2977 2262 οὐ
3019 2208 3125 2278 τὴν
3157 2210 3344 2262 οὐσίαν
3381 2203 3502 2261 εἶναι
3531 2210 3606 2277 τὴν

2091 2298 2488 2368 μετεχομένην,
2515 2301 2610 2352 καὶ
2637 2299 2698 2352 τδ
2726 2299 2929 2370 ταύτην
2972 2297 3116 2355 εἶναι
3156 2303 3258 2370 τὴν
3285 2302 3604 2372 μεριζομένην

2093 2385 2422 2456 ἀμερίστως,
2483 2389 2583 2458 τὴν
2635 2393 2730 2443 καὶ
2782 2393 3183 2463 μετεχομένην,
3227 2393 3335 2445 ἀλλ’
3383 2393 3489 2461 οὐχὶ
3529 2395 3604 2454 τὴν

2093 2475 2396 2543 ἀμέθεκτον
2426 2477 2635 2542 οὐσίαν,
2669 2478 2726 2545 ἐξ
2756 2475 2825 2551 ἦς
2857 2481 2890 2550 ἠ
2929 2480 3055 2534 θεία
3109 2481 3347 2550 πρόεισιν
3375 2481 3602 2550 ἐνέργεια.

2098 2566 2331 2636 Προθεὶς
2367 2569 2476 2638 γὰρ
2502 2570 2562 2620 τὸ
2588 2571 2944 2624 άποστολικὺν
2973 2573 3173 2635 έκεῖνο,
3203 2592 3221 2624 ι
3267 2574 3357 2625 Ἐκ
3381 2573 3465 2624 τοῦ
3497 2573 3607 2637 «iq-

2096 2657 2350 2728 ρώματος
2397 2659 2562 2712 αὑτοῦ
2609 2661 2769 2731 ἡμεῖς
2809 2663 3009 2725 πάντες
3063 2663 3344 2732 ἐλάϐομεν,
3379 2681 3398 2714 ι
3437 2663 3492 2716 El
3522 2664 3612 2730 γὰρ

2092 2751 2187 2803 ἐπὶ
2229 2750 2321 2803 τοῦ
2360 2751 2550 2820 πυρὸς,
2591 2753 2777 2823 φησὶν,
2813 2753 2941 2808 ἔνθα
2989 2754 3152 2808 οὐσία
3198 2756 3313 2808 ἐστὶ
3345 2755 3400 2807 τδ
3429 2753 3608 2825 μεριζὸ-

2093 2855 2262 2907 μενον
2292 2839 2480 2908 σῶμα,
2508 2840 2604 2892 καὶ
2631 2839 2928 2911 μερίζομεν
2958 2842 3056 2897 καὶ
3085 2844 3147 2897 οὗ
3188 2841 3464 2916 μερίζομεν
3487 2842 3610 2907 αὐτὸ,

2095 2927 2247 2997 πόσῳ
2285 2929 2488 3000 μᾶλλον
2517 2932 2610 2986 ἐπὶ
2634 2931 2732 3002 τῆς
2774 2933 3084 3002 ινεργείας,
3114 2935 3209 2987 καὶ
3256 2934 3509 3005 ἐνεργείας
3530 2933 3610 3001 τῆς

428 3021 554 3090 quis
585 3035 822 3089 unquam
859 3019 1066 3074 audivit
1097 3035 1256 3074 unam
1302 3020 1702 3090 quodammodo
1733 3039 1853 3078 esse
1884 3024 1990 3078 Deo

2097 3020 2156 3084 ἐξ
2186 3022 2479 3091 ἀσωμάτου
2509 3021 2717 3088 οὐσίας,
2753 3023 2839 3077 ἔτι
2870 3023 2931 3078 τὸ
2969 3026 3122 3090 τινος
3161 3025 3380 3097 μετέχον
3415 3025 3610 3080 κατἰιὺο

424 3121 480 3166 et
513 3111 672 3166 nobis
700 3111 1032 3166 essentiam?
1069 3111 1371 3181 praesertim
1428 3127 1550 3168 eum
1581 3115 1722 3169 dicat
1755 3131 1985 3186 magnus

2097 3113 2238 3180 σίαν,
2269 3114 2455 3184 κοινὴν
2486 3115 2702 3184 ἀνάγκη
2746 3114 2886 3184 μετὰ
2912 3115 3008 3168 τοῦ
3056 3118 3410 3188 μετεχομένου
3435 3117 3519 3187 τὴν
3540 3116 3611 3168 οῦδ

336 3224 348 3234 ο
425 3203 659 3258 Basilius
687 3221 702 3259 :
736 3201 1119 3272 «Operationes
1154 3203 1248 3258 Dei
1272 3205 1338 3258 ad
1371 3220 1471 3259 nos
1505 3201 1864 3272 descendunt,
1898 3224 1986 3262 es-

429 3295 604 3350 sentia
629 3310 758 3349 vero
779 3296 900 3363 ejus
929 3304 1110 3349 manet
1154 3295 1482 3350 inaccessa.»
1535 3296 1599 3350 Et
1626 3297 1784 3353 divus
1815 3297 1986 3354 Maxi-

427 3403 585 3443 mus:
621 3387 918 3457 «Quidquid
946 3395 1028 3441 est
1055 3386 1216 3450 Deus,
1237 3387 1339 3442 hoc
1364 3388 1468 3442 erit
1491 3388 1653 3443 homo
1676 3390 1848 3458 gratia
1875 3392 1991 3444 dei-

430 3481 641 3545 ﬁcatus,
674 3490 871 3548 praeter
902 3478 1151 3533 essentia!
1173 3477 1564 3537 ἱᾶεηιίιοιεηι.»
1583 3477 1702 3534 Non
1727 3480 1890 3549 igitur
1911 3481 1996 3534 dio

429 3571 552 3625 vina
583 3569 824 3624 essentia
858 3569 1166 3638 participari
1221 3577 1422 3638 potest,
1465 3584 1534 3624 ne
1569 3570 1642 3625 ab
1674 3570 1740 3625 iis
1772 3571 1991 3640 quidem

429 3675 568 3730 quos
602 3660 782 3714 divina
845 3663 1017 3729 gratia
1055 3658 1345 3715 deilieavit.
1384 3659 1489 3714 Sed
1517 3659 1700 3714 divina
1753 3661 1996 3729 Operatio

429 3750 818 3806 communicari
841 3759 1056 3820 potest;
1077 3765 1201 3805 nam
1226 3750 1664 3808 «Suhobscurum
1694 3753 1747 3808 in
1768 3755 1869 3809 hac
1889 3757 1995 3810 vita

433 3843 616 3896 lumen
673 3842 917 3897 veritatis
947 3856 1032 3896 me
1064 3841 1285 3897 adducit
1312 3843 1378 3897 ad
1415 3842 1697 3898 videndam
1730 3853 1784 3899 et
1815 3846 1996 3901 susei-

434 3934 684 4004 piendam
726 3931 817 3988 Dei
855 3933 1362 4000 illuminationem,»
1391 3935 1468 3988 ait
1497 3933 1791 4005 Gregorius
1821 3935 2000 3991 Theo-

435 4023 625 4093 logns;
657 4031 711 4076 et
743 4020 1100 4075 allluminatio
1129 4021 1223 4074 Dei
1263 4020 1432 4076 nostri
1473 4036 1638 4092 super
1665 4036 1764 4078 nos
1789 4021 1864 4087 ⁸,)
1901 4023 1991 4075 in-

433 4115 549 4184 quit
570 4112 874 4182 psalmistes
900 4112 1202 4180 Propheta;
1226 4120 1278 4166 et
1305 4113 1747 4169 annumerandus
1767 4113 1872 4168 illis
1889 4113 2003 4168 Ma-

436 4207 614 4261 ximus
635 4206 780 4258 clare
803 4203 992 4258 scribit
1017 4218 1177 4256 unam
1202 4217 1321 4258 esse
1346 4203 1437 4257 Dei
1467 4213 1520 4257 et
1543 4215 1853 4259 sanctorum
1878 4221 2002 4276 ope-

436 4299 719 4360 rationem,
739 4297 946 4364 hosque
965 4294 1112 4349 vivas
1136 4309 1258 4348 esse
1275 4293 1478 4348 Christi
1495 4296 1778 4364 imagines,
1799 4300 1881 4351 vel
1908 4314 2005 4366 po-

435 4391 543 4444 tius
567 4389 734 4457 gratia
769 4401 892 4440 cum
926 4401 991 4438 eo
1013 4386 1150 4439 idem
1184 4394 1278 4438 aut
1317 4384 1505 4440 saltem
1532 4385 1837 4444 simillimos
1861 4389 2002 4448 lieri.

2092 3206 2214 3259 σίαν
2253 3205 2418 3276 ἔχειν,
2449 3207 2544 3260 καὶ
2597 3206 2735 3260 κατά
2765 3224 2819 3259 τι
2859 3207 2963 3276 τὴν
2985 3208 3200 3281 αὑτήν⁴;
3253 3208 3345 3273 Τίς
3390 3203 3472 3262 οὖν
3514 3203 3610 3260 ποτ’

2092 3297 2295 3368 ηκουσα
2343 3298 2472 3367 μίαν
2513 3294 2648 3350 εἶναι
2690 3299 2826 3352 Θεοῦ
2857 3301 2950 3352 καὶ
2983 3300 3148 3371 ἡμῶν
3181 3301 3319 3356 κατά
3361 3317 3408 3353 τι
3433 3299 3520 3369 τὴν
3538 3299 3611 3352 οὗ·

2097 3386 2219 3440 σίαν
2247 3403 2265 3453 ;
2316 3389 2413 3441 καὶ
2461 3388 2634 3441 ταῦτα
2659 3387 2754 3440 τοῦ
2797 3387 3040 3458 μεγάλου
3069 3390 3348 3445 Βασιλείου
3374 3391 3602 3458 λέγοντος,

2100 3493 2121 3529 ι
2146 3478 2211 3529 Al
2236 3479 2336 3548 μὲν
2363 3479 2634 3548 ἐνέργειαι
2654 3478 2748 3532 τοῦ
2775 3479 2910 3533 Θεοῦ
2945 3481 3086 3550 πρὸς
3118 3483 3265 3552 ἡμᾶς
3295 3481 3611 3536 καταϐαίνου-

2097 3585 2182 3621 σιν
2206 3586 2220 3602 ο
2265 3570 2298 3639 ἡ
2337 3569 2394 3622 δὲ
2436 3571 2594 3624 οὐσία
2626 3570 2791 3624 αὐτοῦ
2846 3572 3000 3640 μένει
3017 3573 3309 3644 ἀπρόσιτος
3335 3589 3350 3606 ·
3375 3591 3394 3626 ι
3430 3573 3511 3626 καὶ
3541 3563 3612 3623 τοῦ

2099 3657 2244 3712 θείου
2279 3659 2549 3730 Μαξίμου,
2592 3678 2611 3712 ι
2641 3662 2824 3714 Πάντα
2845 3663 2944 3716 ὅσα
2981 3664 3009 3716 ὀ
3055 3663 3209 3730 Θεδς,
3243 3664 3333 3718 καὶ
3366 3663 3393 3715 ὀ
3433 3663 3508 3715 διὰ
3532 3662 3610 3728 τῆς

2099 3750 2320 3821 χάριτος
2377 3751 2710 3819 τεθεωμένος
2764 3753 2940 3818 ἔσται,
2979 3754 3156 3824 χωρὶς
3191 3755 3286 3823 τῆς
3318 3754 3428 3807 κατ’
3464 3751 3614 3807 οὐσίαν

2100 3843 2451 3914 ταυτότητος.
2493 3861 2511 3895 ι
2539 3844 2651 3897 Οὐκ
2678 3843 2787 3914 ἄρα
2813 3848 2910 3916 τῆς
2933 3845 3088 3910 θείας
3106 3847 3288 3908 οὐσίας
3303 3847 3464 3900 ἔνεστι
3487 3844 3614 3914 μετέ·

2101 3949 2240 4002 χειν,
2275 3933 2387 3988 οὐδ’
2413 3934 2613 3997 αὐτοὺς
2640 3936 2767 3998 τοὺς
2809 3935 2909 4006 τῆς
2940 3935 3111 4000 Θείας
3140 3938 3357 4008 χάριτος
3385 3933 3613 4002 τεθεωμέ·

2102 4040 2248 4085 νους.
2279 4024 2390 4093 Τῆς
2409 4024 2468 4078 δὲ
2501 4023 2652 4087 θείας
2690 4025 2968 4096 ἐνεργείας
3008 4027 3189 4081 ἔνεστι
3212 4028 3464 4098 μετέχειν.
3493 4043 3511 4076 ι
3542 4024 3613 4082 Εἰς

2105 4113 2266 4166 τοῦτο
2297 4114 2408 4184 γάρ
2445 4130 2511 4183 με
2541 4113 2696 4185 φέρει
2722 4115 2782 4167 τὸ
2813 4115 3038 4186 μέτριον
3076 4117 3306 4172 ἐνταῦθα
3339 4118 3515 4188 φέγγος
3538 4113 3616 4182 τῆς

2105 4203 2746 4275 άληθείαςηλαμπρότητα
2758 4206 2891 4258 Θεοῦ
2919 4208 3048 4261 ἰδεῖν
3077 4213 3170 4261 καὶ
3199 4209 3404 4272 παθεῖν,
3439 4227 3455 4259 ι
3484 4206 3615 4274 φησὶν

2105 4297 2134 4350 ὁ
2151 4296 2408 4363 Θεολόγος
2434 4295 2750 4364 Γρηγόριος.
2787 4297 2919 4362 Καὶ,
2949 4315 2967 4349 ι
2993 4297 3058 4352 Ἥ
3087 4298 3400 4370 λαμπρότης
3412 4297 3492 4350 τοῦ
3508 4292 3616 4347 Θ.οῦ

2113 4389 2270 4460 ἡμῶν
2302 4386 2387 4456 ἐφ’
2417 4388 2589 4457 ἡμᾶς,
2611 4387 2798 4453 ’.κατὰ
2815 4389 2902 4440 τδν
2913 4389 3204 4459 ψαλμῳδὸν
3221 4392 3510 4461 Προφήτην.
3533 4386 3616 4438 Καὶ

439 4482 568 4550 μίαν
593 4475 732 4531 εἷναι
761 4476 899 4530 Θεοῦ
935 4477 1029 4528 καὶ
1085 4474 1193 4527 τῶν
1223 4475 1393 4543 ἁγίων
1419 4477 1517 4546 τὴν
1583 4478 1863 4550 ἐνέργειαν
1929 4486 1958 4538 ὁ
1996 4485 2204 4547 τούτοις
2253 4479 2570 4549 ἐναρίθμιος
2620 4477 2870 4548 Μάξιμος
2920 4479 3126 4548 γράφει
3174 4479 3472 4552 διαρρήδην,
3540 4478 3616 4529 καὶ

436 4575 614 4638 ζώσας
661 4573 878 4634 εἰκόνας
926 4566 1065 4624 εῖναι
1104 4569 1324 4634 τούτους
1375 4572 1614 4644 Χριστοῦ
1639 4613 1654 4638 ,
1691 4578 1784 4628 καὶ
1833 4579 2000 4634 ταυτδ
2042 4580 2245 4651 μᾶλλον
2275 4576 2432 4645 αὐτῷ
2461 4575 2602 4628 κατὰ
2627 4573 2725 4644 τὴν
2755 4573 2969 4643 χάρινῆ
3003 4574 3348 4644 ἁφομοίωμα.

523 4674 699 4726 Theot.
749 4668 862 4724 lloe
911 4668 1265 4724 sanissimum
1316 4677 1479 4724 estet
1509 4671 1712 4726 sanctis
1769 4672 1992 4730 maxime

2190 4673 2360 4728 Θεότ.
2403 4671 2548 4722 Πάνυ
2602 4669 2698 4738 μὲν
2747 4667 2918 4735 ὑγιῶς
2953 4669 3088 4737 ἔχει,
3123 4669 3218 4722 καὶ
3265 4669 3372 4732 τοῖς
3398 4663 3616 4734 άγίοιςές

439 4781 762 4830 consonum,
783 4765 924 4833 quod
957 4763 1024 4818 de
1053 4763 1240 4818 divina
1268 4761 1876 4820 ineonununicahiiitate
1906 4767 2002 4820 de-

446 4855 777 4915 monstrasti,
815 4869 847 4908 o
875 4853 1252 4923 Theophanes.
1287 4851 1425 4906 Sunt
1457 4861 1636 4908 autem
1693 4858 1784 4924 qui
1813 4857 2004 4913 dicunt

446 4946 1048 5018 incomprehensibilem
1075 4961 1197 5001 esse
1223 4953 1277 4999 et
1305 4945 1870 5003 incommunicabiletn
1904 4951 2000 5006 Dei

445 5040 764 5104 essentiam,
799 5047 853 5091 at
881 5037 1266 5106 comprehendi
1297 5044 1476 5090 tamen
1515 5047 1570 5092 et
1604 5041 1998 5097 communicari

445 5134 621 5204 seipsa
643 5129 1150 5200 supernaturaliter,
1169 5127 1331 5198 idque
1345 5129 1619 5183 mstimant
1641 5130 1814 5200 magis
1834 5133 2007 5203 pium,

447 5227 572 5297 quia
593 5221 1006 5294 supernaturale
1041 5220 1240 5275 divinis
1266 5220 1427 5274 rebus
1456 5222 1728 5290 congruit.

521 5316 749 5387 Theoph.
791 5313 986 5368 Verum
1029 5313 1131 5366 hoc
1181 5326 1289 5364 non
1325 5320 1408 5364 est
1445 5314 1881 5380 supernaturale,
1916 5331 2011 5369 nec
2065 5372 2074 5376 _

452 5407 562 5461 Deo
584 5421 904 5475 congruum,
926 5404 1107 5459 absitl
1136 5404 1227 5458 sed
1261 5403 1445 5473 potius
1472 5414 1660 5458 contra
1685 5413 1932 5459 na'turam
1961 5418 2015 5461 et

451 5498 671 5554 omnino
700 5497 1056 5567 impossibile.
1085 5494 1218 5550 Nam
1253 5495 1388 5548 idem
1416 5494 1518 5548 sub
1546 5495 1735 5548 eodem
1770 5509 2014 5566 respectu

455 5591 908 5645 communicabile
946 5605 1066 5644 esse
1105 5596 1156 5641 et
1190 5585 1722 5653 incommunicabile,
1777 5603 2018 5658 compre-

531 5679 550 5708 ⁷
581 5678 738 5731 Joan.
768 5695 808 5742 ι,
841 5678 924 5732 l0.
999 5679 1019 5709 ⁸
1049 5678 1190 5731 Psal.
1233 5690 1384 5738 xutt,
1414 5677 1468 5729 4.

2109 4766 2178 4818 τά
2212 4765 2446 4834 μάλιστα
2504 4761 2722 4831 συνᾴδει
2753 4761 2821 4813 τὰ
2867 4761 2988 4829 περὶ
3035 4761 3136 4830 τῆς
3185 4759 3334 4822 θείας
3374 4753 3616 4826 άμεθεξίας

2108 4855 2499 4925 τεθεωρημένα
2541 4870 2644 4919 σοι,
2679 4851 2974 4922 Θεόφανες.
3013 4851 3156 4903 Ἀλλ’
3187 4851 3341 4913 είσὶν,
3371 4848 3420 4901 οἵ
3441 4847 3614 4914 λέγουσι

2112 4953 2203 5004 καὶ
2231 4948 2590 5018 άπερινόητον
2617 4941 2756 4998 εἶναι
2800 4943 2895 4997 καὶ
2919 4943 3239 5013 άμέθεκτον,
3279 4942 3367 4996 καὶ
3419 4937 3614 4992 νοεῖσθαι

2115 5043 2208 5096 καὶ
2260 5039 2584 5109 μετέχεσθαι
2612 5036 2712 5107 τὴν
2762 5033 2950 5088 οὐσίαν
2975 5033 3072 5086 τοῦ
3122 5032 3258 5086 Θεοῦ
3295 5031 3415 5086 καθ’
3455 5025 3614 5094 ἑαυτὴν

2116 5133 2434 5201 ὑπερφυῶς,
2464 5131 2560 5182 καὶ
2613 5126 2930 5196 νομίζουσιν
2974 5125 3117 5178 οὕτω
3149 5125 3346 5194 μᾶλλον
3392 5117 3612 5178 εὐσεῦεῑν,

2116 5224 2178 5276 τὸ
2203 5223 2480 5292 ὑπερφυὲς
2519 5223 2634 5284 τοῖς
2667 5219 2832 5282 θείοις
2863 5218 3274 5287 ἑναρμὸζοντες.

2191 5319 2364 5383 Θεοφ.
2413 5313 2555 5365 Ἀλλ’
2580 5312 2678 5381 οὐχ
2711 5309 2988 5378 ὑπερφυὲς
3021 5305 3168 5360 τοῦτ’
3201 5305 3360 5366 ἐστὶν,
3393 5301 3498 5392 οὖῷ
3522 5297 3610 5392 θερ-

2118 5406 2354 5471 πρεπὲς,
2396 5402 2597 5468 ἄπαγε,
2639 5401 2790 5469 παρὰ
2851 5398 3008 5466 φύσιν
3059 5395 3114 5448 δὲ
3169 5395 3358 5463 μᾶλλον
3401 5390 3480 5442 καὶ
3531 5390 3612 5435 τῶν

2123 5477 2397 5548 ἀδυνάτων
2455 5495 2654 5560 πάντη.
2686 5491 2759 5545 Τὸ
2800 5491 2907 5558 γὰρ
2950 5489 3081 5541 αὐτὸ
3117 5491 3252 5539 κατὰ
3290 5485 3345 5536 τὸ
3386 5480 3498 5533 αὐτὸ
3518 5473 3609 5543 μεθ·

2129 5588 2279 5635 ῖκτὶν
2339 5580 2476 5636 εἶναι
2529 5584 2622 5634 καὶ
2663 5581 2983 5649 άμέυεκτον,
3032 5578 3217 5642 νοητόν
3249 5591 3301 5625 τε
3350 5572 3433 5624 καὶ
3464 5570 3609 5630 01:19!-
