3884 6204
342 291 450 353 9i5

1676 283 2199 344 TllEOi‘lIANES.

3478 276 3582 338 946

338 406 553 470 νοητον,
584 395 782 457 τελέως
818 394 1135 463 ἀσύμϐατόν
1166 396 1282 448 ἐστι
1319 396 1413 447 καὶ
1458 393 1783 471 ἀσύστατον,
1808 398 1902 446 καὶ

2015 392 2278 447 Ιιοιιεὶὶιὶιο
2305 398 2358 445 et
2404 388 2972 458 incdmprelxcnsibile,
3027 398 3107 443 est
3137 403 3361 458 prorsus
3396 386 3582 441 incon-

336 493 411 554 ῶς
447 489 787 561 ποῤῥίυτάτω
810 488 904 540 τοῦ
936 489 1102 548 ὅντως
1129 486 1281 548 ὄντος
1309 485 1397 538 διὰ
1429 485 1528 554 τὴν
1554 485 1729 555 ἄκραν
1753 486 1879 537 ἐναν

334 585 549 636 τὶωσιν.
600 581 752 633 Ἐπεὶ
776 579 872 632 καὶ⁸
900 578 1042 631 κατὰ
1068 577 1159 630 τόν
1188 576 1410 643 Νύσσης
1434 577 1577 629 θεῖον
1604 576 1904 644 Γρηγόριον

333 673 584 725 τοιοῦτόν
623 673 771 724 ἐστιν
823 670 1056 724 ἕκαστον
1089 670 1198 723 τῶν
1251 668 1346 722 ἐπὶ
1384 666 1519 721 Θεοῦ
1571 667 1902 736 λεγομένων,

335 769 480 821 ὥστε
513 763 615 817 κᾶν
643 762 880 835 διαφέρῃ
908 763 986 832 τῷ
1017 760 1423 831 σημαινομένῳ,
1458 759 1732 829 μηδεμίαν
1761 758 1906 826 ἔχειν

337 858 477 925 πρὸς
523 855 583 907 τὸ
622 851 1126 922 συνονομαζόμενον
1158 849 1489 903 ἐναντίωσιν.
1534 847 1595 901 '0
1630 849 1696 919 δὴ
1745 847 1906 902 τοῦτο

334 948 533 1013 λέγων,
556 945 616 997 τὺ
650 945 781 998 αὑτὸ
822 942 966 996 κατὰ
990 942 1049 994 τὸ
1078 940 1210 994 αὐτὸ
1241 940 1625 1011 συντιθέμενος
1656 940 1749 991 καὶ
1775 940 1906 993 dva-

332 1042 533 1102 νεύων,
562 1041 677 1102 τοῖς
701 1038 923 1099 οίκείοις
950 1054 1009 1089 τε
1051 1036 1230 1105 λόγοις
1261 1033 1419 1097 αὐτὸς
1469 1032 1634 1085 πάλιν
1662 1028 1904 1094 ἀντίθεός

336 1136 477 1192 ἑσῑι.
511 1132 603 1185 καὶ⁵
643 1132 702 1185 τὸ
730 1129 826 1184 τοῦ
857 1129 993 1183 Θεοῦ
1026 1128 1306 1198 ὑπερφυὲς
1339 1126 1420 1188 είς
1460 1124 1523 1178 τὸ
1560 1124 1712 1193 παρὰ
1744 1122 1907 1191 φύσιν

336 1226 618 1294 κατασπᾷ,
650 1223 745 1276 καὶ
786 1222 853 1274 δι’
890 1221 1137 1291 ἀλλήλων
1163 1213 1239 1273 ὧν
1285 1236 1450 1289 φησιν
1495 1216 1738 1287 ἀναιρῶν
1773 1215 1904 1269 ἑκά-

335 1332 519 1383 τερον,
564 1314 749 1368 ἀθετεῖ
781 1312 979 1375 τελέως
1017 1312 1078 1364 τὸ
1119 1306 1262 1364 εἶναι
1321 1310 1415 1363 τὸν
1463 1308 1597 1362 Θεόν
1626 1324 1642 1341 ·
1666 1310 1759 1362 καὶ
1795 1310 1908 1371 τοῖς

338 1406 521 1468 οθέοις
545 1405 734 1457 ἑαυτὸν
757 1404 1066 1457 συντάττει.
1100 1401 1197 1454 Διὰ
1218 1398 1377 1454 τοῦτο
1404 1399 1729 1471 Γρηγόριος,
1757 1399 1785 1450 ὁ
1810 1398 1907 1467 τῆς

340 1497 623 1565 θεολογίας
649 1494 956 1565 ἐπώνυμος,
985 1493 1085 1546 οὐκ
1108 1495 1173 1546 ἐκ
1198 1494 1306 1546 τῶν
1335 1492 1451 1547 κατ’
1481 1493 1662 1560 αὐτὸν,
1699 1491 1817 1544 ἀλλ’
1842 1492 1906 1543 ἐκ

336 1588 447 1663 τῶν
486 1589 615 1657 περὶ
657 1585 820 1640 αὐτόν
856 1602 988 1653 φησι
1028 1582 1263 1637 νοεῖσθαι
1301 1584 1391 1636 τὸν
1432 1582 1601 1635 Θεόν⁶
1642 1581 1751 1635 ὁδὲ
1811 1582 1905 1651 μέ-

338 1696 441 1745 γας
468 1678 739 1740 Διονύσιος
772 1678 949 1731 πάντα
978 1676 1228 1745 μετέχειν
1246 1676 1500 1746 προνοίας
1539 1677 1603 1729 ἐκ
1633 1675 1729 1743 τῆς
1767 1688 1909 1726 παν-

338 1769 517 1821 αιτίου
570 1765 824 1835 θεότητος
850 1762 1280 1833 ἐκόλυζομένης.
1317 1763 1373 1817 ’0
1399 1763 1454 1817 δὲ
1478 1764 1615 1827 θεῖος
1633 1762 1907 1832 Μάξιμος,
1934 1746 1984 1808 Β

344 1880 362 1912 ι
388 1860 477 1914 Ἐν
506 1859 585 1927 τῷ
610 1858 751 1928 Θεῷ,
781 1858 1241 1928 φησὶ,γενόμενος
1270 1858 1298 1909 ό
1328 1855 1472 1917 νοῦς,
1495 1856 1619 1917 τοὺς
1650 1857 1779 1923 περὶ
1808 1856 1910 1926 τῆς

338 1954 529 2015 οὐςίας
567 1951 735 2004 αὑτοῦ
775 1949 995 2019 πρῶτον
1032 1947 1222 2017 λόγους
1253 1947 1507 2018 ἐπιζητεῖ
1540 1948 1639 2016 μὲν
1680 1947 1786 2000 ὑπὸ
1814 1947 1910 2001 τοῦ

340 2044 508 2096 πόθου
560 2041 918 2112 φλεγόμενος,
959 2040 1063 2094 οὐκ
1105 2041 1170 2091 ἐκ
1203 2039 1312 2091 τῶν
1361 2040 1485 2092 κατ’
1518 2038 1689 2109 αὐτὴν
1717 2040 1772 2092 δέ
1811 2037 1910 2109 τὴν

339 2133 698 2204 παραμυθίαν
746 2130 1011 2203 εὑρίσκει.
1078 2130 1387 2200 Ἀμήχανον
1434 2129 1544 2202 γὰρ
1608 2129 1768 2183 τοῦτο
1814 2129 1912 2183 καὶ

337 2224 659 2278 ἁνέκδεκτον
682 2222 833 2292 πάσῃ
866 2223 1069 2291 γενητῇ
1120 2220 1282 2289 φύσει
1325 2220 1529 2287 ἐείσου.
1575 2220 1668 2273 Ἐκ
1701 2221 1758 2273 δὲ
1800 2220 1910 2274 τῶν

338 2315 468 2385 περὶ
497 2313 671 2383 αὐτὴν
701 2310 1140 2393 παραμυθεῖται,
1167 2310 1313 2379 λέγω
1340 2310 1404 2381 δὴ
1444 2310 1553 2363 τῶν
1582 2311 1714 2381 περ)⁸
1741 2310 1908 2365 ἁῖδιό-

336 2423 502 2474 τητος
562 2405 823 2476 ἀπειρίας
855 2420 916 2457 τε
950 2405 1046 2457 καὶ
1097 2402 1407 2473 ἀοριστίας,
1459 2402 1798 2474 ἀγαθότητός
1849 2421 1911 2459 τε

338 2499 435 2551 καὶ
464 2496 659 2567 σοφίας
684 2497 780 2552 καὶ
807 2496 1111 2566 δυνάμεως,
1137 2495 1537 2566 δημιουργικῆς
1564 2512 1624 2548 τε
1655 2496 1750 2550 καὶ
1782 2514 1913 2567 προ-

336 2589 597 2660 νοητικῆς
619 2591 713 2644 καὶ
742 2590 995 2662 κριτικῆς
1015 2590 1124 2643 τῶν
1145 2589 1370 2645 ὄντων.»
1401 2590 1474 2643 Τὸ
1505 2591 1688 2661 μέντοι
1711 2594 1909 2663 ἀπερι-

337 2682 528 2752 νόητον
561 2682 662 2735 καὶ
700 2680 1148 2751 ἀκατονόμαστον
1177 2681 1272 2735 καὶ
1320 2680 1688 2752 ἀκοινώνητον
1732 2683 1910 2737 ἐκεῖνο

338 2773 531 2843 χρῆμα
556 2771 659 2844 τῆς
688 2773 839 2838 θείας
880 2774 1339 2845 ὑπερουσιότητος
1385 2772 1485 2827 οὐκ
1513 2774 1705 2827 οὐσίαν
1746 2775 1909 2844 μόνον

337 2867 387 2917 οἱ
426 2865 797 2935 θεορῤήμονες
831 2865 881 2918 εί
935 2864 1030 2919 καὶ
1064 2863 1142 2936 μὴ
1186 2864 1416 2935 κυρίως,
1446 2864 1521 2929 ὡς
1572 2867 1905 2937 είρήκαμεν,

334 2955 696 3026 ὀνομάζοντές
732 2956 895 3021 εἰσιν,
944 2954 1083 3009 ἀλλὰ
1134 2955 1231 3009 καὶ
1270 2954 1502 3026 θεότητα
1554 2957 1649 3011 καὶ
1700 2958 1907 3025 ἀγαθό-

336 3064 475 3117 τητα
523 3047 620 3100 καὶ
648 3048 840 3115 σοφίαν
868 3046 963 3099 καὶ
1007 3045 1190 3115 ζωήν
1233 3048 1327 3100 καὶ
1375 3046 1565 3110 ἁπλῶς
1606 3047 1779 3101 ὁπόσα
1812 3051 1909 3102 καὶ

2012 486 2256 549 veniens,
2287 494 2342 536 et
2372 482 2741 545 incoharrcns,
2800 488 2855 535 et
2886 480 3310 534 remotissimum
3365 493 3393 530 a
3428 493 3581 543 vero,

2015 586 2270 645 tanquam
2329 589 2541 628 summe
2574 572 3083 637 contradictorium,
3131 573 3278 640 quia,
3311 568 3465 639 juxta
3499 569 3583 623 di-

2010 683 2136 721 vtnn
2168 665 2487 735 Gregorium
2512 663 2843 735 Nyssenum,
2867 680 2929 718 ea
2960 673 3087 718 sunt
3108 663 3363 732 quzelibet
3386 662 3452 716 de
3473 660 3587 715 Deo

2010 760 2176 824 dicta,
2215 768 2297 823 ut,
2349 758 2566 813 etiamsi
2604 755 2858 811 dili'erant
2909 755 3326 824 signiﬁcatione,
3381 755 3583 807 nullam

2010 852 2247 905 habeam
2284 865 2407 905 cum
2441 850 2662 903 nomine
2696 849 2857 904 simul
2910 847 3157 902 adbibito
3196 845 3587 900 contradictio-

2011 959 2155 995 nem.
2218 941 2320 1008 Qui
2344 941 2422 996 sic
2468 941 2732 1011 loquitur,
2795 940 2935 994 idem
2986 939 3091 995 sub
3120 939 3307 993 eodem
3338 944 3583 1006 respectu

2008 1036 2310 1094 alﬁrmans.
2340 1036 2456 1090 suis
2492 1034 2605 1103 ipse
2636 1032 2819 1087 verbis
2845 1032 2954 1085 Deo
2991 1032 3329 1096 adversatur,
3355 1029 3589 1084 confun-

2008 1130 2088 1183 dit
2120 1131 2171 1182 in
2200 1144 2271 1183 eo
2301 1144 2420 1197 qua:
2446 1136 2573 1182 sunt
2598 1140 2763 1194 supra
2800 1132 2857 1178 et
2898 1139 3018 1193 quae
3068 1136 3256 1177 contra
3310 1131 3581 1183 naturam.

2011 1232 2067 1275 et
2098 1236 2195 1276 sua
2232 1221 2375 1275 dicta
2410 1218 2514 1272 alia
2540 1218 2667 1272 aliis
2706 1216 3013 1277 destruens,
3044 1216 3260 1284 penitus
3291 1215 3473 1270 abolet
3494 1216 3585 1270 Dei

2012 1313 2389 1369 exsistentiam
2441 1310 2692 1364 etatheis
2739 1324 2862 1361 sese
2884 1307 3124 1361 ascribit.
3165 1306 3353 1375 Itaque
3383 1306 3585 1375 Grego-

2010 1408 2128 1460 rius
2160 1404 2485 1475 cognomine
2522 1402 2830 1471 Tlteologus
2855 1399 3022 1455 dicit:
3062 1419 3079 1451 ι
3106 1398 3247 1452 Dens
3281 1416 3383 1451 non
3416 1415 3478 1451 ex
3504 1399 3587 1452 his

2008 1511 2129 1566 qum
2158 1496 2209 1549 in
2246 1510 2311 1549 eo
2342 1503 2488 1559 sunt,
2530 1493 2625 1547 sed
2665 1509 2728 1546 ex
2764 1493 2846 1544 his
2880 1506 2999 1560 quae
3048 1506 3170 1544 enm
3212 1494 3584 1549 circumstant,

2010 1589 2381 1658 intelligitnra
2417 1589 2479 1641 Et
2503 1602 2732 1655 magnus
2755 1586 3084 1655 Dionysius:
3114 1582 3334 1639 «Omnia
3367 1570 3587 1652 parilci-

2012 1689 2142 1751 pant
2168 1681 2560 1749 previdentiam
2616 1694 2680 1732 ex
2725 1679 2987 1733 creatrice
3026 1677 3269 1731 omnium
3311 1676 3590 1729 divinitate

2012 1782 2377 1829 manantem.»
2404 1771 2533 1824 Item
2561 1770 2716 1825 divus
2737 1767 3035 1821 Maximus:
3092 1766 3383 1835 «Cogitans
3435 1781 3586 1817 urens

2012 1862 2079 1916 de
2121 1862 2255 1926 Deo,
2293 1862 2528 1929 primum
2566 1858 2817 1912 ardenter
2847 1858 3078 1926 cupitea
3118 1870 3587 1923 cogttttscc't‘eqtta:

2010 1954 2078 2009 ad
2127 1953 2418 2009 essentiam
2463 1952 2753 2022 pertinent,
2780 1966 2885 2003 non
2936 1963 3068 2003 vero
3096 1949 3162 2003 de
3192 1950 3302 2016 ipsa
3346 1948 3583 2003 essentia

2013 2043 2334 2100 ratiocinari
2362 2043 2590 2113 quzrrit:
2627 2042 2733 2097 hoc
2752 2042 2899 2096 enim
2933 2039 3269 2109 impossibile
3297 2048 3379 2094 est
3405 2048 3456 2092 et
3493 2055 3587 2093 sn-

2011 2152 2106 2207 pra
2140 2138 2284 2192 vires
2310 2134 2605 2205 cujuslibet
2631 2143 2837 2189 natura:
2865 2141 3081 2188 creatae.
3130 2131 3206 2185 De
3252 2130 3335 2186 his
3377 2139 3583 2184 tantum

2012 2244 2133 2299 quae
2152 2227 2297 2283 illam
2321 2228 2681 2283 circumstant
2708 2224 3087 2287 ratiocinatur,
3111 2221 3318 2277 scilicet
3339 2222 3406 2277 de
3431 2231 3587 2276 aeter-

2011 2320 2202 2383 nitate,
2239 2316 2626 2381 immensitate,
2656 2314 2946 2377 infinitate,
3000 2313 3261 2378 bonitate,
3316 2312 3582 2381 sapientia

2010 2421 2064 2465 et
2092 2409 2349 2465 facultate
2370 2407 2588 2463 creandi
2617 2405 3042 2476 providendique
3065 2404 3416 2475 etjudicandi
3436 2419 3587 2457 crea-

2011 2512 2215 2558 turas.»
2234 2502 2377 2572 Ergo
2399 2514 2509 2554 non
2539 2499 2715 2555 solum
2739 2498 2885 2552 illam
2910 2498 3148 2552 divinam
3164 2497 3585 2567 supersubstan-

2024 2595 2229 2662 tialem,
2260 2591 2865 2663 incompreltensibile‘m
2920 2590 3363 2659 inetl‘abilemqne
3408 2577 3464 2645 et
3496 2590 3580 2642 in-

2010 2682 2526 2741 communicabilem
2550 2691 2800 2735 naturam
2826 2678 3082 2748 theologi,
3115 2687 3173 2731 nt
3202 2693 3362 2748 supra
3382 2679 3582 2731 dictum

2011 2785 2120 2840 est,
2150 2774 2447 2831 essentiam
2476 2780 2697 2837 vocant,
2745 2772 2839 2826 sed
2871 2770 3057 2834 etiam,
3109 2769 3237 2825 licet
3268 2770 3583 2837 improprie,

2011 2867 2373 2931 divinitatem,
2426 2864 2747 2927 bonitatem,
2805 2862 3133 2931 sapientiam
3165 2869 3219 2915 et
3246 2860 3437 2922 vitam,
3473 2876 3579 2912 uno

2012 2956 2464 3027 verbaquidqnid
2498 2956 2712 3012 divinas
2744 2953 3125 3024 processioncs
3156 2962 3209 3008 et
3243 2954 3584 3021 Operationes

2011 3051 2316 3120 designant.
2353 3046 2513 3112 Nam,
2547 3044 2821 3114 inquiunt,
2870 3058 2976 3097 non
3010 3041 3156 3099 valet
3196 3055 3378 3095 sermo
3405 3042 3584 3108 expri.

334 3116 435 3199 τὰς
485 3136 814 3206 θεοπρεπεῖς
848 3137 1110 3207 προόδους
1151 3154 1212 3190 τε
1246 3137 1343 3191 καὶ
1391 3137 1673 3209 ἐνεργείας
1702 3139 1903 3210 ὀνομά-

2010 3156 2162 3198 mere
2196 3137 2774 3210 super-substantialem
2799 3136 3093 3189 essentiam
3121 3135 3397 3202 vitamque
3418 3140 3468 3185 et
3499 3146 3585 3185 sa-

333 3226 524 3290 ζουσιν
562 3229 753 3283 αὐτοῦ.
801 3231 908 3284 Καὶ
944 3229 1053 3302 γὰρ
1098 3229 1197 3283 οὐκ
1245 3230 1542 3301 ἐκφρᾲσαι,
1602 3234 1759 3301 φησὶ,
1807 3232 1906 3302 τὴν

331 3319 801 3389 αὑτοῦπερούσιον
829 3321 1144 3390 ἀγαθότητα
1168 3322 1262 3373 καὶ
1289 3322 1479 3375 οὐσίαν
1510 3323 1607 3374 καὶ
1636 3322 1783 3393 ζωὴν
1810 3326 1907 3378 καὶ

332 3410 530 3479 σοφίαν
561 3412 659 3481 τῆς
689 3412 1159 3482 αὐτοῦπερουσίου
1198 3412 1450 3483 Θεότητος
1478 3415 1505 3466 ὁ
1534 3414 1691 3483 λόγος
1725 3417 1905 3483 ἐπαγ-ι

333 3504 607 3569 γέλλεται,
638 3504 738 3574 τὴν
790 3504 931 3576 ὑπὲρ
972 3505 1156 3559 πᾶσαν
1188 3497 1515 3576 ἀγαθότητα¹
1534 3508 1627 3560 καὶ
1679 3506 1908 3580 θεότητα

334 3596 431 3647 καὶ
455 3594 651 3649 οὐσίαν
678 3596 773 3648 καὶ
808 3595 1003 3665 σοφίαν
1036 3597 1130 3648 καὶ
1155 3595 1320 3666 ζωὴν,
1356 3596 1453 3666 τὴν
1476 3598 1534 3650 ἐν
1567 3599 1907 3670 ἀποκρύφοις

333 3684 804 3756 ὑπεριδρυμένην,
831 3686 968 3740 ἀλλὰ
995 3687 1096 3756 τὴν
1124 3688 1552 3758 ἐκπεφασμένην
1573 3690 1905 3759 ἀγαθοποιὸν

333 3776 592 3844 πρόνοιαν
614 3777 955 3847 ὑπεροχικῶς
972 3778 1283 3849 ἀγαοότητα
1317 3779 1411 3831 καὶ
1441 3779 1657 3835 πάντων
1683 3783 1905 3850 ἀγαθῶν

333 3868 518 3921 αἰτίαν
563 3869 760 3937 ὑμνεῖ,
793 3871 888 3922 κα)⁵
915 3868 976 3922 ὃν
1005 3874 1101 3924 καὶ
1135 3869 1281 3939 ζωὴν
1314 3882 1413 3925 καί
1452 3872 1646 3941 σοφίαν
1677 3876 1777 3945 τὴν
1814 3876 1907 3928 οὐ·

336 3959 583 4016 σιοποιδν
616 3962 711 4013 καὶ⁵
735 3960 998 4026 ζωοποιὶιν
1028 3962 1120 4014 καὶ
1154 3963 1433 4029 σοφοδότιν
1463 3963 1645 4017 αίτίαν
1678 3966 1787 4020 τῶν
1814 3966 1901 4018 οὐ·

334 4057 455 4113 σίας
514 4051 608 4106 καὶ
656 4052 807 4121 ζωῆς
858 4054 954 4106 καὶ
979 4052 1072 4106 νοῦ
1105 4054 1195 4107 καὶ
1247 4053 1406 4121 λόγου
1459 4057 1551 4108 καὶ
1597 4056 1906 4128 αἰσθήσεως

334 4144 767 4213 μετειληφότων.
822 4143 931 4196 Ποῦ
992 4145 1130 4196 εἰσιν
1187 4145 1237 4196 οἱ
1296 4145 1372 4215 μὴ
1428 4146 1748 4216 ἀνεχόμενοι
1799 4150 1905 4203 τῶν

332 4236 609 4289 ακτίστων
653 4234 1007 4303 ὕπερτιθέναι
1042 4233 1141 4305 τὴν
1184 4237 1377 4291 οὐσίαν
1414 4239 1510 4291 τοῦ
1552 4238 1721 4305 Θεοῦ;
1771 4242 1901 4296 Ἰδοὺ

332 4332 442 4397 γὰρ
466 4327 496 4378 ὁ
527 4326 701 4396 μέγας
730 4324 1008 4388 Διονύσιος
1032 4325 1248 4397 καὶτῆς
1274 4327 1532 4400 θεότητος
1556 4333 1649 4383 καὶ
1672 4332 1771 4401 τῆς
1796 4334 1904 4386 τῶν

2010 3232 2266 3301 pienliam
2297 3226 2841 3298 supersubstantialis
2859 3224 3186 3289 divinitatis,
3219 3239 3338 3294 qua:
3361 3238 3578 3278 omnem

2010 3323 2329 3387 bonitatem,
2355 3319 2675 3385 essentiam,
2705 3318 2872 3372 vitam
2902 3332 2968 3372 ac
2990 3317 3311 3386 sapientiam
3341 3324 3580 3384 superat,

2007 3424 2062 3469 et
2092 3415 2143 3467 in
2176 3413 2501 3467 abscondito
2532 3410 2888 3481 snpersedet;
2920 3408 3017 3463 sed
3047 3408 3453 3463 rnanit‘estatam
3487 3407 3578 3460 be-

2010 3505 2330 3559 nefaciendo
2350 3501 2913 3574 providentiam,‘qua:
2935 3509 3017 3553 est
3034 3499 3339 3554 eminenter
3365 3497 3581 3552 bonitas

2010 3607 2064 3653 et
2096 3597 2340 3656 omnium
2371 3595 2638 3650 bonorum
2671 3592 2818 3658 fons,
2846 3591 3103 3656 celebrat,
3139 3604 3349 3644 necnon
3389 3604 3580 3643 essen-

2012 3692 2139 3745 tiam
2182 3690 2458 3757 vitamque
2488 3695 2541 3741 et
2567 3686 2917 3757 sapientiam,
2950 3700 3071 3753 qua:
3099 3683 3357 3745 essentia,
3387 3684 3492 3735 vita
3525 3693 3578 3734 et

2008 3778 2278 3850 sapientia
2306 3777 2474 3832 donat
2504 3791 2599 3832 eos
2624 3777 2716 3846 qui
2762 3762 3118 3839 eisistentiae,
3176 3776 3326 3847 vitae,
3382 3774 3579 3827 intelli-

2007 3872 2221 3942 gentiae,
2264 3869 2552 3926 locutionis
2611 3878 2665 3923 et
2720 3867 3052 3923 scnsationis
3090 3875 3217 3920 sunt
3264 3866 3574 3934 partit-ipes.

2015 3963 2113 4018 Ubi
2160 3972 2290 4017 sunt
2341 3961 2434 4032 qui
2495 3967 2697 4030 negant
2761 3958 3020 4013 iucreatis
3073 3956 3405 4027 superiorem
3455 3973 3580 4021 esse

2008 4054 2102 4110 Dei
2133 4053 2473 4110 essentiam?
2505 4051 2645 4107 Ecce
2675 4051 2823 4105 enim
2850 4065 3078 4120 magnus
3109 4050 3403 4120 Dionysius
3429 4051 3577 4104 clare

2008 4147 2143 4201 dicit
2173 4147 2276 4202 bac
2309 4145 2594 4201 inferiores
2627 4158 2750 4199 esse
2779 4141 3143 4208 divinitatem,
3197 4143 3579 4213 bonorumque

2007 4253 2233 4293 causam
2267 4246 2319 4291 et
2347 4236 2671 4305 simpliciter
2699 4249 2892 4289 omnes
2926 4234 3325 4303 processiones,
3358 4251 3482 4305 quae
3519 4236 3573 4291 in

2007 4329 2202 4398 seipsis
2233 4343 2339 4381 non
2370 4328 2703 4392 subsistunt,
2736 4326 2829 4381 sed
2854 4334 2982 4380 sunt
3029 4327 3371 4397 operationes
3418 4328 3577 4382 nobis

333 4419 560 4486 εγαθῶν
590 4418 771 4481 αἰτίας
802 4420 901 4472 καὶ
924 4418 1115 4482 ἁπλῶς
1147 4419 1340 4472 πασῶν
1377 4422 1487 4475 τῶν
1533 4426 1779 4495 μετοχῶν
1809 4443 1904 4479 σα-

2009 4420 2447 4476 eommnnicatae.
2479 4422 2600 4493 Ipse
2621 4421 2768 4475 enim
2800 4420 2941 4475 Deus
2968 4423 3283 4489 operatione
3325 4421 3579 4475 omnibus

338 4512 449 4577 φῶς
484 4511 843 4581 ὑπερτίθησιν
876 4510 1070 4582 αὐτὴν,
1118 4512 1217 4582 οὐχ
1263 4514 1338 4576 ὡς
1370 4518 1752 4587 ὑφεστηκυιῶν
1781 4520 1901 4572 καθ’

332 4605 553 4669 ἑαυτὰς,
612 4603 831 4666 ἀλλ’ὡς
870 4604 1163 4675 ἐνεργειῶν
1214 4605 1389 4676 αὐτῆς
1438 4608 1720 4677 μεθεκῑῶν
1770 4612 1904 4681 ἡμῖν

333 4694 713 4764 ὑπαρχουσῶν.
757 4693 930 4756 Αὐτὸς
994 4695 1103 4762 γάρ
1163 4695 1313 4748 ἐστιν
1364 4698 1391 4750 ό
1443 4699 1563 4750 κατ’
1622 4700 1903 4769 ἐνέργειαν

330 4787 436 4840 ἀπὸ
499 4786 717 4840 πάντων
771 4786 1154 4857 μετεχόμενος.
1198 4787 1320 4841 Ὅτι
1363 4788 1408 4840 δ’
1463 4788 1711 4847 ἄκτιστοί
1763 4793 1904 4846 εἰσιν

329 4878 387 4928 ci
425 4877 656 4947 μετοχαὶ
679 4872 754 4931 ὧν
800 4877 1130 4946 ὑπέρκειται
1166 4879 1288 4931 κατ’
1326 4877 1513 4932 οὐσίαν
1556 4882 1584 4935 ὁ
1622 4881 1776 4947 Θεὸς,
1804 4884 1898 4937 τοῦ

330 4969 495 5022 αὐτοῦ
534 4970 695 5023 πάλιν
724 4970 981 5034 ἄκουσον,
1036 4971 1236 5039 μικρὸν
1289 4970 1547 5039 ἀνωτέρω
1577 4974 1902 5043 φάσκοντος,

328 5061 471 5115 καθὰ
506 5063 599 5114 καὶ
623 5063 1060 5133 προειρήκαμεν,
1088 5062 1169 5114 ὅτι
1199 5060 1276 5131 τῷ
1303 5061 1446 5131 λόγῳ
1476 5065 1676 5126 σκοπὸς
1711 5066 1772 5130 οὐ
1802 5065 1902 5135 τὴν

330 5150 652 5227 ὑπερούσιον
680 5150 888 5216 οὐσίαν,
920 5144 954 5227 ᾖ
991 5151 1342 5220 ὑπερούσιος,
1378 5152 1682 5219 ἐκφαίνειν,
1737 5156 1899 5207 ἀνέκ-

329 5226 533 5307 φάντος
592 5241 725 5312 γὰρ,
780 5242 918 5294 ἀλλὰ
945 5242 1043 5311 τὴν
1070 5242 1378 5295 οὐσιοποιον
1406 5246 1485 5306 είς
1509 5243 1578 5296 τὰ
1600 5244 1728 5309 ὄντα
1774 5247 1906 5315 πρό·

326 5331 440 5381 τοόιν
474 5331 735 5399 ὑμνῆσαι.
768 5329 879 5389 Καὶ
928 5330 1037 5407 γὰρ
1088 5330 1123 5400 ἦ
1154 5331 1200 5381 τ’
1251 5330 1456 5397 ἀγαθοῦ
1511 5331 1788 5401 θεωνυμία
1820 5335 1900 5398 είς

328 5424 507 5475 πάντα
544 5422 615 5475 τὰ
643 5421 771 5475 ὄντα
804 5423 1123 5488 ἐκτείνεται,
1168 5425 1258 5475 καί
1287 5424 1427 5491 ὑπὲρ
1454 5422 1525 5476 τὰ
1556 5424 1685 5476 ὄντα
1728 5426 1896 5478 ἐστίν.

339 5514 399 5568 ἹΙ
424 5516 481 5567 δὲ
510 5517 606 5585 τῆς
640 5514 788 5585 ζωῆς
821 5519 900 5578 εἰς
932 5517 1107 5569 πάντα
1151 5519 1218 5566 τὰ
1244 5515 1425 5578 ζῶντα
1455 5517 1776 5581 ἐκτείνεται,
1807 5521 1899 5570 καὶ

327 5607 467 5677 ὑπὲρ
500 5608 568 5661 τὰ
599 5608 778 5671 ζῶντά
824 5610 996 5660 ἐστιν.
1035 5608 1099 5663 'Ll
1131 5608 1185 5658 δὲ
1223 5609 1320 5676 τῆς
1370 5608 1559 5675 σοφίας
1609 5610 1687 5670 εἰς
1721 5610 1896 5663 πάιτα

327 5700 392 5766 τά
421 5701 587 5768 νοερὰ
612 5703 704 5755 καὶ
731 5700 924 5769 λογικᾲ
968 5701 1059 5753 καὶ
1097 5701 1392 5767 animum
1434 5701 1761 5765 ὲκῖεὶνεται,
1797 5708 1889 5754 καὶ

2011 4513 2463 4569 communicatur.
2489 4511 2763 4568 lnereatas
2786 4522 2964 4566 autem
2995 4526 3115 4567 esse
3147 4511 3245 4567 bas
3276 4513 3578 4580 processio-

2009 4622 2104 4660 nes
2128 4620 2265 4676 quas
2294 4613 2518 4674 superat
2549 4604 2783 4658 essentia
2817 4602 2911 4657 Dei
2949 4602 3091 4657 idem
3142 4615 3370 4661 testatur
3413 4606 3577 4675 paulo

2008 4698 2260 4767 superius
2289 4698 2499 4759 dicens,
2528 4702 2585 4749 ut
2619 4694 2904 4764 puerulum
2936 4704 3040 4761 est,
3076 4712 3180 4757 non
3215 4699 3433 4752 tendere
3458 4713 3577 4752 ser-

2008 4805 2221 4851 monem
2238 4790 2303 4842 ad
2325 4789 2777 4844 manifestandam
2799 4790 3376 4858 supersubstautiaiem
3392 4806 3576 4845 esst-n-

2004 4881 2156 4945 tiatn,
2193 4896 2299 4949 qua
2334 4879 2872 4945 supersubstantialis
2904 4889 2987 4933 est
3017 4880 3180 4946 Deus,
3231 4881 3433 4950 quippe
3455 4898 3574 4949 qua:

2004 4973 2229 5027 revelari
2267 4973 2477 5041 nequit,
2512 4971 2607 5026 sed
2639 4971 2705 5025 ad
2737 4970 3118 5037 celebrandum
3158 4974 3483 5029 cxsistentite
3522 4976 3573 5024 in

2016 5072 2300 5119 creaturas
2343 5062 2653 5125 eillnvium:
2693 5063 2805 5116 haec
2837 5064 2980 5119 enim
3039 5063 3184 5117 dicta
3214 5064 3280 5117 de
3316 5066 3419 5116 Deo
3481 5064 3573 5115 bo-

2002 5153 2146 5209 nitas
2166 5156 2232 5209 ad
2264 5169 2349 5210 res
2366 5170 2557 5208 omnes
2582 5152 2892 5216 extenditur
2914 5161 3169 5211 etornnes
3190 5161 3406 5220 snperat
3427 5167 3441 5217 ;
3466 5153 3573 5205 iure

2004 5248 2111 5298 vita
2170 5245 2236 5299 ad
2264 5250 2438 5299 omnia
2470 5244 2775 5305 extenditur
2833 5244 3089 5306 viventia,
3118 5251 3172 5296 et
3202 5244 3465 5296 omnibus.
3487 5242 3570 5293 his

2002 5337 2316 5401 antecellit;
2394 5336 2508 5391 hac
2574 5335 2838 5404 sapientia
2905 5335 2969 5387 ad
3022 5335 3202 5387 omnia
3270 5332 3576 5387 extenditur

2002 5428 2380 5495 intelligentia,
2426 5426 2819 5494 rationaliaque
2873 5436 2925 5481 ct
2971 5424 3271 5485 sensibilia,
3315 5433 3368 5477 et
3388 5424 3573 5478 omnia

2002 5516 2115 5567 itaet:
2159 5513 2592 5582 supergreditur.
2644 5510 2803 5564 Vides
2859 5511 2977 5563 illas
3027 5512 3405 5579 pt0cessi0ttes
3453 5526 3577 5569 esse

1999 5608 2269 5660 creaturis
2293 5605 2623 5671 superiores.
2654 5603 2786 5671 Ipsa:
2810 5611 2988 5654 tamen
3013 5604 3295 5670 prie-dicari
3322 5616 3601 5675 possunt,‘

2003 5716 2104 5751 non
2146 5714 2271 5751 vero
2304 5696 2596 5748 inutilibus
2631 5708 2683 5749 t'l
2716 5695 3143 5765 impenetrabilis
3172 5698 3571 5762 assentimstzd
