3956 6194
304 284 409 355 9.)

1518 285 1891 347 GllEGOilil
1934 286 2116 346 PALA
2132 288 2256 346 Mli

3431 284 3545 348 960

302 411 384 451 rsl
439 399 711 454 bonorum
765 400 819 455 in
878 400 985 453 Deo
1022 400 1347 455 naturaliter
1378 399 1729 454 insidentium
1782 415 1874 466 per

1978 403 2179 471 μᾶλλον
2218 403 2355 455 κατᾶ
2376 402 2471 470 τὴν
2508 402 2668 471 χάριν
2701 400 2731 470 ἢ
2774 400 3159 471 ἀφομοίωμαδ
3204 397 3293 450 Ἐν
3331 397 3390 451 δὲ
3424 400 3541 457 τοῖς

302 491 530 559 gratiam
567 491 810 546 traditio.
849 510 868 543 ι
921 493 1152 546 Sanetus
1200 502 1375 545 autem
1414 490 1648 560 Cyrillus
1697 491 1873 542 citans

309 584 339 632 li
368 597 410 634 re
450 582 665 635 Domini
714 583 938 635 verbum
990 599 1003 635 :
1046 601 1065 633 ι
1123 584 1313 636 Pacem
1390 596 1566 634 meam
1625 581 1874 649 relinquo

306 674 493 739 Vobis;
547 692 564 724 ι
603 674 676 727 ait
718 691 731 726 :
768 693 787 724 ι
828 674 977 727 lianc
1029 690 1214 743 pacem
1254 674 1392 727 dicit
1441 688 1621 737 suam,
1654 684 1715 726 ut
1750 688 1875 741 pro-

309 766 482 831 prium
519 765 720 817 bonum
756 764 856 817 sibi
890 765 1138 819 insitum.
1177 783 1195 814 ι
1237 764 1302 818 Ει
1340 764 1394 817 in
1434 764 1645 817 decimo
1676 774 1873 833 quarto

306 870 554 909 surtnone
577 855 1001 917 Thesaurorum,
1026 857 1221 923 pariter
1247 856 1387 909 istud
1410 855 1640 911 alfercus
1671 874 1684 911 :
1720 874 1739 907 ι
1770 856 1873 922 Qui

302 946 474 998 credit
510 946 563 998 in
594 960 696 1010 me,
742 946 901 1000 habet
958 948 1121 999 vitam
1178 956 1460 1010 atternam,
1504 965 1522 999 ι
1557 977 1627 987 ——
1663 966 1681 999 ι
1725 946 1872 1001 Tan-

302 1050 467 1101 quam
518 1044 711 1090 natura
761 1037 859 1090 sibi
900 1038 1144 1102 insitam,
1177 1038 1378 1106 inquit,
1427 1046 1480 1092 et
1509 1038 1873 1094 cssentialiter

307 1130 694 1179 iuimauentem
740 1128 904 1180 vitam
960 1144 1017 1182 se
1061 1128 1315 1181 daturum
1347 1128 1697 1183 credentibus
1727 1129 1776 1182 in
1816 1144 1873 1185 se

211 1258 215 1262 .
304 1214 622 1282 pullieetur;
668 1220 968 1284 procedens
1012 1218 1154 1270 enim
1205 1232 1235 1270 a
1271 1218 1452 1281 Patre,
1488 1221 1672 1273 omnia
1709 1219 1872 1287 hujus

308 1306 576 1357 naturalia
637 1308 898 1374 possidet.
948 1311 1051 1361 vita
1110 1322 1287 1363 autem
1347 1317 1433 1364 est
1493 1326 1597 1363 una
1656 1327 1717 1365 ex
1779 1310 1868 1365 Dei

303 1395 702 1449 naturalibus.»
739 1397 907 1453 Vides
934 1397 1113 1467 dignis
1156 1401 1335 1453 datam
1365 1416 1486 1454 esse
1538 1400 1677 1455 hanc
1706 1400 1869 1456 vitam

296 1499 534 1553 eamque
562 1501 681 1540 esse
724 1487 834 1541 Deo
868 1498 1060 1542 natura
1109 1490 1352 1552 insitam,
1400 1491 1544 1544 haud
1580 1506 1713 1546 vero
1753 1507 1873 1547 esse

302 1573 476 1638 ipsam
504 1584 753 1629 naturam
783 1594 795 1628 :
823 1592 925 1629 una
949 1580 1195 1632 estenim
1220 1591 1416 1635 natura
1437 1581 1643 1641 divina,
1662 1581 1753 1635 illa
1772 1596 1871 1636 au-

307 1675 414 1718 tem
439 1665 546 1719 vita
567 1676 771 1721 estuna
795 1683 861 1721 ex
886 1668 977 1721 Dei
1019 1670 1382 1726 naturalibus.
1423 1672 1484 1725 Et
1521 1680 1777 1741 tanquam
1816 1673 1869 1726 in

1976 492 2308 560 θεολογικοῖς
2328 493 2641 560 κεφαλαίοις
2671 490 2919 561 φανερῶς
2940 506 3127 559 φησιν’
3154 510 3173 540 ι
3195 489 3257 541 Ἦ
3280 488 3375 541 τοῦ
3398 486 3539 541 Θεοῦ

1977 582 2223 653 βασιλεία
2271 584 2378 636 τῶν
2420 584 2733 653 προσόντων
2770 583 2848 653 τῷ
2877 582 2996 651 Θεῷ
3026 581 3273 651 φυσικῶς
3314 579 3543 647 ἀγαθῶν

1974 674 2112 727 κατὰ
2140 675 2299 744 χάριν
2327 676 2443 727 ἐστὶ
2476 675 2779 744 μετάδοσις.
2813 693 2829 726 ι
2880 674 2938 727 '0
2974 673 3031 727 δὲ
3056 674 3212 739 ἅγιος
3246 671 3541 740 Κύριλλος.

1974 766 2033 817 τὸ
2071 764 2166 817 τοῦ
2217 765 2425 834 Κυρίου
2474 764 2845 835 προενεγκὼν,
2875 782 2893 815 ι
2947 764 3185 832 Εἰρήνην
3248 762 3349 833 τὴν
3400 763 3545 831 ἐμὴν

1974 855 2177 925 ἀφίημι
2206 856 2387 925 ὑμῖν.»
2405 877 2499 909 -ι
2525 856 2749 910 Ἑαυτοῦ
2776 855 2872 926 τὴν
2900 855 3123 925 εἰρήνην
3149 854 3355 923 ταύτην
3388 851 3544 907 εἶπεν

1974 943 2136 1013 εἶναι,
2172 949 2356 1018 φησιν,
2379 947 2451 1010 ὡς
2475 947 2602 1001 ἴδιον
2640 945 2844 1014 ἀγαθὸν
2870 944 3176 1015 ἐνυπάρχον
3203 944 3405 1014 αὐτῷ.»
3455 945 3544 996 Ἐν

1973 1039 2029 1092 δὲ
2064 1039 2141 1107 τῷ
2180 1040 2241 1092 ιδ’
2265 1039 2410 1108 λόγῳ
2443 1039 2550 1091 τῶν
2598 1036 2920 1107 Θησαυρῶν,
2956 1038 3132 1089 ἐκεῖνο
3172 1037 3335 1089 πάλιν
3382 1052 3546 1107 προε-

1977 1129 2206 1197 νεγκὼν,
2244 1149 2261 1183 ι
2310 1130 2368 1185 Ὀ
2398 1130 2670 1184 πιστέυων
2696 1130 2776 1191 εἰς
2800 1128 2902 1198 ἐμὲ
2927 1129 3039 1198 ἔχει
3065 1127 3212 1198 ζωὴν
3242 1128 3489 1188 αἰώνιον,
3518 1146 3537 1177 ι

1974 1239 2068 1270 -ι
2092 1218 2178 1283 Ὠς
2206 1219 2386 1288 φύσει,
2411 1220 2565 1289 φησι,
2589 1220 2893 1289 προσοῦσαν
2909 1217 3058 1287 αύτῷ
3079 1216 3178 1287 τὴν
3191 1216 3337 1285 ζωὴν
3357 1216 3546 1269 καὶού-

1975 1312 2182 1373 σιωδῶς
2210 1312 2564 1381 ὑπάρχουσαν
2588 1310 2784 1363 δώσειν
2810 1311 3026 1373 τοῖςνεὶς
3058 1310 3223 1364 αὑτὸν
3248 1308 3544 1361 πιστεύου-

1975 1417 2061 1452 σιν
2090 1400 2504 1467 ἐπαγγέλλεται.
2571 1398 2860 1468 Προελθὼν
2890 1399 2999 1467 γὰρ
3049 1400 3112 1450 ὲκ
3155 1396 3252 1451 τοῦ
3302 1396 3543 1465 Πατρδς.

1974 1494 2151 1545 πάντα
2196 1492 2262 1545 τά
2298 1493 2463 1546 αὐτοῦ
2504 1490 2647 1545 κατά
2680 1490 2844 1560 φύσιν
2890 1489 3179 1558 ἐπάγεται,
3231 1488 3289 1541 ἓν
3326 1488 3384 1539 δὲ
3433 1488 3546 1539 τῶν

1974 1585 2292 1653 προσόντων
2348 1585 2427 1654 τῷ
2455 1586 2630 1655 Πατρὶ
2690 1583 2787 1637 καὶ
2834 1583 2868 1652 ἡ
2905 1581 3070 1647 ζωή.»
3122 1580 3285 1650 ὐρᾷς
3312 1579 3406 1631 καὶ
3428 1581 3547 1640 τοῖς

1926 1704 1931 1707 -
1976 1673 2147 1738 ἀξίοις
2179 1674 2464 1744 διδομένην
2485 1674 2585 1744 τὴν
2611 1672 2868 1741 τοιαύτην
2902 1669 3083 1739 ζωήνς
3132 1670 3225 1722 καὶ
3256 1668 3401 1721 κατά
3438 1665 3548 1733 φύ-

303 1766 501 1809 natura
532 1758 791 1823 insidens,
819 1771 898 1815 est
926 1761 1040 1830 ipsa
1069 1761 1343 1827 increala;
1379 1773 1431 1817 et
1465 1763 1555 1832 qui
1585 1764 1719 1817 dixit
1753 1779 1871 1818 eam

1980 1782 2064 1817 σιν
2095 1764 2410 1834 προσοῦσαν
2440 1764 2515 1834 τῷ
2543 1764 2683 1833 Θεῷ,
2716 1762 2834 1817 ἀλλ’
2861 1761 2983 1832 ούχὶ
3011 1761 3172 1827 φύσιν
3196 1754 3396 1822 οὖσανς
3427 1756 3545 1809 Μία

300 1865 428 1903 esse
462 1866 623 1904 unam
669 1867 734 1906 ex
771 1854 859 1906 Dei
894 1855 1263 1918 naturalibus,
1299 1855 1376 1909 sic
1418 1866 1471 1909 et
1515 1856 1668 1922 plura
1698 1856 1877 1911 inesse

308 1942 417 1996 Deo
440 1946 707 1999 naturalia
731 1956 925 2003 etesse
946 1950 1149 2017 pariter
1171 1949 1410 2004 increata
1428 1948 1704 2005 indicavit.
1730 1948 1876 2015 ideo,

297 2034 454 2101 juxta
475 2036 743 2100 eumdem,
768 2037 943 2094 Filius
972 2041 1154 2094 omnia
1192 2040 1280 2095 Dei
1314 2041 1580 2095 naturalia
1614 2040 1878 2112 possidet.

312 2123 410 2177 Ulli
472 2134 600 2180 sunt
651 2128 745 2197 qui
780 2128 972 2184 dicunt
1025 2145 1192 2184 unum
1239 2144 1364 2186 esse
1409 2132 1735 2197 increatum,
1768 2148 1877 2186 non

310 2215 480 2269 Deum
537 2228 632 2272 aut
682 2236 771 2274 res
823 2221 1041 2276 divinas
1091 2231 1353 2277 vocantes
1382 2222 1725 2292 simpliciter,
1763 2232 1873 2277 tum

311 2319 557 2361 naturam
596 2310 833 2365 divinam
888 2321 942 2365 et
989 2311 1111 2381 ejus
1160 2327 1449 2382 personas,
1506 2323 1621 2367 tum
1679 2323 1876 2368 cuncta

310 2400 593 2456 altissima:
644 2401 933 2459 Trinitatis
985 2405 1255 2460 naturalia
1313 2416 1367 2460 et
1416 2407 1742 2473 personalia.
1779 2408 1876 2461 sed

304 2492 479 2546 solum
512 2494 807 2549 es~eutiam
840 2510 870 2549 a
903 2499 1170 2551 creaturis
1204 2496 1558 2565 separantes?
1590 2495 1874 2566 Tanquam

309 2584 355 2635 si
398 2584 733 2641 aﬂirutarenl
790 2587 958 2642 solem
1004 2601 1125 2642 esse
1173 2587 1465 2657 fulgidum.
1520 2588 1613 2644 sed
1645 2589 1877 2658 caligine

309 2675 500 2740 plenos
529 2675 647 2742 eius
678 2678 880 2742 radios,
909 2677 991 2730 vel
1024 2676 1204 2747 plures
1227 2693 1351 2733 esse
1384 2678 1549 2743 soles,
1580 2677 1707 2748 quia
1735 2686 1790 2732 et
1818 2674 1874 2732 hi

302 2779 435 2821 sunt
464 2768 647 2821 lucidi.

1978 1857 2089 1925 γὰρ
2122 1858 2155 1925 ὴ
2188 1856 2307 1910 Θεία
2341 1857 2525 1924 φύσις.
2574 1855 2637 1908 Ἠ
2671 1854 2728 1908 δὲ
2757 1853 2982 1921 τοιαύτη
3014 1852 3129 1920 ζωὴ
3160 1850 3219 1901 ἓν
3257 1848 3366 1902 τῶν
3402 1849 3546 1901 κατὰ

1980 1946 2143 2014 φύσιν
2173 1945 2250 2015 τῷ
2277 1944 2397 2014 Θεῷ
2418 1944 2750 2015 προσόντων.
2786 1945 2895 1996 Καὶ
2917 1941 2992 2004 ὡς
3024 1940 3165 1993 κατά
3190 1940 3353 2007 φύσιν
3381 1937 3543 1998 οὖσα,

1981 2037 2234 2101 ἄκτιστός
2284 2038 2401 2089 ἐστι
2442 2037 2536 2090 καὶ
2567 2036 2725 2105 αὕτη.
2760 2035 2883 2088 Τῶν
2915 2035 2972 2087 δὲ
3000 2034 3142 2087 κατά
3174 2031 3338 2100 φύσιν
3367 2046 3541 2099 προσ·

1980 2130 2151 2182 όντων
2212 2128 2291 2198 τῷ
2321 2126 2440 2199 Θεῷ
2468 2128 2671 2197 ταύτην
2698 2127 2756 2181 ἓν
2788 2124 2960 2180 εἰπὼν
2994 2124 3087 2178 καὶ
3118 2123 3289 2176 πολλά
3323 2124 3551 2191 προσεῖο

1983 2237 2071 2273 ναι
2102 2218 2245 2272 κατά
2276 2218 2437 2288 φύσιν
2486 2219 2564 2288 τῷ
2601 2216 2721 2287 Θεῷ
2754 2218 2848 2271 καὶ
2891 2216 3094 2284 ὁμοίως
3136 2215 3371 2268 ἀκτιστα
3422 2212 3546 2279 ἐδήι-

1982 2311 2142 2364 λωσε.
2195 2310 2287 2363 Διὸ
2324 2311 2421 2363 καὶ
2462 2312 2593 2379 περὶ
2621 2310 2713 2362 τοῦ
2762 2306 2897 2361 Υἱοῦ
2926 2322 3084 2376 φησι,
3120 2305 3307 2359 Πάντα
3338 2306 3406 2357 τά
3446 2304 3545 2356 τοῦ

1983 2403 2201 2473 Πατρδς
2228 2402 2370 2454 κατά
2409 2400 2572 2469 φύσιν
2602 2400 2894 2467 ἐπάγεται.
2928 2398 3037 2451 Ποῦ
3076 2397 3125 2450 οἱ
3158 2396 3431 2457 ἀσυνέτως
3459 2394 3549 2446 λέ-

1980 2511 2191 2562 γοντες,
2221 2494 2322 2546 Ἐν
2351 2497 2467 2546 ἐστι
2496 2492 2556 2545 τὸ
2588 2492 2866 2558 ἀκτιστον,
2898 2491 2959 2544 ού
2990 2490 3087 2544 τὸν
3108 2489 3241 2542 Θεὸν
3266 2489 3298 2557 ἢ
3320 2488 3381 2541 τὸ
3401 2487 3550 2541 θεῖον

1979 2586 2230 2653 λέγοντες
2264 2584 2472 2648 ἁπλῶς,
2524 2584 2768 2654 δηλονότι
2810 2586 2913 2655 τήν
2942 2601 3001 2637 τε
3051 2583 3206 2636 θείαν
3251 2581 3413 2650 φύσιν
3452 2582 3549 2632 καὶ

1980 2678 2079 2741 τὰς
2128 2677 2251 2731 κατ’
2301 2678 2517 2746 ἐκείνην
2556 2676 2920 2746 ίύποστάσεις,
2975 2676 3045 2729 τά
3088 2692 3148 2727 τε
3190 2674 3397 2742 φυσικά
3446 2674 3544 2725 καὶ

1983 2769 2326 2823 ὑποστατικά
2347 2770 2448 2833 τῆς
2479 2768 2739 2825 ἀνωτάτω
2765 2768 2992 2836 Τριάδος
3017 2760 3257 2831 ἅπαντα,
3284 2765 3422 2819 ἀλλά
3448 2766 3549 2836 τὴν

307 2861 499 2915 οὐσίαν
536 2863 707 2933 μόνην
726 2863 831 2918 τῶν
862 2864 1101 2917 κτιστῶν
1127 2862 1471 2935 ὲξαίροντες;
1501 2861 1689 2933 ὥσπερ
1716 2862 1785 2916 ἂν
1821 2863 1874 2916 εἰ
1902 2862 1980 2933 τῷ
2012 2864 2110 2933 μὲν
2140 2865 2277 2935 ἡλίῳ
2313 2866 2551 2934 μετεῖναι
2580 2862 2980 2917 διεϐεϐαιοῦντο
3016 2863 3115 2931 τῆς
3140 2862 3547 2931 λαμπρότητος,

311 2954 538 3020 τλήρεις
587 2954 632 3007 δ’
687 2951 827 3008 εἶναι
897 2957 1120 3016 σκότους
1168 2955 1268 3017 τὰς
1314 2956 1445 3024 περὶ
1533 2955 1697 3009 αὐτὸν
1733 2956 1982 3019 ἀκτῖνας,
2040 2956 2072 3028 ἢ
2136 2958 2365 3021 πολλοὺς
2424 2958 2632 3027 ἡλίους,
2690 2957 2812 3009 ἐπεὶ
2871 2954 2989 3025 φῶς
3044 2956 3155 3008 εἱσι
3219 2956 3315 3006 καὶ
3354 2948 3541 3008 αὗται·

393 3041 574 3095 Theot.
636 3044 826 3104 necte,
871 3062 902 3097 ο
938 3045 1322 3114 Theophanes,
1377 3046 1501 3100 talia
1554 3047 1735 3102 dicere
1780 3064 1878 3116 pro

2052 3051 2216 3105 Θεότ.
2258 3050 2516 3118 Δικαιως,
2544 3043 2589 3103 ὧ
2611 3049 2907 3120 Θεόφανες,
2937 3048 2995 3102 ἐν
3028 3046 3217 3120 μηδενὶ
3237 3045 3382 3114 λόγῳ
3405 3044 3551 3097 τιθέ-

311 3134 538 3188 veritate
574 3151 683 3188 non
741 3137 1028 3202 dubitasti,
1064 3138 1220 3191 nihili
1278 3140 1557 3193 aestimans
1590 3149 1641 3193 te
1695 3140 1877 3195 multis

310 3224 621 3293 displicere,
669 3242 856 3281 verum
905 3243 1206 3298 congruam
1256 3229 1351 3284 tibi
1404 3230 1610 3284 ducens
1666 3231 1877 3284 laudent

1982 3159 2145 3212 μενος
2194 3143 2254 3195 τὸ
2302 3145 2639 3211 ἀπαρέσκειν
2682 3144 2797 3205 τοῖς
2850 3140 3068 3202 πολλοῖς
3126 3138 3352 3191 τοιαῦτα
3399 3134 3545 3205 ὑπὲρ

1979 3234 2235 3301 ἀληθείας
2269 3235 2369 3286 οὐκ
2406 3235 2641 3303 ἀνῆκας.
2676 3232 2916 3303 Πρέπειν
2950 3233 3058 3300 γάρ
3087 3248 3171 3284 σοι
3207 3230 3299 3283 τὸν
3320 3230 3547 3282 ἔπαινον

311 3332 344 3369 ιι
369 3335 417 3370 »ιι
454 3318 521 3372 ab
576 3319 909 3384 hominibus,
959 3320 1052 3374 sed
1089 3336 1118 3374 a
1159 3322 1265 3375 Deo
1312 3330 1595 3375 venturam
1632 3332 1687 3376 ct
1736 3339 1881 3378 nunc

1978 3324 2078 3376 οὐκ
2110 3324 2166 3389 ἐξ
2194 3322 2518 3392 ἀνθρώπων,
2545 3321 2660 3377 ἀλλ’
2694 3324 2759 3376 ἐκ
2785 3320 2879 3374 τοῦ
2914 3320 3073 3387 Θεοῦ,
3113 3320 3207 3373 νῦν
3242 3337 3300 3373 τε
3333 3318 3430 3373 καὶ
3465 3320 3549 3382 εἰς

310 3421 361 3460 εἰ
398 3411 449 3462 iu
503 3409 687 3464 futuro
736 3412 969 3477 saeculo,
1027 3421 1248 3483 propter
1301 3412 1610 3483 huiusmodi
1666 3428 1877 3467 sermo-

316 3516 433 3552 l-l‘S.

387 3588 615 3661 Tlieoph.
665 3593 828 3647 Deum
854 3595 1008 3649 decet
1036 3595 1172 3659 laus,
1208 3595 1373 3649 frater
1399 3593 1705 3654 Thettlitttc,
1734 3610 1878 3649 nunc

311 3693 366 3733 rt
403 3684 453 3735 iu
485 3685 700 3747 saecula.
727 3686 818 3755 qui
841 3686 989 3741 dedit
1018 3702 1323 3751 sermonem
1361 3686 1414 3740 iu
1451 3685 1734 3756 apertione
1763 3686 1878 3741 oris

310 3774 506 3828 ιιι-επὶ.

246 3948 249 3951 ‘
346 3951 928 3985 l====:::r:::::::

1977 3413 2068 3466 τὸν
2097 3412 2191 3465 ἕπε
2204 3430 2292 3466 ιτα
2319 3414 2513 3478 αἰῶνα,
2546 3413 2655 3465 τῶν
2688 3411 2949 3465 τοιούτων
2978 3412 3151 3479 λόγων
3181 3409 3369 3462 ἕνεκα.

2053 3598 2229 3665 Θεοφ.
2260 3595 2352 3666 Τῷ
2382 3595 2501 3665 Θεῷ
2541 3597 2741 3665 πρέπει
2789 3596 3017 3659 αῐνεσις,
3064 3593 3259 3662 ἀδελφὲ
3289 3593 3548 3661 Θεότιμε,

1982 3686 2078 3739 νῦν
2110 3691 2201 3741 καὶ
2235 3688 2314 3750 εἰς
2348 3688 2475 3749 τοὺς
2518 3686 2744 3751 αἰῶνας,
2782 3686 2862 3740 τῶ
2891 3687 3039 3740 δόντι
3066 3686 3227 3754 λόγον
3254 3687 3314 3738 ὲν
3342 3684 3548 3750 ἀνοίξει

1980 3778 2074 3832 τοῦ
2105 3780 2373 3849 στόματος
2406 3779 2587 3849 ἡμῶν.

678 3952 3541 3987 W

991 4127 1921 4282 GBEGOBII
2033 4130 2267 4280 PA
2292 4125 2861 4280 LAMAE

829 4412 1743 4504 ABCHIEPISCOPI
1854 4416 3019 4509 THESSALONICENSIS

1377 4606 2472 4757 PROSOPOHEl/E,

1830 4827 1896 4869 ID
1930 4827 2043 4872 EST

432 4958 521 5020 Ex
573 4954 799 5017 habitis
838 4974 952 5035 per
994 4957 1315 5021 ﬁctionem
1363 4974 1775 5053 personarum
1808 4957 2226 5033 orationibus,
2258 4958 2425 5039 style
2455 4960 2668 5033 misto,
2706 4958 3025 5039 dialogico
3057 4964 3121 5021 et
3154 4957 3429 5021 maxime

1166 5057 1474 5136 judiciali,
1514 5057 1934 5131 conﬁrmatio,
1960 5059 2113 5137 quid
2149 5078 2326 5122 mens
2349 5062 2410 5123 in
2433 5062 2676 5142 judicio

907 5165 1122 5220 contra
1165 5177 1400 5241 corpus
1443 5161 1862 5234 contendens,
1905 5144 2118 5223 eorum
2139 5162 2463 5241 judicibus
2512 5164 2725 5227 dicere
2759 5165 2987 5245 possit.

980 5399 1521 5463 PROTHEORIA
1579 5403 1740 5467 SEU
1794 5406 1901 5467 PR

1978 5406 2481 5485 IMEDITATIO.
2529 5407 2629 5469 CA
2641 5408 2841 5469 usus.

383 5519 564 5574 Animi
611 5520 779 5588 partis
814 5522 1020 5577 utentis
1075 5524 1284 5579 ratione
1329 5523 1649 5592 discrimen,
1696 5543 1807 5597 quo
1838 5544 1869 5582 a
1973 5530 2063 5583 alii
2098 5531 2442 5584 declararunt
2479 5544 2495 5583 :
2535 5529 2755 5598 quidam
2805 5544 3071 5599 equorum
3114 5527 3375 5583 feracium
3401 5527 3540 5597 bigis

314 5610 526 5665 ratione
570 5621 792 5669 carente
841 5621 895 5667 et
942 5614 1150 5683 patibili
1195 5615 1401 5683 differt,
1438 5626 1682 5674 veterum
1714 5620 1874 5678 aliter

1979 5623 2305 5677 irascentem
2351 5631 2403 5676 et
2428 5623 2901 5691 concupiscentem
2944 5622 3125 5677 animi
3140 5629 3345 5690 partem
3379 5621 3534 5676 simi-
