3956 6194
295 306 397 374 961

1626 306 2114 370 PROSHI‘ONEI
2132 310 2210 372 Ε.

3429 304 3542 373 962

293 435 394 486 lem
419 424 705 488 facientes,
737 420 939 491 auriga:
962 420 1377 477 ratiocinantem
1414 421 1676 491 :qnidam
1702 438 1865 477 vena-
1897 432 1939 484 Α
1972 426 2183 481 dicendi
2226 443 2422 495 genere
2479 427 2791 497 hujusuiodi
2846 427 3180 494 insistemus,
3228 428 3293 482 ad
3320 429 3552 498 judicia-

294 521 402 579 tori
434 520 553 573 viro
580 516 1022 580 ratiocinantem,
1053 530 1195 586 equo
1221 516 1309 571 cui
1358 515 1559 572 insidet
1605 519 1864 587 concupi-

295 620 565 670 srentem,
616 608 738 661 cani
788 605 1019 677 adjutori
1078 606 1406 662 irascentem
1440 617 1863 678 comparantes:

292 705 425 771 quin
455 702 618 756 etiam
648 698 890 753 locorum
927 698 1343 755 discriminibus
1377 700 1746 770 sejungentes,
1782 716 1869 755 ra-

293 794 497 848 tionem
540 798 601 845 ut
644 789 945 859 principem
981 788 1033 841 in
1068 788 1315 851 cerebro,
1349 798 1608 859 tanquam
1645 790 1697 842 in
1747 804 1871 843 arce

293 898 537 949 summa,
572 898 604 936 e
634 881 944 952 propinquo
972 880 1128 948 quasi
1171 881 1432 936 satellitio
1453 895 1715 936 sensuum
1746 897 1871 934 mn-

295 978 467 1030 uitam
494 990 558 1029 ac
584 974 862 1030 defensam
906 991 920 1028 :
953 974 1088 1028 iram
1124 974 1177 1028 in
1204 975 1390 1038 corde,
1430 974 1786 1043 cupiditatem
1819 975 1872 1028 in

296 1070 542 1139 jecinore
578 1068 871 1124 collocant.
901 1066 1128 1122 Eximia:
1160 1083 1291 1123 vero
1319 1068 1603 1138 sapientia:
1632 1068 1873 1138 Aposto-

299 1164 406 1226 lus,
437 1161 745 1216 evidentius
775 1161 941 1214 animi
965 1170 1171 1230 partem
1200 1161 1428 1215 rationis
1456 1160 1774 1230 participem
1807 1160 1877 1215 ab

299 1264 522 1325 experte
573 1254 939 1321 distinguens,
971 1253 1116 1306 illam
1153 1253 1405 1322 spiritum
1460 1262 1513 1307 et
1559 1252 1875 1307 interiorem

306 1348 579 1402 hominem
607 1386 622 1411 ,
655 1345 795 1399 hanc
826 1360 1047 1398 carnem
1092 1352 1145 1398 et
1207 1346 1536 1399 exteriorem
1597 1345 1877 1399 hominem

304 1439 539 1509 appellat
564 1455 579 1504 ;
608 1436 806 1492 deinde
832 1436 1276 1491 contrarietatem
1304 1453 1491 1493 earum
1516 1436 1877 1506 patefaciens,

310 1527 585 1606 «σίζει-[ιον
617 1524 814 1595 inquit.
849 1526 1073 1580 alteram
1128 1526 1299 1597 legem
1351 1542 1473 1595 qua:
1510 1529 1562 1580 in
1614 1527 1881 1581 membris

303 1617 446 1671 meis
480 1624 585 1679 est,
618 1623 1010 1685 repugnantem
1061 1614 1163 1685 legi
1212 1617 1408 1679 mentis
1451 1632 1609 1678 mea},
1630 1626 1684 1671 et
1710 1616 1881 1683 capti-

302 1718 523 1764 vantem
556 1722 644 1763 me
674 1707 777 1763 sub
813 1706 983 1776 legem
1015 1707 1282 1777 peccati‘.
1319 1727 1337 1760 ι
1372 1707 1663 1764 Orationes
1700 1718 1879 1762 autem

303 1818 446 1871 quas
474 1817 681 1873 corpus
705 1809 758 1856 et
785 1817 939 1857 mens
982 1816 1075 1855 seu
1107 1801 1320 1857 ratione
1368 1810 1549 1864 utens,
1575 1810 1630 1856 et
1665 1803 1881 1871 patiens

304 1894 478 1949 animi
513 1907 661 1963 pars,
703 1891 943 1948 vicissim
977 1891 1310 1954 habuerunt,
1343 1890 1561 1946 exiliter
1589 1891 1884 1945 admodum

307 1988 518 2042 stoicus
566 1984 860 2041 Cleanthes
909 1996 994 2039 est
1025 1992 1395 2044 commentus.
1432 1983 1511 2038 sic
1558 1998 1653 2038 eas
1682 1982 1888 2038 faciens

306 2080 596 2147 loquentes
617 2076 812 2144 :Quid,
837 2076 1140 2141 anime,vis
1168 2074 1370 2130 factum
1392 2074 1510 2139 tibi,
1536 2074 1666 2128 mihi
1685 2075 1887 2129 indica.

305 2170 587 2239 Quidquid
640 2169 778 2234 fieri,
812 2184 844 2223 ο
876 2169 1037 2231 ratio,
1075 2168 1363 2224 desidero:
1397 2167 1449 2221 id
1485 2167 1693 2234 regium
1731 2167 1892 2236 plane

305 2272 415 2314 est.
446 2260 678 2328 Quidam
709 2262 873 2314 etiam
910 2259 1170 2315 Ecclesia:
1214 2259 1523 2329 sapientum
1571 2262 1887 2324 doctorum,

305 2354 619 2408 iamborum
680 2355 941 2423 scriptor,
982 2354 1060 2406 ait
1114 2352 1242 2406 alibi
1276 2370 1290 2407 :
1325 2350 1451 2406 Tibi
1499 2351 1630 2422 quid
1664 2361 1890 2421 exoptas

307 2449 427 2500 licri
460 2464 475 2506 ;
513 2455 746 2501 mentem
810 2461 987 2499 meam
1040 2445 1193 2501 soleo
1251 2459 1495 2515 rogare;
1541 2446 1700 2499 visne
1723 2443 1890 2515 Gygis

304 2555 403 2594 res
443 2539 542 2593 has
575 2549 628 2594 ct
674 2537 839 2594 illas?
869 2537 980 2594 Nos
1006 2552 1137 2593 vero
1179 2536 1235 2592 in
1290 2536 1604 2608 juveniliori
1651 2536 1890 2608 quodam

1972 522 2075 575 leui
2114 521 2343 575 formam
2392 519 2592 591 dialogi
2650 522 2916 574 rationein
2954 521 3358 589 protendiinus,
3405 532 3460 577 et
3496 533 3556 577 ut

1972 614 2047 666 rei
2080 614 2287 681 Species
2330 613 2612 666 honestior
2652 622 2706 667 et
2728 613 2937 679 aequior
2967 624 3136 674 esset,
3172 612 3388 679 judices
3416 615 3556 669 assi-

1972 706 2163 758 dentes
2194 704 2604 767 constituimus,
2651 717 2714 757 ac
2747 712 2929 771 partes
2962 703 3303 757 accusatoris
3333 706 3554 761 animus

1974 795 2203 849 rationis
2260 795 2553 864 particeps,
2610 793 2915 848 defensoris
2968 788 3170 862 corpus
3226 796 3555 850 tcnet:b:nc

1975 887 2120 940 enim
2165 903 2288 940 cum
2323 887 2445 940 lieta
2475 887 2724 955 qtuedam
2778 885 3139 940 describenda
3174 896 3303 941 sunt
3333 889 3555 956 permit-

1978 984 2189 1029 tttntttr.
2218 973 2619 1045 Necquispiain
2657 974 2916 1029 novitatis
2950 977 3160 1029 crimen
3198 976 3397 1029 inferat
3430 993 3559 1030 ora-

1979 1068 2135 1130 tioni,
2178 1068 2316 1121 haud
2379 1068 2599 1121 nescius
2650 1084 2760 1135 quo
2804 1080 2983 1136 pacto,
3023 1076 3076 1121 et
3121 1070 3189 1122 ad
3230 1069 3550 1136 imaginum.

1978 1171 2032 1214 et
2065 1160 2128 1213 ad
2156 1174 2511 1228 perseuerant
2543 1160 2799 1229 figulenta
2824 1199 2839 1223 ,
2870 1160 3245 1227 sophistarum
3272 1175 3334 1213 ac
3360 1161 3555 1213 decla-

1982 1253 2246 1306 mantium
2286 1252 2668 1306 meditationes
2696 1262 2965 1321 provecta:
2995 1262 3144 1307 sunt.
3189 1251 3341 1317 Quod
3373 1264 3553 1305 autem

1980 1347 2348 1414 assumptivus
2398 1355 2575 1400 status
2632 1346 2728 1410 sit,
2758 1347 2945 1416 agnitu
2996 1362 3104 1401 non
3139 1355 3222 1401 est
3263 1347 3313 1399 ei
3344 1346 3561 1400 dillicile

1982 1439 2153 1508 quiin
2200 1438 2457 1494 civilibus
2510 1438 2909 1507 qtzatstionibns
2932 1438 3257 1493 exercendis
3297 1446 3352 1491 et
3386 1436 3560 1491 medi-

1985 1532 2165 1587 tandis
2196 1532 2519 1601 aliquandiu
2579 1542 2831 1587 versatus
2856 1541 2971 1596 est;
3010 1530 3193 1598 potius
3250 1529 3563 1597 intelligen-

1985 1628 2112 1678 dum
2163 1633 2270 1689 est,
2299 1639 2423 1679 cum
2474 1632 2856 1691 argumentum
2894 1636 3115 1691 gravem
3168 1621 3563 1676 sententiarum

1988 1719 2273 1773 materiam
2328 1718 2698 1785 suppeditaret
2733 1720 2899 1785 {serpe
2930 1714 3073 1767 enim
3110 1723 3317 1768 motum
3348 1728 3563 1767 rerum-

1983 1824 2088 1879 que
2143 1818 2350 1863 natura:
2393 1807 2908 1876 contemplationem
2951 1806 3214 1875 attingit),
3244 1818 3341 1859 nos
3382 1814 3565 1859 tamen

1983 1898 2161 1968 quoad
2199 1898 2376 1959 licuit,
2418 1896 2502 1951 via
2535 1897 2857 1966 rationeque
2909 1896 3224 1959 artificiosa,
3246 1909 3305 1949 re
3331 1896 3397 1947 ad
3427 1896 3593 1968 (εἰνὶ-γ

1989 1992 2182 2044 liorem
2228 1989 2413 2044 stilum
2466 1998 2719 2042 revocata
2767 1988 2834 2042 ad
2859 1985 3204 2056 iudicialium
3252 1984 3567 2037 oratiomim
3622 1998 3633 2010 ·

1987 2085 2222 2152 speciem
2251 2083 2723 2136 accommodassc.
2759 2081 2914 2147 Quod
2949 2081 2993 2135 si
3021 2094 3118 2149 per
3143 2079 3325 2133 omnia
3358 2092 3571 2132 assum-

1994 2176 2125 2246 ptlvi
2144 2176 2358 2244 generis
2379 2175 2553 2244 capita
2586 2175 2668 2228 hae
2697 2189 2803 2227 non
2830 2172 3131 2244 procedant
3155 2170 3457 2231 orationes,
3484 2169 3569 2221 ni-

1996 2266 2073 2321 hil
2100 2267 2338 2329 mirum;
2366 2280 2491 2320 nam
2541 2279 2643 2318 nec
2687 2265 2741 2322 in
2772 2264 3028 2317 omnibus
3073 2263 3196 2318 aliis
3232 2261 3572 2332 argumentis

1997 2360 2180 2413 omnia
2221 2357 2470 2413 incidant
2504 2371 2726 2411 necesse
2756 2365 2877 2420 est;
2916 2358 3027 2409 haec
3051 2371 3172 2424 quae
3202 2353 3575 2423 prmtneditari

1996 2451 2251 2523 oportuit,
2286 2452 2389 2507 hoc
2427 2450 2588 2505 modo
2619 2448 2987 2518 prtemeditata
3017 2449 3147 2503 sint.

1389 2874 1771 2937 DECLARA
1783 2876 1927 2940 T10
2002 2875 2418 2941 ASSUMPTI
2430 2871 2547 2938 VA.

394 3058 453 3119 Si
487 3063 631 3134 apud
654 3059 791 3117 alios
818 3061 910 3132 qui
935 3075 1046 3116 non
1075 3058 1439 3132 intelligerent
1460 3072 1715 3118 accurate
1738 3078 1901 3134 quam

2008 3056 2131 3097 sura
2157 3043 2223 3099 ad
2250 3057 2313 3098 ea
2350 3042 2601 3097 oratione
2651 3040 2978 3113 explicanda
3016 3055 3137 3110 qua:
3185 3032 3587 3096 contumeliose

308 3158 501 3229 patior
533 3155 923 3210 contumeliam
957 3155 1028 3209 ab
1056 3156 1162 3209 hoc
1192 3170 1408 3209 mecum
1444 3156 1739 3227 conjugato
1775 3171 1907 3210 eor-

310 3265 478 3321 pore,
514 3250 616 3303 hoc
657 3263 899 3317 praesens
926 3256 1202 3302 certamen
1239 3248 1603 3311 instituerem,
1628 3248 1758 3301 mihi
1791 3249 1907 3317 ipse

313 3344 686 3403 facesserem,
722 3340 941 3409 illisque
988 3340 1282 3393 conﬂarem
1347 3338 1562 3408 negotia
1598 3356 1611 3393 :
1648 3340 1905 3393 nimirum

312 3436 391 3491 ad
430 3450 545 3490 rem
585 3434 861 3503 pertinere
894 3433 1128 3497 ducens,
1160 3433 1204 3487 si
1253 3433 1571 3501 singulatim
1603 3448 1664 3487 ea
1709 3433 1909 3502 quibus

314 3545 411 3582 me
449 3527 613 3581 malis
637 3533 831 3580 onerat
861 3525 980 3581 haec
1004 3525 1134 3578 mihi
1163 3525 1578 3579 contubernalis
1604 3524 1910 3589 calamitas,

311 3634 679 3688 exponerem.
721 3618 918 3675 Verum
953 3634 1075 3673 cum
1124 3618 1267 3684 apud
1304 3632 1423 3683 vos,
1458 3617 1704 3671 omnium
1739 3619 1913 3673 virtu-

312 3722 443 3765 tum
476 3712 741 3773 cultores.
777 3710 911 3765 mihi
966 3721 1228 3780 quantam
1274 3727 1472 3780 passus
1516 3712 1618 3765 sim
1654 3710 1911 3779 iniuriam

306 3802 513 3856 divina
566 3800 916 3857 Providentia
977 3811 1036 3856 ut
1079 3802 1129 3856 id
1163 3802 1402 3858 facerem
1452 3817 1776 3857 anticessum
1823 3800 1913 3867 sit,

311 3897 425 3966 qui
464 3895 574 3949 hoc
608 3894 728 3963 ipso
763 3893 906 3963 quod
941 3909 1064 3948 cum
1100 3910 1163 3948 eo
1191 3895 1376 3950 luctati
1437 3894 1742 3965 periculum
1783 3893 1916 3948 feci-

314 3989 457 4046 stis.
488 3986 841 4042 manifestnm
889 3985 1247 4041 dicendorum
1287 3995 1671 4057 argumentum
1715 3999 1919 4055 praece-

321 4079 524 4150 pistis,
576 4093 682 4131 non
736 4076 1031 4131 admodum
1084 4077 1216 4129 mihi
1250 4076 1441 4130 videor
1491 4090 1785 4145 operosum
1826 4083 1919 4129 aut

308 4169 539 4236 alioqui
602 4167 886 4221 molestum
940 4165 1183 4220 futurum
1238 4166 1393 4221 vobis
1456 4166 1564 4221 tale
1641 4177 1921 4221 certamen

312 4273 612 4326 aggressa.
667 4257 813 4312 Satis
858 4257 1119 4311 enimcst
1172 4257 1319 4311 brevi
1383 4259 1615 4327 quadam
1675 4258 1921 4313 oratione

313 4348 702 4421 percurrisse,
730 4355 785 4401 et
814 4347 1076 4401 duntaxat
1105 4346 1158 4401 in
1194 4347 1516 4401 metnoriam
1564 4347 1719 4403 vobis
1764 4361 1922 4402 revo-

311 4450 513 4497 casse,
542 4449 683 4505 quas
744 4434 876 4488 mihi
919 4434 1059 4489 solet
1108 4435 1366 4488 vitiorum
1426 4435 1820 4505 impressiones
1864 4443 1922 4491 et

310 4525 662 4583 occasiones
712 4524 996 4590 exhibere,
1031 4524 1264 4595 indeque
1319 4535 1379 4580 ut
1432 4524 1686 4596 suﬂragia
1732 4525 1924 4581 feratis

311 4619 643 4689 postulare.
675 4619 864 4689 Itaque
897 4619 1179 4687 paululum
1214 4628 1400 4673 vestro
1444 4618 1499 4673 in
1533 4620 1701 4674 rebus
1723 4618 1924 4675 divinis

2005 3144 2192 3190 contra
2221 3151 2308 3190 me
2341 3135 2525 3198 audet,
2573 3134 2705 3188 nihil
2747 3135 3152 3189 incommodius
3208 3132 3416 3190 factura
3453 3132 3587 3189 mihi

2007 3228 2216 3290 videor,
2248 3228 2292 3281 si
2338 3228 2500 3297 paulo
2526 3227 2692 3282 altius
2723 3227 2939 3281 initium
2968 3241 3207 3281 sumam.

2080 3318 2215 3388 Ego,
2256 3319 2354 3372 viri
2390 3319 2718 3383 beatissimi,
2752 3333 2951 3385 genere
2975 3318 3160 3373 divina
3182 3332 3329 3380 sum,
3355 3326 3410 3372 et
3437 3331 3473 3371 e'
3496 3332 3587 3369 su.

2008 3425 2175 3481 perna
2223 3410 2312 3464 illa
2361 3409 2531 3464 nobili
2567 3410 2820 3479 prosapia
2878 3408 3146 3478 originem
3189 3410 3345 3474 duxi,
3379 3418 3438 3461 ut
3467 3424 3593 3477 qum

2012 3502 2116 3558 sim
2149 3502 2242 3556 Dei
2269 3503 2605 3573 spiraculum
2632 3508 2685 3555 et
2713 3501 2892 3570 imago
2918 3499 3199 3570 primaria,
3230 3498 3590 3566 omniumque

2013 3603 2351 3649 terrenorum
2375 3592 2582 3662 regina;
2616 3606 2725 3645 non
2760 3590 2905 3645 enim
2935 3588 3003 3643 de
3039 3604 3125 3643 me
3156 3589 3272 3642 hac
3306 3588 3595 3657 magnifice

2015 3684 2309 3753 praedicare
2340 3684 2588 3743 verebor,
2623 3690 2834 3736 tantum
2869 3696 2935 3735 ne
2960 3686 3237 3735 ostentare
3264 3693 3382 3732 mea
3408 3678 3597 3730 videar

2016 3777 2159 3847 apud
2190 3791 2287 3831 vos
2315 3775 2521 3845 alioqui
2562 3775 2930 3844 magniloqua,
2981 3772 3076 3840 qui
3122 3770 3295 3841 probe
3323 3769 3495 3825 nostis
3530 3784 3595 3823 ac

2018 3868 2073 3923 in
2107 3869 2315 3923 honore
2346 3883 2519 3922 meam
2556 3865 2827 3920 habuistis
2861 3864 3229 3932 coluistisque
3258 3862 3590 3934 dignitatum

2019 3961 2452 4031 amplitudinem.
2523 3959 2819 4029 PoStquam
2867 3958 3013 4013 enim
3084 3957 3177 4012 illa
3249 3972 3371 4026 qua:
3422 3954 3598 4010 nostri

2019 4053 2339 4124 primarium
2382 4050 2658 4121 exemplar
2696 4059 2778 4105 est
2812 4050 3051 4113 bonitas,
3085 4048 3152 4102 ad
3206 4049 3344 4103 bene
3391 4046 3601 4101 facien-
3670 4056 3673 4057 '
3740 4068 3745 4075 ·

2021 4144 2147 4197 dum
2174 4158 2274 4198 suo
2306 4142 2527 4213 ingenio
2546 4152 2693 4212 apta,
2719 4143 2983 4196 mundum
3008 4141 3395 4210 intelligentem
3420 4149 3471 4192 et
3496 4138 3601 4191 sub

2023 4236 2437 4307 intelligentiam
2463 4236 2772 4297 cadentem.
2797 4235 3006 4303 hocque
3030 4234 3228 4288 cmlum
3257 4232 3600 4289 universum.

2026 4342 2081 4388 et
2109 4346 2344 4402 quorum
2382 4345 2549 4395 capax
2574 4329 2769 4383 C(Bitltn
2808 4336 2909 4393 est,
2946 4325 3270 4396 procreavit,
3303 4323 3517 4377 tandem
3549 4321 3603 4372 ii

2026 4422 2407 4493 compendium
2439 4418 2697 4483 contulit,
2755 4417 2809 4471 in
2842 4430 3118 4484 unamque
3157 4411 3606 4481 temperationem

2027 4525 2081 4572 et
2122 4516 2459 4569 molitionem
2510 4513 2659 4565 velut
2707 4510 2761 4563 in
2795 4516 3078 4579 ,crateretn
3138 4505 3427 4576 quemdam
3474 4520 3606 4558 con-

2032 4608 2195 4664 traxit
2233 4622 2344 4661 rem
2389 4621 2553 4657 uuam
2600 4600 2751 4655 omni
2799 4614 2997 4670 genere
3045 4614 3224 4651 rerum
3275 4597 3515 4657 mistam,
3560 4600 3613 4646 c-t

2033 4700 2494 4768 multipotcntetn,
2553 4693 2605 4747 id
2658 4692 2925 4745 nimirum
2967 4691 3112 4758 quo]
3172 4697 3225 4742 et
3286 4687 3507 4749 dicitur,
3560 4693 3613 4736 et

2034 4803 2118 4850 est
2149 4794 2333 4847 homo.
2373 4790 2509 4844 [line
2541 4802 2641 4858 ego
2685 4784 2997 4849 intelligens
3033 4793 3085 4837 et
3111 4782 3454 4848 Ennmortalis
3487 4795 3614 4834 eum

2035 4886 2224 4942 sensili
2278 4895 2332 4939 et
2364 4880 2583 4937 mortali
2638 4878 2888 4947 colligata
2925 4890 3069 4938 sum,
3115 4883 3168 4925 et
3218 4872 3460 4926 caelestis
3489 4889 3615 4926 cum

2039 4990 2256 5036 terreno
2292 4975 2564 5047 copulata,
2609 4980 2663 5026 et
2689 4986 2811 5025 cum
2842 4966 3038 5023 ancilla
3071 4967 3199 5020 hera
3231 4983 3249 5031 ;
3282 4965 3618 5033 quibusnam

2040 5070 2349 5127 rationibus
2378 5068 2449 5122 ita
2482 5066 2592 5120 Deo
2623 5064 2794 5118 visunt
2838 5061 3060 5124 nescio;
3096 5058 3345 5112 fortassis
3373 5068 3429 5111 ut
3457 5060 3620 5110 ambo

2041 5165 2206 5221 simul
2244 5166 2436 5219 eodem
2467 5161 2533 5215 ad
2567 5156 2741 5211 ull‘teia
2777 5153 2993 5207 virtutis
3017 5151 3470 5217 exerceudajugo
3507 5149 3620 5198 lue-

2043 5256 2220 5311 rentia
2256 5250 2763 5321 eonspirautiaque,
2832 5244 3059 5299 alterius
3118 5244 3349 5296 alterum
3424 5248 3620 5290 natura

2046 5352 2389 5411 fruerentur;
2455 5343 2611 5404 illud,
2665 5335 3147 5409 utpraastautiuiis
3216 5330 3625 5397 conspiratione

2050 5441 2416 5499 nobilitatum,
2441 5446 2493 5489 et
2522 5428 3023 5488 communicatione
3053 5439 3177 5477 cum
3207 5419 3504 5476 immortali
3534 5418 3634 5472 du-

2054 5542 2288 5605 gustata,
2319 5524 2783 5582 immortalitatem
2830 5514 3290 5588 superindueret:
3332 5525 3434 5583 ego
3486 5511 3635 5567 hanc

311 4711 778 4779 t'Ortlemplattdis
836 4711 1157 4766 intermisso
1208 4710 1415 4777 studio,
1459 4710 1644 4764 audite
1696 4725 1803 4775 me,
1829 4725 1927 4780 per

314 4812 560 4858 vestros
588 4818 687 4857 vos
720 4804 985 4869 obtestor,
1025 4802 1244 4856 virtutis
1268 4817 1400 4871 ergo
1427 4810 1482 4856 et
1504 4802 1705 4856 multos
1731 4810 1785 4856 et
1811 4816 1930 4857 ma-

315 4909 483 4970 gnos
518 4894 769 4961 sudores,
819 4901 874 4948 et
910 4894 1108 4964 jurene
1162 4910 1345 4950 meum
1397 4908 1598 4964 corpus
1631 4894 1929 4963 reprehen-

314 4987 496 5050 dam,
532 4998 731 5051 necne,
761 4994 823 5038 ut
845 4985 1035 5040 arbitri
1067 4984 1283 5055 judices
1309 4983 1570 5052 judicate,
1604 5000 1672 5039 ne
1703 4984 1933 5054 posthac

314 5080 493 5133 inter
526 5090 629 5130 nos
666 5074 1034 5130 dissidcamus
1059 5087 1224 5146 atque
1258 5075 1634 5130 discordemus
1665 5091 1682 5131 :
1713 5073 1810 5129 sed
1854 5074 1937 5128 iu-

315 5168 663 5236 telligamus
713 5184 897 5226 utrum
926 5178 1177 5223 nostrum
1211 5167 1447 5222 alterum
1484 5165 1680 5222 alliciat
1708 5165 1934 5236 injuria.

317 5262 513 5324 Nam,
551 5266 698 5331 quod
733 5262 1101 5319 miserabilius
1131 5270 1238 5327 est,
1268 5270 1467 5328 praeter
1507 5260 1758 5315 convicia
1807 5258 1934 5329 qui-

322 5358 464 5410 bus
496 5354 828 5413 insolentius
878 5356 933 5411 in
982 5369 1069 5409 me
1120 5352 1512 5414 debacchatur,
1549 5353 1714 5407 etiam
1744 5366 1935 5406 eorum

315 5460 482 5517 quae
533 5449 809 5503 immerito
863 5448 1192 5516 indigneque
1243 5446 1444 5515 patior,
1520 5460 1605 5498 tne
1658 5454 1938 5499 auctorem

320 5552 697 5611 causamque
734 5539 913 5598 facere
959 5556 1069 5598 non
1098 5548 1339 5596 veretur.
1377 5535 1496 5592 iam
1534 5552 1661 5592 vero
1691 5551 1942 5608 progres-

430 5749 447 5779 ¹
490 5745 527 5802 Π
548 5765 645 5801 ε-ιιι.
675 5762 768 5811 t’tt,
789 5747 877 5799 55.
