3884 6204
487 314 599 382 963

1699 302 2076 366 GllEGOllll
2118 301 2436 363 ΡΜΛΜΕ

3565 307 3648 372 ιιι

493 442 618 483 cum
655 421 915 481 deteriori
956 417 1319 489 copulatione,
1348 426 1603 483 tanquam
1647 414 1803 482 cippo
1842 410 2055 471 rctleitu,
2094 424 2130 472 Α
2162 410 2252 476 qui
2280 410 2441 477 Ipiam
2470 418 2647 462 titt‘liit:
2674 407 3174 477 d'guum,tnihique
3197 411 3449 480 proprium
3469 418 3647 481 emet”,

496 515 708 572 modice
728 517 791 568 de
815 529 901 566 me
935 506 1241 568 sentiendo,
1272 514 1327 560 et
1359 504 1683 574 gloriatione
1712 503 1777 555 tle
1811 500 2063 568 imaginis

493 607 756 677 dignitate
808 599 1109 657 cohibenda
1160 596 1612 663 remittendaque,
1644 605 1696 649 et
1725 610 1830 645 non
1872 608 2066 659 super-

408 712 411 713 '
500 697 717 755 biendo,
749 704 800 747 et
844 708 872 746 a
910 692 1039 756 Deo,
1087 700 1145 743 ut
1183 687 1390 758 primus
1449 684 1686 749 Lucifer,
1743 684 2063 743 deiicienda,

500 787 592 842 sed
622 783 802 853 potius
850 779 1122 834 humiliter
1168 788 1222 833 et
1264 775 1503 831 demisse
1540 774 1644 829 sub
1687 773 1807 843 ejus
1843 787 2062 825 manum

502 876 729 928 validam
779 887 865 925 me
909 868 1268 939 subiiciendo,
1316 867 1389 922 ita
1438 865 1551 921 Deo
1584 865 2064 930 adhmrcretnego,

501 963 888 1030 mibitorpus;
922 976 1098 1027 neque
1129 958 1384 1029 pusillum
1415 956 1632 1027 quidem
1668 966 1761 1009 aut
1785 967 1888 1024 ego
1925 966 1956 1005 a
1987 951 2069 1004 vi-

502 1064 611 1108 tam
647 1061 936 1122 prmstunte
957 1066 1143 1114 causa,
1173 1059 1266 1104 aut
1294 1050 1400 1105 hoc
1427 1064 1457 1103 a
1483 1064 1566 1102 tne
1598 1047 1872 1101 animante
1901 1043 2069 1097 abdu-

504 1156 740 1201 ceretur.
792 1145 930 1200 lstas
990 1143 1229 1197 rationes
1289 1142 1501 1211 opificis
1548 1147 1906 1208 reputantes,
1960 1150 2067 1189 non

507 1237 675 1290 linum
709 1235 837 1297 lino,
867 1235 957 1288 sed
1004 1248 1217 1301 semper
1251 1248 1308 1285 se
1336 1218 1638 1284 moventem
1682 1242 1805 1283 cum
1854 1225 2078 1279 aliunde

508 1337 676 1391 moto,
712 1336 764 1380 et
795 1324 1095 1394 simplicem
1138 1339 1260 1376 cum
1290 1322 1479 1390 juncto
1527 1320 1854 1389 permiscent
1889 1329 1937 1370 et
1972 1317 2072 1368 im-

510 1417 880 1488 plicant,quid
914 1416 1058 1469 enim
1085 1415 1153 1467 ab
1183 1412 1290 1466 illis
1317 1413 1727 1465 innuntcrarmn
1757 1423 1937 1463 rerum
1966 1421 2063 1474 po-

510 1509 751 1563 tentibus
779 1505 1026 1561 connecti
1060 1504 1325 1573 nequeat?
1361 1505 1437 1557 Ac
1480 1518 1599 1571 qua:
1643 1501 1712 1554 ab
1742 1500 1861 1570 ipso
1889 1500 2071 1554 statim

508 1607 632 1651 ortu
666 1596 1008 1651 incommoda
1042 1597 1241 1658 subivi,
1275 1610 1380 1647 non
1412 1603 1495 1648 est
1522 1590 1979 1661 hujus\tcmporis
2008 1590 2075 1645 de

513 1689 600 1744 his
628 1686 921 1757 tragmdias
951 1687 1259 1751 excitasse;
1295 1696 1505 1739 tantum
1553 1683 1678 1737 date
1728 1682 1863 1736 mihi
1917 1690 1976 1736 ut
2012 1695 2072 1735 ea

513 1781 703 1851 paucis
731 1778 1035 1847 deplorcm.

512 1984 529 2007 ι
584 1957 755 2013 Simul
792 1972 854 2010 ae
888 1970 1009 2010 cum
1048 1956 1149 2006 hoc
1180 1952 1401 2006 mortali
1440 1951 1643 2015 coalui,
1677 1966 1741 2006 ac
1784 1959 2076 2019 antequam

514 2049 657 2103 fetus
682 2049 846 2099 vitam
881 2044 1107 2113 accepit,
1141 2041 1194 2096 in
1232 2052 1388 2095 mero
1418 2054 1543 2094 cum
1590 2041 1803 2108 sepulto
1853 2054 1960 2093 una
1989 2052 2078 2093 se-

516 2141 700 2209 pelita,
741 2148 793 2191 ct
826 2136 1050 2190 velutin
1083 2134 1283 2202 duplici
1327 2133 1609 2202 spelunca.
1661 2132 1809 2186 Sara:
1851 2141 2080 2186 mortua:

515 2231 746 2284 cadaver
779 2227 1050 2280 Abraham
1102 2222 1366 2292 sepelivit,
1398 2224 1468 2277 ita
1501 2233 1555 2275 et
1583 2223 1701 2292 ipsa
1730 2223 1933 2292 duplici
1968 2236 2085 2276 mo-

518 2326 776 2375 numento
815 2316 1086 2380 iniodior;
1116 2329 1238 2367 nam
1269 2329 1332 2369 ex
1354 2314 1660 2383 sapientum
1702 2313 1989 2373 sententia,
2036 2312 2083 2366 si

516 2426 716 2480 corpus
745 2417 827 2464 est
874 2422 1053 2461 meum
1108 2407 1445 2474 sepulcrum,
1471 2405 1523 2457 id
1559 2419 1689 2457 vero
1729 2404 1783 2457 in
1817 2414 1972 2458 utero
2002 2414 2086 2457 tu-

520 2502 776 2564 mutatur,
814 2496 1006 2569 quidni
1055 2493 1257 2565 duplici
1308 2493 1508 2559 loculo,
1576 2494 1684 2547 fetu
1745 2508 1907 2562 quem
1966 2507 2085 2546 em-

526 2595 936 2663 brymtVncant,
970 2596 1023 2642 et
1074 2600 1231 2641 utero
1285 2586 1661 2657 consepelior!
1722 2586 1943 2640 Talibus
2002 2598 2087 2639 me

518 2684 802 2752 complexu
845 2695 943 2733 suo
992 2680 1229 2748 primum
1289 2685 1564 2741 receptam
1617 2683 1672 2729 et
1722 2674 2084 2744 amplexatam

521 2775 756 2829 amicum
788 2785 988 2840 corpus
1012 2769 1215 2837 exeipit
1245 2766 1598 2822 humanitatis
1632 2765 1855 2832 ciliciis;
1891 2765 2087 2819 talibus

525 2865 774 2936 hospitiis
806 2873 860 2917 et
887 2861 1181 2919 imderibus
1204 2860 1528 2928 prehensam
1554 2857 1774 2926 accipit.
1802 2856 1934 2922 Qure
1960 2868 2086 2909 vero

523 2958 750 3027 posthac
798 2949 1136 3007 succedunt?
1183 2961 1461 3017 germana,
1500 2958 1562 2999 ut
1595 2947 1769 3011 aiunt,
1809 2955 1866 2999 et
1900 2945 2087 2998 eodem

524 3048 706 3099 colore
729 3050 1084 3102 contacta,ex
1101 3039 1399 3107 eademque
1448 3046 1564 3091 arte
1612 3036 1818 3104 iiglina,
1848 3035 1964 3089 sive
1993 3049 2087 3088 na-

528 3148 649 3190 tura
693 3135 945 3200 fingente.
976 3129 1127 3183 lllinc
1152 3128 1298 3181 enim
1320 3129 1477 3199 quasi
1505 3142 1536 3182 e
1566 3131 1777 3180 tumqu
1798 3124 2085 3196 'prodenn-

528 3240 609 3282 tes
633 3236 740 3279 una
783 3224 1001 3293 sepulti,
1037 3220 1254 3274 uterino
1298 3217 1515 3289 quidem
1556 3217 1809 3288 sepulcro
1835 3215 2088 3282 defungi-

490 3325 687 3376 ‘mur:
720 3332 819 3388 ego
855 3331 981 3370 vero
1037 3315 1086 3367 in
1135 3326 1394 3383 corporeo
1420 3311 1720 3365 etiamnum
1753 3310 1946 3364 insisto
1974 3307 2085 3363 hae-

527 3418 748 3478 reoque‘.
806 3409 976 3475 Atque
1022 3404 1182 3459 veluti
1247 3404 1489 3472 ejusdem
1558 3402 1681 3456 vita:
1742 3400 1884 3455 facta
1947 3401 2088 3454 inter

530 3505 759 3556 miseros
811 3495 1169 3565 coemptione,
1214 3495 1589 3548 calamitosum
1641 3490 1806 3545 vitam
1865 3491 2089 3544 inchoa-

528 3606 649 3647 mus
674 3607 689 3657 ;
737 3596 837 3643 nec
870 3586 1118 3641 laetamur
1148 3589 1302 3654 quasi
1344 3600 1374 3636 a
1403 3582 1643 3637 tenebris
1673 3581 1727 3634 itt
1759 3582 1937 3635 lucem
1965 3595 2091 3634 eru-

529 3682 791 3754 perimus,
823 3687 877 3734 et
909 3693 1096 3732 auram
1145 3676 1359 3731 vitalem
1413 3673 1715 3738 trahamus,
1770 3683 1823 3727 et
1887 3671 2088 3725 almum

528 3775 700 3831 solem
745 3771 1153 3842 amplexeinur;
1187 3781 1361 3836 neque
1390 3764 1595 3819 circum
1641 3762 1957 3834 genitricem
1998 3777 2097 3817 ex-

530 3866 801 3922 saltantes
848 3861 1187 3922 lascivitnus,
1222 3865 1279 3910 ut
1308 3857 1457 3927 agni,
1494 3855 1675 3922 vituli,
1721 3855 1931 3909 hinnuli
1986 3857 2092 3908 cir-

529 3973 655 4015 cum
721 3962 943 4016 matres,
1001 3952 1095 4005 sed
1130 3950 1281 4015 illud,
1317 3964 1440 4002 cum
1492 3964 1557 4002 cx
1600 3948 1729 4002 locis
1791 3945 2095 4002 calentibus

531 4057 755 4118 repente
785 4045 837 4099 ln
874 4057 1054 4097 aerem
1093 4040 1345 4111 frigidum
1377 4039 1645 4101 incurrat,
1681 4054 1746 4092 ex
1787 4047 2094 4092 commuta-

530 4140 680 4195 tione
729 4135 966 4205 angitur,
1002 4143 1057 4187 et
1106 4131 1537 4187 acriori‘dolore
1563 4128 1908 4184 conﬂictatur
1941 4141 1957 4183 :
1993 4142 2094 4197 ego

531 4246 662 4286 vero
683 4226 1062 4298 aegritudinum
1094 4224 1415 4278 acerbat-um
1444 4237 1711 4276 consensu
1740 4220 1857 4289 ipsa
1880 4234 2097 4287 quoque

533 4323 770 4378 crucior.
798 4320 938 4374 llinc
976 4325 1031 4371 et
1057 4316 1290 4382 eiulatus
1336 4312 1596 4367 natalitiis
1622 4313 1877 4365 cantibus
1909 4326 1970 4363 ex
2003 4313 2098 4363 alt-

2171 503 2392 554 Ιιιιιιιίιιιι
2428 501 2642 571 gurgite
2680 502 2957 555 immersa.

2242 671 2440 725 Yet-um
2482 672 2767 728 enimvero
2816 662 2951 739 hmo,
3000 680 3216 731 tametsi
3256 678 3442 749 alioqui
3483 683 3652 750 misera,

2170 763 2474 816 tolerabilia
2495 773 2694 827 tmuen,
2725 775 2780 817 et
2804 767 2987 835 qualia
3011 783 3170 821 nemo
3195 767 3314 837 jure
3342 774 3653 841 reprehendat,

2171 862 2227 905 ut
2257 868 2377 922 qum
2408 863 2617 908 naturae
2648 854 2877 923 legibus,
2904 868 2957 911 et
2985 857 3212 927 originis
3244 859 3486 917 immutab
3508 865 3535 917 li
3555 868 3658 923 serie

2169 943 2617 1013 eonncxioncque
2640 947 3010 1014 guberncntnr
3056 966 3070 1003 :
3108 950 3238 1004 illud
3285 954 3526 1021 mEserius,
3553 958 3660 1023 quod

2170 1051 2237 1089 ex
2277 1035 2531 1090 amcntia=
2585 1035 2753 1092 fundo
2808 1051 3036 1095 enatans
3090 1043 3397 1111 aliquando,
3427 1060 3475 1101 et
3503 1049 3660 1104 lumine

2171 1125 2401 1181 rationis
2432 1127 2698 1183 inclinans
2739 1129 3125 1200 circumfundi,
3171 1138 3434 1203 corporeis
3464 1140 3664 1193 membris

2172 1218 2239 1272 ad
2276 1219 2652 1287 perfectiorem
2680 1230 2885 1276 statum
2911 1227 3345 1292 procedentibus,
3378 1245 3540 1299 neque
3578 1242 3664 1286 lum

2174 1308 2332 1378 plane
2362 1325 2491 1378 pure
2522 1310 2791 1365 dementia
2816 1314 3118 1383 tlerngnrz
3150 1322 3565 1387 quemadmodum
3590 1340 3666 1379 nec

2173 1414 2235 1453 ex
2281 1398 2568 1465 ebriezate,
2605 1403 2687 1454 νιιί
2716 1418 2911 1467 sopore
2938 1408 3113 1474 gravi,
3166 1408 3246 1462 vel
3292 1419 3493 1465 veterno
3512 1427 3668 1467 conra-

2178 1495 2440 1546 iesccntes
2466 1491 2750 1562 Vi-rtigine,
2783 1505 2878 1548 aut
2907 1498 2976 1548 oh
3016 1499 3208 1551 oculos
3257 1500 3442 1554 oifusis
3477 1502 3665 1557 tenebris

2176 1574 2328 1628 illinc
2355 1576 2496 1629 natis
2529 1579 2578 1629 in
2606 1586 2779 1632 totum
2822 1580 3007 1634 statim
3052 1594 3431 1653 repnrgantnr.
3457 1585 3671 1643 Caterqu

2180 1666 2341 1720 hasce
2373 1670 2658 1723 dementia:
2691 1669 2860 1725 malas
2908 1682 3082 1728 sortes
3130 1685 3187 1728 et
3217 1664 3440 1745 teinpus,
3464 1687 3511 1732 et
3529 1694 3672 1747 perce-

2108 1761 2147 1815 Β
2178 1759 2289 1826 ptio
2313 1759 2721 1829 disciplinarum
2741 1763 2966 1817 abradat
3012 1779 3040 1816 a
3077 1775 3275 1830 mente,
3294 1777 3347 1820 et
3372 1769 3612 1824 scientiam
3630 1788 3674 1825 ac

2180 1850 2523 1918 prudentiam
2548 1852 2843 1922 iuscnlpat,
2871 1856 2964 1909 sed
3001 1856 3351 1926 imperiosam
3375 1860 3585 1915 altricem
3613 1862 3673 1915 la-

2179 1944 2456 2007 cultatctn,
2479 1954 2533 1998 et
2562 1954 2818 2012 perpetua
2855 1934 3104 2001 cibdrum
3128 1959 3182 2001 et
3217 1959 3429 2018 potunm
3457 1955 3674 2021 quotid'a-

2183 2047 2374 2087 norum
2403 2037 2561 2103 quasi
2592 2034 2925 2090 tributorum
2973 2053 3166 2106 pensa,
3200 2056 3422 2110 quaeque
3456 2043 3562 2096 inde
3579 2043 3674 2096 mihi

2182 2123 2426 2179 adversae
2445 2123 2735 2182 facultates
2768 2129 2837 2181 ab
2862 2129 2950 2182 illa
2980 2131 3322 2198 nutriuntur,
3351 2135 3679 2203 (ιοιιιιιιιιῐεικιιιι⁸

2181 2225 2289 2271 teni
2316 2225 2368 2270 et
2398 2216 2742 2283 irascentem,
2775 2222 3051 2289 quodnam
3088 2233 3302 2293 tempus
3330 2236 3421 2279 aut
3454 2242 3556 2295 qua:
3604 2231 3673 2278 do-

2182 2309 2358 2361 ctrina
2407 2308 2630 2362 omnino
2662 2312 2937 2366 remittere
2983 2324 3298 2371 eVerIereve
3331 2318 3681 2387 possitiharum

2183 2398 2493 2453 servitutem
2520 2401 2641 2469 quis
2670 2403 2981 2458 excussisse
2995 2407 3305 2475 glorietur?
3333 2409 3458 2477 Quis
3486 2426 3681 2465 vorarent

2187 2488 2674 2559 inexplebilemque
2698 2503 2963 2557 ventrem,
2992 2503 3047 2550 et
3087 2497 3275 2565 gulam
3300 2497 3684 2568 furentem,jeju-

2188 2579 2261 2633 nii
2291 2580 2479 2650 lupato
2501 2590 2556 2634 et
2584 2583 2739 2636 freno
2783 2586 3136 2641 continentiae
3166 2589 3284 2644 sine
3304 2592 3448 2646 vobis
3466 2593 3682 2653 cohibeat.

2184 2672 2277 2742 qui
2308 2684 2514 2726 natura:
2545 2683 2949 2743 contemptores
2975 2679 3241 2735 inusitata
3266 2683 3527 2750 prudentia
3551 2685 3688 2738 estis?

2189 2773 2243 2817 ct
2270 2763 2363 2833 qni
2386 2764 2677 2820 collatione
2697 2780 2821 2821 cum
2854 2770 3088 2837 angelis,
3118 2773 3431 2828 tnurtalibns
3453 2791 3639 2843 corpust
3673 2803 3689 2814 -

2193 2853 2259 2911 lis
2302 2853 2506 2915 induti,
2534 2864 2591 2909 et
2622 2856 2733 2924 jam
2773 2859 3020 2912 divorum
3070 2870 3269 2917 natura
3312 2865 3590 2932 superiores
3621 2880 3690 2913 rus

2194 2946 2368 3013 palam
2423 2957 2766 3014 praestantes,
2795 2950 2931 3004 nihil
2992 2954 3118 3007 novi
3173 2958 3347 3019 eSt,si
3399 2960 3537 3026 longe
3564 2973 3686 3024 supra

2193 3050 2392 3105 corpus
2446 3038 2792 3095 evolat-eritis
2837 3052 2943 3097 :ut
2986 3043 3087 3099 hac
3153 3048 3289 3102 mihi
3345 3048 3450 3104 sint
3492 3050 3689 3104 oratiuue

2192 3134 2381 3181 vestra:
2417 3143 2504 3183 res
2539 3131 2858 3187 eximendaa.
2889 3133 3229 3192 Caeterormn
3276 3151 3447 3194 autem
3475 3142 3554 3208 qui
3582 3154 3690 3191 uu.c

2188 3220 2445 3276 mortales
2469 3222 2632 3276 vitam
2658 3222 2883 3293 degunt,
2910 3228 3081 3296 quisa
3105 3231 3484 3301 cupiditatibus
3502 3233 3688 3300 alioquin

2187 3309 2402 3364 alienus
2431 3311 2722 3368 irascentis
2759 3315 2926 3369 anitui
2958 3316 3237 3374 fremitum
3261 3323 3690 3390 compescanqms

2190 3400 2270 3453 vel
2303 3400 2583 3469 sapientia:
2616 3405 2913 3472 sapientior
2967 3408 3037 3461 ita
3071 3411 3172 3474 sit,
3213 3423 3275 3465 ut
3304 3413 3562 3481 cupiditati
3588 3412 3691 3463 tutu-

2189 3487 2426 3544 loininus
2450 3506 2611 3560 quam
2635 3493 3165 3563 aspis,tnortiierutn
3192 3515 3450 3554 vencmnn
3464 3501 3690 3568 jaf'lllattlb

2190 3588 2246 3634 et
2294 3581 2360 3634 ad
2418 3584 2822 3651 praecantricein
2872 3601 3056 3641 vocem
3099 3590 3424 3646 obstinatius
3485 3590 3692 3645 obsurde-

2191 3670 2362 3725 scenti
2389 3671 2710 3727 medeatur?
2739 3684 2833 3729 aut
2880 3680 3033 3746 quasi
3083 3694 3181 3735 vas
3216 3682 3342 3736 illud
3373 3683 3630 3738 electionis,
3655 3687 3692 3727 ut

2192 3767 2434 3836 viperam
2483 3768 2943 3826 adinerescentcm
2979 3775 3264 3829 excutiat?
3294 3778 3412 3846 quis
3451 3776 3695 3837 evangelii-.2

2196 3859 2512 3926 progenitus
2566 3870 2621 3916 et
2650 3862 2936 3927 educatus,
2971 3868 3431 3934 quemadmodum
3458 3866 3639 3920 Azarias
3658 3873 3697 3913 et

2195 3948 2333 4003 socii
2371 3949 2558 4018 puelli,
2612 3968 2719 4006 non
2769 3954 2937 4008 coluit
2982 3971 3377 4026 ιοΐρυιίιιτιιω
3425 3949 3697 4025 voluptatum

2195 4042 2461 4096 asseclam
2522 4044 2842 4112 locupletem
2894 4056 2948 4101 et
2996 4050 3381 4116 pecuniosum,
3432 4059 3484 4102 ut
3516 4047 3578 4101 illi
3617 4062 3642 4096 ιι
3674 4059 3697 4093 ιι

2195 4130 2481 4185 coluerint
2511 4147 2575 4186 ex
2606 4147 2742 4187 auro
2775 4143 2829 4187 ct
2870 4142 3118 4205 argento,
3150 4154 3260 4192 tere
3300 4150 3354 4192 et
3397 4137 3526 4193 ferro
3547 4150 3695 4186 manui.

2196 4221 2399 4275 factum
2458 4222 2853 4279 simulacrum?
2892 4225 3046 4291 Quis,
3106 4238 3166 4281 ut
3217 4229 3404 4297 paucis
3451 4226 3695 4280 abSult'aut.

2196 4313 2401 4368 ventris
2443 4313 2726 4396 ingluviei,
2775 4315 3150 4382 scortatiunis,
3218 4317 3455 4372 avaritia:
3505 4322 3696 4368 catenam

528 4428 695 4475 ,verso
724 4409 1136 4479 respondentes,
1169 4417 1222 4459 et
1254 4405 1496 4471 undique
1523 4402 1886 4457 devincientes
1913 4402 2093 4457 fasciae
2118 4416 2172 4477 ι)
2199 4405 2438 4469 divulsit,
2452 4422 2548 4460 nec
2568 4407 2633 4461 iis
2653 4406 2789 4461 inter
2807 4423 2865 4462 se
2886 4409 3128 4463 funiculo
3158 4410 3359 4479 triplici
3385 4410 3633 4475 iungimur.
3658 4409 3697 4448 rt

529 4516 588 4561 et
620 4502 1020 4559 cunabulorum
1063 4497 1299 4561 vincula,
1351 4493 1746 4566 sepulcralibus
1791 4494 2099 4564 ligamentis

532 4602 787 4663 cognata,
812 4589 1070 4644 etlectuti
1109 4602 1204 4641 seu
1229 4601 1404 4651 cunae,
1443 4583 1667 4639 evidens
1693 4585 1872 4654 imago
1912 4598 2102 4637 monu-

533 4686 726 4747 menti,
752 4695 809 4737 ut
843 4682 969 4735 hinc
992 4681 1153 4749 etiam
1181 4676 1314 4755 mihi
1342 4675 1603 4730 molestia
1624 4674 2097 4743 conduplicentur,

532 4777 792 4835 Secundis
827 4775 911 4829 his
958 4771 1090 4827 mihi
1140 4780 1261 4840 post
1317 4771 1488 4839 prima
1526 4767 1757 4822 vinculis
1788 4768 2096 4836 impositis;

533 4885 642 4925 non
667 4867 811 4924 enim
848 4881 876 4919 a
919 4865 1261 4935 sapientibus
1296 4859 1510 4929 illepide
1561 4860 1744 4913 multis
1781 4857 2100 4930 appellatio-

534 4961 698 5014 nibus
734 4966 784 5011 ct
824 4956 1128 5025 coniugatis
1172 4953 1226 5006 id
1282 4961 1527 5013 vocatur,
1559 4951 1890 5019 sepuICrum,
1917 4960 2101 5003 custo-

531 5050 643 5115 dia,
677 5049 926 5111 amictus,
970 5052 1400 5105 monumentum,
1422 5041 1589 5112 δέμας
1614 5041 1765 5108 παρὰ
1791 5040 1878 5092 τὸν
1907 5037 2102 5108 δεσμόν

533 5145 591 5218 (a
621 5140 930 5208 vinciendo)
945 5146 1024 5199 ,‘et
1047 5134 1478 5197 tabernaculum;
1508 5134 1652 5200 quod
1679 5132 1733 5184 in
1760 5145 1827 5185 co
1850 5139 2100 5199 tanquam

533 5239 592 5293 in
624 5234 845 5290 taberna
873 5230 941 5285 de
972 5232 1055 5281 via
1096 5228 1401 5280 diversctur
1427 5238 1442 5277 :
1467 5223 1660 5276 deinde
1681 5222 1761 5275 sic
1791 5222 1922 5275 illud
1948 5221 2102 5275 colli-

530 5339 741 5401 gntum,
768 5324 905 5377 lacte
934 5318 1194 5378 nutritur,
1224 5325 1272 5369 et
1302 5314 1505 5369 Sensim
1534 5320 1794 5381 augetur;
1827 5325 1925 5379 ego
1953 5325 2101 5374 vero,

535 5398 795 5483 ianqnam
830 5409 997 5463 ﬂuvio
1030 5406 1316 5460 faeculento
1368 5402 1579 5456 cuidam
1608 5399 1836 5469 illigata,
1872 5399 1997 5453 huic
2026 5398 2107 5452 in-

538 5511 713 5561 valido
746 5503 1043 5570 (lebilique,
1085 5507 1138 5551 ct
1184 5496 1328 5549 fluxu
1363 5503 1619 5561 perpetuo
1648 5491 1887 5544 inilucnti
1938 5503 2104 5560 a'qtte

533 5597 795 5661 elllurnli,
828 5593 1302 5660 velutisubmersa
1353 5587 1642 5655 corripior,
1678 5595 1728 5640 et
1766 5586 1818 5637 in
1848 5597 2104 5636 extreuue

535 5685 822 5739 dementia:
853 5686 1080 5739 lnndnm
1106 5695 1349 5753 praeceps
1375 5678 1650 5740 devolvor,
1682 5691 1777 5729 mc
1806 5678 1945 5742 potis
1980 5692 2098 5727 sum

2200 4503 2393 4549 caatera
2426 4496 2555 4550 vitia
2580 4500 2940 4551 contrahente
2978 4498 3139 4551 nexis
3164 4486 3695 4552 eonstrictnstenemsl

2202 4586 2290 4640 Ea:
2337 4596 2468 4641 sunt
2511 4587 2681 4653 enim,
2711 4590 2928 4657 opinor,
2975 4589 3118 4655 apud
3175 4589 3506 4642 Salomoncnt
3550 4591 3698 4635 amati-

2203 4678 2325 4730 filia:
2350 4686 2457 4730 tres
2488 4677 2756 4751 hirudinis
2799 4679 3184 4747 sanguinarim,
3227 4681 3276 4732 id
3306 4677 3584 4734 estcarnis,
3608 4684 3694 4737 *1⁸⁸³⁸

2201 4764 2442 4837 sugendo
2465 4767 2725 4836 qutidqnid
2760 4768 3016 4831 animale,
3084 4768 3350 4836 quidquid
3383 4768 3431 4819 in
3461 4781 3534 4817 nte
3578 4757 3696 4812 vitale

2202 4856 2639 4917 sitexhauriant.‘
2663 4856 2858 4909 llornm
2886 4872 3083 4925 corpus
3103 4860 3315 4920 incuso,
3338 4861 3440 4909 Inet-
3456 4853 3656 4909 crimine.
3684 4863 3692 4895 :

2203 4946 2394 5009 horum
2436 4948 2657 5000 nomine
2711 4949 2851 5001 hanc
2912 4934 3312 5001 accusationem
3358 4946 3546 5005 factito,
3587 4953 3694 4991 τευ-ιι

2203 5035 2542 5089 contumelia:
2565 5046 2615 5089 et
2641 5036 2851 5103 injuria:
2905 5037 3224 5099 postulans:
3278 5038 3394 5103 quia
3442 5043 3619 5087 natura,
3655 5032 3688 5071 ιιι

2205 5130 2442 5178 nostrum
2472 5140 2645 5192 genus
2664 5127 3383 5190 cous«:rvarctur,moliente,
3436 5120 3686 5188 permism-

2207 5224 2363 5283 teque
2394 5223 2449 5268 et
2485 5217 2763 5277 alimento,
2798 5226 2850 5267 et
2883 5216 3090 5280 generis
3141 5212 3517 5282 propagatiuui,
3573 5205 3683 5256 will"

2208 5316 2431 5377 platctn,
2471 5317 2528 5357 ut
2560 5305 2662 5358 hac
2691 5316 2945 5373 tanquam
2975 5322 3096 5358 esca
3152 5307 3403 5375 pellectus
3459 5306 3609 5373 homo.
3644 5288 3687 5340 ³¹¹

2204 5404 2446 5453 cibarntn
2483 5408 2907 5468 perecptloncm,
2936 5408 2989 5452 et
3020 5398 3312 5466 legitimum
3366 5386 3691 5447 cubilisnuilie-

2206 5490 2317 5541 bris
2347 5503 2503 5542 usum
2535 5502 2655 5539 coni
2677 5472 2923 5539 ilarc‘tur
2949 5500 3127 5544 \‘iVUS,
3163 5495 3217 5537 et
3247 5486 3347 5536 vita
3382 5481 3565 5532 functus
3611 5481 3687 5519 ιιυιι

2204 5591 2413 5649 pcnet:
2441 5575 2630 5634 harum
2659 5594 2837 5631 rerum
2862 5579 3058 5631 nemini
3086 5576 3481 5634 accusabiiium,
3512 5579 3554 5621 et
3571 5572 3689 5616 11³⁸³⁸

2206 5678 2420 5741 ralium,
2452 5674 2604 5744 quasi
2626 5677 2800 5743 legum
2837 5688 2941 5726 non
2971 5672 3313 5739 scriptarum,
3348 5667 3546 5733 scdjam
3574 5663 3687 5709 nam:
