3956 6194
429 290 533 352 9ὶ⁷

1651 271 2036 333 our-monti
2075 266 2399 331 PALAltt/E
3528 256 3633 338 θῦε

435 415 527 450 [υς
563 407 613 448 et
643 392 916 464 petulans,
946 405 1038 446 ore
1071 401 1252 444 tamen
1284 387 1437 441 frena
1481 385 1694 454 recipit,
1732 399 1999 438 sessorem
2031 381 2078 440 Λ
2107 379 2266 434 liceat
2298 376 2528 434 dicenda
2561 373 2930 438 considerare,
2963 387 3199 443 prmeeps
3222 373 3282 427 ad
3315 377 3622 436 nuntiandum

431 501 487 543 et
526 501 712 556 pacem
751 484 1042 552 agitantem
1075 489 1129 534 ct
1158 487 1483 550 pugnantem
1511 477 1678 532 vehit.
1710 474 1868 528 Paret
1902 477 2004 528 asi-

436 593 563 640 nus,
598 576 720 628 licet
755 581 946 625 natura
1003 569 1191 623 tardus
1228 569 1323 632 sit,
1384 567 1450 620 ad
1507 582 1648 621 onus
1680 564 2002 634 portandum

435 681 658 722 vocatus
692 683 706 726 ;
737 672 793 718 ct
834 661 1287 732 quemadmodum
1326 659 1607 714 ferocitate
1643 658 2002 712 exsultantem

429 775 631 825 equum
666 755 906 817 coercui,
960 753 1143 806 itidem
1194 751 1565 806 tardissimum
1602 751 1816 804 asinum
1848 748 2004 802 adhi-

430 851 544 903 bito
575 847 751 916 puello
778 856 832 898 et
856 843 1009 898 fuste
1031 842 1348 896 celeriorem
1381 840 1506 895 feci.
1540 839 1680 902 Ouid
1709 839 1822 892 lucc
1853 853 2004 890 man-

432 939 673 993 Sttcfat'la
704 941 900 1006 pcedra
931 945 985 988 et
1022 933 1328 1002 subjugalia
1359 932 1507 986 dico?
1535 931 1650 985 Non
1683 945 1860 991 ursus,
1897 943 2005 982 non

431 1031 693 1098 par-dalis,
722 1029 962 1081 ferarum
1001 1023 1404 1089 imntitissimae,
1439 1038 1546 1077 non
1592 1022 1708 1091 ipse
1747 1020 2007 1089 elephan-

433 1133 544 1184 tus,
581 1118 953 1189 magnitudine
982 1131 1208 1185 aggeres
1239 1124 1395 1168 teme
1446 1129 1731 1183 superans,
1769 1127 1876 1166 non
1901 1112 2003 1174 leo,

441 1227 531 1264 rex
589 1210 882 1277 agrestium
932 1205 1313 1268 animantium,
1375 1211 1623 1258 nostrum
1703 1203 2008 1256 detrectant

433 1302 763 1370 imperium:
800 1296 894 1350 sed
925 1305 978 1349 et
1015 1297 1067 1348 in
1107 1294 1334 1348 urbibus
1359 1311 1464 1374 per
1499 1295 1675 1348 forum
1709 1303 1761 1347 et
1798 1294 2006 1346 theatra

431 1391 606 1453 ducti,
639 1387 1039 1458 spectatoribus
1057 1388 1246 1441 otiosis
1275 1386 1604 1454 voluptatem
1631 1400 1753 1439 cum
1786 1396 2006 1453 Stuporc

431 1491 490 1535 et
527 1480 788 1534 miraculo
835 1479 1097 1548 praebent.
1143 1475 1328 1545 Neque
1362 1476 1689 1532 sublimibus
1723 1476 1914 1529 avibus
1937 1477 2004 1528 ad

433 1573 619 1641 fugam
657 1572 796 1627 satis
828 1570 930 1624 fuit
952 1573 1095 1624 aeris
1132 1572 1318 1639 ingens
1351 1569 1578 1625 altitudo
1605 1588 1620 1624 :
1649 1580 1706 1624 ιιι
1729 1584 1904 1633 neque
1927 1568 2010 1637 pi-

433 1667 624 1720 scibus
653 1665 721 1718 ad
750 1663 986 1719 latebras
1022 1663 1512 1734 profundissimum
1546 1667 1713 1718 maris
1748 1663 2002 1726 fundum,

439 1773 502 1809 ac
530 1756 632 1809 hoc
682 1753 912 1809 rationis
943 1768 1158 1823 expers,
1198 1753 1433 1808 ferinum
1488 1763 1543 1808 et
1574 1753 1893 1816 belluinum,
1929 1754 2001 1806 ita

441 1845 909 1901 mansuefacimus
952 1853 1012 1900 ut
1044 1859 1132 1898 res
1164 1843 1291 1911 fert,
1316 1853 1372 1899 et
1413 1845 1736 1901 domamus:
1767 1845 2001 1899 alterum

442 1953 570 1992 vero
606 1952 778 2007 genus
809 1936 1166 1991 domesticum
1186 1943 1239 1990 et
1271 1935 1358 1990 cui
1393 1936 1737 1990 continenter
1763 1935 2003 1990 insidere

440 2031 596 2084 nobis
642 2029 1016 2098 praescriptum
1065 2035 1152 2083 est
1202 2027 1366 2098 idque
1398 2027 1692 2093 moderari,
1728 2027 2005 2082 nescimus

434 2135 675 2191 quonam
707 2130 866 2190 pacto
914 2117 1251 2188 mitigemus,
1302 2129 1355 2173 et
1383 2121 1450 2174 ad
1497 2118 1857 2174 obediendum
1889 2121 2004 2175 cle-

438 2218 653 2265 menter
687 2209 1067 2276 adducamus;
1099 2215 1154 2262 et
1183 2218 1364 2263 tamen
1401 2223 1572 2278 genus
1624 2207 1756 2262 illud
1809 2219 2002 2261 natura

435 2316 662 2372 prorsus
691 2300 758 2354 ad
790 2301 1055 2354 rationem
1089 2298 1468 2354 obsurdescit:
1501 2298 1604 2353 hoc
1629 2299 1925 2362 auscultat,
1954 2307 2001 2353 ct

441 2390 604 2444 modo
640 2388 876 2458 quodam
908 2387 976 2440 ad
1008 2402 1126 2441 eam
1176 2388 1536 2454 convertitur,
1593 2397 1650 2442 at
1678 2386 1822 2457 quod
1856 2402 1884 2440 a
1923 2403 2007 2440 ra-

440 2481 587 2534 tione
612 2479 846 2534 alienum
871 2487 953 2534 est
977 2479 1220 2542 omnino,
1252 2477 1448 2532 rationi
1478 2478 1648 2549 magis
1671 2479 2008 2550 obsequitur,

441 2587 601 2641 quam
633 2570 778 2639 quod
812 2578 1002 2622 natura
1040 2567 1330 2638 insignitur
1358 2579 1410 2623 et
1437 2567 1654 2623 ducitur
1678 2569 1908 2625 ratione.
1941 2570 2006 2624 ll-

439 2663 531 2718 tud
564 2677 782 2732 quoque
823 2661 1129 2732 suppeditat
1161 2675 1215 2716 et
1263 2661 1446 2717 labore
1477 2677 1576 2718 suo
1609 2672 1762 2732 parat
1794 2665 2010 2734 corpori

443 2751 759 2821 profutura:
790 2765 988 2820 corpus
1024 2763 1149 2805 vero
1178 2750 1381 2804 auxilio
1404 2751 1538 2805 mihi
1567 2753 1751 2805 datunt
1791 2754 1856 2806 ad
1907 2754 2008 2808 oh-

443 2850 621 2900 eunda
655 2843 1069 2912 praeclarissima
1099 2841 1316 2896 virtutis
1334 2857 1584 2907 munera,
1603 2846 1935 2898 contrarium
1954 2856 2006 2899 et

439 2930 611 3000 magis
646 2929 886 2983 renitens
914 2927 1372 2996 deprehenditur:
1409 2931 1698 2998 potiusque
1731 2938 1790 2984 ttt
1819 2946 2002 2986 secum

440 3021 686 3073 aberrent
721 3033 750 3071 a
783 3020 1012 3082 ratione,
1045 3033 1208 3088 quam
1239 3029 1293 3073 ut
1329 3034 1540 3074 mecum
1577 3021 1755 3089 ipsum
1786 3038 1890 3076 una
1922 3039 2007 3076 ra-
2033 3055 2076 3114 ο

441 3112 590 3183 tione
624 3118 826 3172 utatur,
867 3109 919 3162 vi
952 3107 1116 3180 cogit.
1146 3110 1221 3163 Ac
1253 3110 1506 3179 superius
1539 3113 1807 3181 explicata
1840 3129 2001 3168 causa

441 3213 566 3255 est:
619 3199 762 3267 quod
807 3214 928 3254 cum
960 3211 1104 3255 esset
1137 3199 1268 3253 mihi
1314 3201 1647 3255 honoriticus
1681 3213 1857 3267 ortus,
1896 3220 2001 3258 non

443 3294 679 3347 intellexi
737 3293 996 3362 primum,
1025 3292 1234 3347 scilicet
1257 3308 1379 3348 eum
1406 3294 1552 3347 fatua
1581 3295 1873 3350 caruncula
1897 3311 2004 3350 una

441 3385 751 3457 jnveniliter
808 3383 1102 3454 desipiens,
1148 3383 1262 3439 sive
1295 3398 1421 3438 cum
1458 3385 1698 3440 materia:
1731 3387 2004 3452 sordibus,

444 3488 502 3531 ttt
525 3475 902 3531 Chaldaeorum
925 3477 1105 3531 verbis
1128 3487 1269 3540 utar,
1299 3486 1355 3531 et
1374 3476 1688 3546 quisquiliis
1727 3479 1888 3533 simul
1912 3482 2005 3534 de-

443 3583 643 3634 mersa,
681 3576 735 3623 et
772 3567 918 3623 velut
974 3577 1216 3623 ostreato
1274 3568 1593 3623 indumento
1646 3569 2003 3636 circumdata,

442 3659 854 3727 comparatione
900 3657 1368 3726 similitudineque
1412 3650 1650 3728 pecudes
1688 3668 1742 3713 et
1767 3672 2006 3716 amentes

440 3758 664 3803 naturas
707 3749 904 3811 refero,
939 3748 1115 3804 serius
1140 3756 1321 3804 tamen
1355 3749 1652 3818 intelligere
1681 3751 1924 3816 demens,
1955 3761 2008 3806 et

440 3841 631 3897 stolida
656 3841 948 3910 aliquando
973 3855 1163 3911 sapere
1189 3841 1473 3910 incipiens,
1499 3842 1712 3897 adnitor
1739 3844 1870 3896 mihi
1899 3844 2010 3912 pri-

444 3932 717 3987 mordium
777 3931 1109 3987 conveniens
1161 3932 1462 3999 vindicare,
1515 3934 1732 4004 corpori
1777 3935 2008 4004 ejusque

445 4024 708 4078 membris
745 4023 1013 4094 imperare
1046 4037 1169 4078 cum
1191 4024 1422 4088 ratione,
1456 4031 1510 4078 et
1563 4025 1628 4078 ad
1665 4039 1862 4077 munus
1886 4025 2006 4078 cui~

438 4130 547 4184 que
570 4129 876 4185 congruens
905 4130 1178 4172 revocare.
1211 4115 1302 4170 llla
1339 4123 1518 4172 tamen
1552 4117 1666 4186 ipsa
1701 4132 2006 4172 sermonem

441 4208 607 4262 etiam
662 4208 1118 4277 praeoccupanda,
1170 4208 1329 4278 plane
1382 4206 1541 4262 factis
1603 4209 2010 4278 proclamarunt

441 4318 562 4372 qutc
591 4304 738 4357 cives
763 4301 930 4355 nobili
965 4301 1098 4365 viro,
1123 4308 1183 4354 ut
1215 4309 1300 4356 est
1326 4285 1376 4354 in
1398 4302 1703 4372 evangeliea
1731 4303 2005 4370 parabola,

2110 487 2210 524 sua
2247 478 2442 540 sponte
2477 467 2721 536 pratsilit,
2760 465 2894 520 foris
2923 465 3200 529 cﬂuticns,
3228 483 3340 535 qmc
3373 485 3416 519 tu
3437 485 3466 522 n
3495 487 3628 539 opor-

2110 567 2185 612 tet
2237 575 2286 632 ελ
2322 556 2533 611 tametsi
2568 565 2646 610 tot
2696 557 2864 624 Septis
2907 565 3114 610 natura:
3153 556 3526 615 circumvallata
3553 564 3626 616 sit.

2108 648 2247 715 Quid
2281 664 2410 701 vero
2441 648 2562 718 gula
2594 646 2795 700 canalis
2822 646 3040 716 quidam
3065 647 3300 700 omnium
3327 651 3501 718 capax‘l
3524 654 3631 720 quid

2110 737 2388 792 insaniens
2411 738 2704 805 furensque
2750 736 3001 805 tangendi
3029 751 3220 792 sensus
3241 737 3262 791 2
3286 740 3530 797 rationine
3551 759 3632 798 au-

2107 829 2346 882 scultare
2393 827 2563 892 novit,
2597 837 2652 880 et
2706 825 3021 896 appetitioni
3086 827 3297 880 ntodum
3326 831 3635 886 constituere?

2109 918 2248 986 Quid
2279 933 2408 973 vero
2435 934 2550 982 cor,
2585 933 2708 972 cum
2773 915 3142 973 eﬂcrvescens
3188 929 3240 974 et
3295 921 3357 974 ad
3411 923 3634 978 ulti0ucm

2111 1012 2403 1065 incitatum
2457 1011 2862 1065 tumultuatur?
2903 1010 3046 1080 quod
3093 1012 3433 1080 quamobrem
3471 1018 3638 1070 canino

2109 1103 2215 1156 ritu
2248 1102 2454 1158 latrans
2506 1103 2725 1157 llomeri
2761 1117 2956 1172 poema
2987 1102 3196 1166 fecerit,
3246 1119 3308 1159 ac
3346 1120 3446 1159 non
3488 1109 3639 1174 ponus

2110 1192 2330 1248 leonino
2357 1209 2505 1249 more
2547 1185 2786 1264 rugiens,
2830 1211 2859 1248 a
2885 1196 3105 1261 :miror;
3137 1207 3400 1266 postremo
3431 1202 3638 1255 animosa

2111 1285 2378 1353 particula
2408 1285 2658 1354 cupiendi
2681 1285 2768 1340 cui
2797 1287 2895 1340 rite
2921 1289 3223 1358 comparari
3240 1292 3435 1358 possit?
3459 1291 3642 1363 Scylla:-

2111 1393 2201 1444 tae,
2242 1379 2535 1433 immortali
2588 1379 2888 1448 perniciei,
2922 1395 2990 1434 an
3022 1384 3326 1436 renascenti
3361 1385 3559 1450 hydrae?
3583 1403 3641 1441 an

2109 1464 2359 1536 Typhoni
2387 1467 2657 1537 capitibus
2681 1477 2902 1521 centum
2930 1468 3202 1536 praedito?
3229 1467 3331 1523 Tot
3356 1471 3644 1526 instrumen-

2111 1565 2292 1612 torum
2344 1559 2640 1621 barathris,
2689 1567 2746 1612 et
2792 1567 3010 1612 artuum
3043 1559 3221 1626 vallis,
3273 1561 3497 1631 undique
3545 1579 3643 1618 mea

2111 1659 2372 1719 consepta
2397 1659 2482 1706 est
2510 1650 2674 1705 altius
2713 1651 3014 1705 habitatio:
3047 1652 3103 1704 in
3139 1652 3335 1720 quilms
3359 1653 3582 1708 absurda:
3603 1667 3648 1710 et

2115 1741 2342 1797 rationis
2391 1751 2641 1811 expertes
2685 1742 2995 1807 facultates,
3040 1746 3190 1800 velut
3241 1747 3522 1801 outnimodi
3553 1762 3647 1800 ser-

2109 1845 2299 1903 pentes
2327 1833 2378 1887 in
2413 1834 2604 1889 ferinis
2628 1833 2810 1906 Libyae
2835 1836 3135 1906 speluncis,
3167 1823 3405 1892 latitant:
3432 1855 3557 1904 quas
3580 1842 3646 1894 ei-

2110 1935 2304 1975 curare
2361 1921 2888 1991 mansuefacereque
2917 1922 3208 1992 pollicetur
3239 1924 3324 1977 illa
3355 1925 3554 1990 quidem
3579 1926 3648 1978 di-

2113 2011 2292 2081 gnitas
2347 2010 2653 2080 imaginis;
2713 2022 2770 2066 at
2830 2013 2876 2067 si
2941 2029 3048 2083 qua
3110 2030 3329 2069 sursum
3383 2027 3647 2080 enm-gnat.

2111 2103 2363 2156 deorsum
2393 2117 2501 2156 una
2526 2102 2945 2169 convolvuntur,
2969 2121 3090 2158 nam
3119 2106 3209 2159 illa
3225 2108 3392 2176 magis
3417 2107 3650 2162 feroiinnt

2109 2206 2360 2262 saepeque
2398 2207 2628 2247 numero
2645 2193 2961 2249 efferantur.
2995 2196 3156 2262 Quod
3184 2212 3275 2251 vos
3311 2213 3514 2266 quolue
3549 2204 3630 2252 stiti

2107 2283 2427 2346 sentientes,
2482 2290 2640 2336 etne
2693 2283 2826 2352 quid
2877 2284 3002 2339 inde
3044 2286 3173 2340 mali
3224 2286 3377 2340 vobis
3419 2288 3652 2340 accideret

2111 2383 2388 2439 caventes,
2442 2387 2506 2426 ex
2565 2372 2847 2426 h0ininum
2897 2377 3047 2428 omni
3103 2378 3400 2440 consortio,
3449 2376 3650 2430 ferarum

2110 2462 2393 2518 altricibus
2429 2463 2562 2518 lueis
2597 2464 2896 2532 occupatis,
2933 2479 3026 2519 vos
3071 2466 3419 2520 adducendus
3470 2467 3651 2520 censui-

2107 2555 2228 2616 stis,
2257 2567 2408 2609 antra
2432 2554 2548 2609 suis
2578 2556 2903 2624 tegumentis
2934 2558 3170 2622 munita,
3233 2567 3485 2626 terraeque
3525 2571 3656 2626 pene-

2113 2647 2270 2700 tralia
2303 2646 2434 2701 solis
2466 2645 2636 2700 radiis
2680 2646 2944 2716 impervia
2995 2647 3320 2713 subeuntes,
3353 2665 3442 2718 per
3470 2652 3651 2702 deserta

2113 2746 2264 2791 vasta
2299 2737 2400 2790 sub
2435 2737 2527 2791 dio
2559 2737 2792 2806 vagatis,
2826 2748 2883 2790 ut
2913 2739 3165 2806 corporis
3193 2740 3442 2796 sensibus
3474 2741 3532 2793 ad
3560 2756 3653 2794 nta-

2114 2832 2289 2882 loruut
2327 2829 2607 2898 ingressus
2629 2829 2960 2891 obstructis,
2985 2846 3113 2900 pars
3148 2832 3234 2885 illa
3265 2834 3464 2887 ratione
3490 2849 3653 2886 careti-

2111 2921 2178 2974 tis
2207 2921 2371 2974 ίιιιίιιιί
2408 2919 2693 2985 ferociens,
2728 2921 3002 2976 alimentis
3045 2923 3312 2978 destituta
3347 2927 3654 2996 quiescat.ct

2110 3013 2333 3066 rationis
2362 3021 2630 3081 cotnpnts
2686 3030 2811 3082 pars
2860 3015 3196 3083 intelligens,
3261 3033 3291 3071 a
3341 3034 3507 3070 rerum
3558 3018 3648 3067 sub

2107 3120 2330 3160 setisutn
2368 3106 2676 3158 cadentium
2712 3105 3222 3174 perturbatiooibus
3269 3108 3649 3172 vacans,otios;t

2107 3196 2270 3252 rebus
2307 3196 2660 3267 intelligentia
2693 3198 2806 3252 sola
2841 3199 3209 3267 percipiendis
3253 3201 3535 3255 incumbat.

2176 3288 2309 3343 Esto
2338 3289 2418 3344 sic
2447 3304 2579 3344 sane
2608 3307 2621 3343 :
2661 3288 2912 3358 equidem
2948 3289 3032 3344 his
3079 3293 3276 3360 paucis
3325 3293 3650 3346 demonstravi

2109 3381 2308 3450 palam,
2341 3389 2544 3449 quanta
2561 3372 2770 3436 servile
2796 3395 2995 3450 corpus
3029 3383 3082 3436 in
3119 3394 3210 3436 me
3235 3384 3535 3452 iuveniliter
3557 3397 3652 3434 uto-

2112 3474 2304 3526 liatur:
2335 3474 2478 3542 quod
2511 3473 2723 3528 tametsi
2763 3475 2949 3527 talium
2983 3475 3312 3543 injurtarum
3347 3487 3524 3529 auctor
3562 3489 3650 3526 rna-

2108 3566 2301 3621 nifeste
2334 3567 2661 3632 revincatur,
2697 3582 2802 3620 non
2849 3577 3028 3621 tamett
3061 3569 3366 3625 abstinebit
3391 3571 3650 3638 quominus

2107 3668 2294 3710 contra
2322 3657 2624 3710 etiamnum
2676 3657 2842 3722 dicat,
2875 3657 3054 3727 qualia
3091 3675 3471 3730 sa-penumero
3517 3660 3652 3712 liber—

2114 3750 2252 3803 rime
2283 3747 2534 3812 dicendo,
2578 3762 2685 3803 non
2730 3750 3013 3804 mutiendo
3042 3750 3155 3810 ritu
3208 3733 3501 3814 servorum,
3531 3752 3655 3804 inso-

2114 3840 2308 3893 lentius
2333 3839 2529 3894 audet:
2556 3840 2627 3892 ita
2657 3841 2913 3894 nimirum
2944 3842 3212 3897 omnibus
3237 3846 3291 3898 in
3321 3847 3494 3908 rebus,
3522 3840 3652 3912 quasi

2113 3941 2305 3986 natura
2337 3933 2529 3986 hostile
2555 3933 2688 4005 mihi
2718 3934 2993 3997 renititur,
3026 3934 3194 3990 factis
3231 3937 3489 4006 dictisque
3516 3949 3654 4004 repu-

2110 4041 2300 4094 gnans,
2331 4035 2383 4078 ct
2431 4025 2677 4088 omnino,
2728 4026 2934 4080 nullum
2974 4027 3026 4079 in
3079 4038 3326 4098 pactum,
3380 4029 3567 4082 nullum
3607 4025 3654 4077 in

2111 4116 2285 4171 foedus
2303 4115 2508 4170 coiens.
2529 4116 2714 4186 Itaque
2732 4117 3027 4187 quidquam
3057 4134 3254 4174 eorum
3285 4136 3508 4190 quorum
3531 4131 3656 4172 nunc

2111 4213 2418 4272 accusatur,
2451 4222 2516 4259 ac
2545 4206 2599 4260 in
2651 4207 2840 4276 primis
2881 4209 3003 4263 illos
3033 4210 3291 4265 ciborum
3340 4209 3651 4280 pereuntium

2111 4298 2374 4370 malignos
2401 4307 2663 4366 quastus,
2701 4306 2755 4352 et
2787 4309 3100 4367 perpetuant
3142 4303 3480 4356 exactionem
3509 4314 3562 4354 se
3584 4298 3655 4350 vel

444 4407 538 4460 per
587 4393 792 4462 legatos
834 4406 974 4460 quos
1023 4392 1265 4454 miserat,
1312 4393 1636 4446 nuntiarunt
1664 4411 1677 4446 :
1712 4391 2006 4448 «Nolumus
2039 4383 2085 4440 D
2111 4403 2271 4459 agere
2305 4389 2384 4442 vel
2423 4392 2528 4458 pati
2570 4398 2892 4459 negaturum
2929 4399 3029 4444 est.
3057 4387 3199 4444 Nam
3232 4407 3356 4446 cum
3388 4392 3455 4446 sit
3485 4399 3652 4444 natura

444 4491 504 4534 ut
523 4492 576 4534 tu
601 4496 791 4552 regnes
814 4480 868 4534 in
891 4480 1067 4548 nobis;
1101 4498 1121 4532 ι
1149 4481 1507 4536 ducuntenim
1531 4481 1691 4537 citius
1714 4498 1875 4550 quam
1905 4483 2005 4537 du-

443 4579 660 4636 cuntur,
689 4573 1102 4641 renitunturque
1132 4570 1490 4628 familiaribus
1517 4581 1571 4627 et
1594 4573 1786 4626 amicis
1823 4575 2004 4643 potius

443 4676 601 4730 quam
625 4664 1040 4733 asciscuntquae
1066 4673 1193 4718 sunt
1236 4663 1472 4733 optima:
1510 4664 1789 4735 magisque
1829 4675 2004 4718 retra-

444 4754 577 4806 ltunt
599 4769 757 4822 quant
781 4756 1092 4810 trahuntur.
1123 4755 1299 4826 Atque
1323 4756 1454 4810 milii
1484 4756 2006 4826 considerate,qua3—

443 4859 528 4909 so,
549 4845 777 4913 printum
795 4861 954 4901 aures
972 4857 1026 4901 et
1039 4848 1248 4902 oculos:
1263 4847 1454 4914 illm,ut
1467 4847 1810 4903 Ecclesiastaa
1826 4849 2004 4903 verbis

442 4944 578 4997 utar,
609 4937 900 5002 audiendo,
933 4939 983 4991 hi
1013 4939 1242 4994 videndo
1270 4954 1377 4994 non
1409 4939 1709 5007 satiantur;
1742 4941 2002 5010 quoniant

445 5025 548 5081 illis
588 5043 798 5098 semper
832 5029 1142 5098 patentibus
1176 5029 1321 5086 fores
1368 5030 1658 5086 occludere
1692 5047 1802 5086 non
1841 5032 2000 5098 licet;

445 5119 529 5176 his
587 5135 895 5190 quanquam
948 5121 1327 5191 palpebrarum
1379 5129 1749 5191 tegumentum
1801 5124 2000 5177 vallum

437 5218 542 5274 est,
571 5217 622 5262 et
643 5210 876 5273 aversio,
905 5224 969 5264 ex
987 5211 1252 5264 sententia
1286 5209 1466 5282 magni
1496 5207 1618 5276 Job,
1644 5211 2004 5280 dispositione

441 5315 574 5352 vana
601 5300 835 5365 videant,
872 5300 1000 5370 quid
1044 5308 1225 5354 tamen
1259 5301 1371 5355 hzec
1415 5301 1481 5355 ad
1530 5316 1720 5355 eorum
1758 5317 2004 5356 mooten-

446 5401 554 5444 tum
593 5392 1058 5461 promptissimum
1086 5404 1140 5446 et
1168 5393 1511 5446 celerrimum
1562 5409 1725 5462 supra
1758 5395 2000 5457 modum,

443 5492 498 5537 et
537 5483 910 5552 inexplebilem
945 5484 1357 5537 curiositatem?
1398 5483 1710 5554 Deindeque
1740 5487 1997 5554 linguam,

451 5577 759 5630 udoutabile
790 5577 1010 5641 malum,
1047 5577 1304 5630 mundum
1336 5577 1654 5646 iniquitatis,
1684 5587 1740 5630 ut
1763 5577 1999 5632 Jacohus

448 5662 608 5716 iratcr
639 5664 726 5719 Dei
765 5666 1040 5736 loquitur:
1073 5682 1192 5737 qua:
1225 5668 1385 5721 etiam
1421 5667 1568 5733 prius
1601 5684 1761 5737 quant
1801 5669 1995 5723 rationi

2111 4481 2472 4549 compositum
2508 4489 2564 4534 et
2591 4495 2804 4549 semper
2827 4479 3023 4545 ﬂuens,
3075 4483 3356 4539 nteatibus
3385 4490 3496 4537 tum
3525 4480 3656 4536 abdi-

2113 4572 2203 4638 tis,
2231 4581 2341 4624 tum
2368 4571 2585 4640 apertis,
2618 4575 2924 4625 necessario
2948 4575 3374 4641 respondentem
3401 4571 3654 4628 inanitioni

2115 4661 2473 4731 repletionem
2508 4661 2759 4729 requirit,
2786 4678 2948 4732 quant
2998 4679 3123 4718 cum
3176 4683 3284 4724 non
3338 4669 3489 4722 aliter
3517 4680 3654 4736 quam

2112 4768 2210 4823 per
2233 4754 2383 4808 cibos
2412 4761 2465 4808 et
2497 4762 2655 4823 potus
2687 4764 2880 4809 natura
2935 4758 3120 4812 molita
3168 4762 3262 4824 sit,
3310 4761 3508 4814 idcirco
3543 4754 3658 4810 nihil

2112 4860 2170 4900 se
2200 4859 2422 4913 peccare
2448 4844 2614 4910 dicet,
2647 4854 2854 4900 naturae
2886 4849 3096 4916 legibus
3121 4851 3442 4920 sequendis,
3465 4859 3517 4905 et
3553 4864 3658 4918 qua-

2109 4946 2309 4992 statum
2346 4947 2664 4990 conservent
2692 4939 3029 5006 appetendis.
3061 4941 3106 4993 si
3148 4942 3218 4995 ad
3264 4953 3474 5010 tempus
3501 4937 3656 5008 legiti-

2111 5043 2259 5080 munt
2297 5026 2563 5095 sulliccre,
2593 5042 2692 5082 nec
2717 5030 3091 5100 malehabcrc.
3116 5047 3280 5100 cgere
3305 5033 3531 5094 medico,
3551 5043 3655 5081 oin-

2111 5120 2243 5175 nino
2295 5120 2571 5175 defessum
2604 5097 2918 5190 concidere,
2947 5125 3333 5194 jacturamque
3369 5138 3548 5178 earum
3579 5134 3658 5172 ac-

2111 5212 2319 5266 tionum
2376 5213 2554 5269 facere
2606 5229 2742 5282 quas
2815 5216 3012 5269 mentis
3073 5230 3244 5270 causa
3302 5232 3426 5270 cum
3491 5213 3657 5267 labore

2110 5305 2432 5373 susceperit,
2455 5305 2604 5358 velit.
2637 5305 2699 5359 lii
2733 5321 2882 5372 vero,
2912 5305 2987 5368 hi.
3015 5298 3273 5376 inquam,
3307 5306 3446 5359 beati
3466 5302 3657 5371 jndices

2111 5396 2294 5449 usitati
2325 5395 2537 5466 corpori
2570 5411 2688 5452 meo
2713 5405 3005 5466 praetextas
3027 5407 3174 5462 sunt,
3209 5397 3254 5451 si
3275 5396 3490 5466 quando
3524 5391 3658 5445 dela-

2108 5487 2243 5541 hens
2295 5498 2388 5539 aut
2443 5487 2656 5542 irruens
2685 5493 2749 5540 ad
2779 5489 3052 5543 lasciviam
3095 5486 3253 5542 freno
3286 5491 3408 5541 vitae
3440 5483 3656 5538 durirris

2112 5593 2379 5632 resecem.
2434 5577 2502 5633 Ut
2556 5581 2698 5632 enim
2751 5579 3018 5634 lactantes
3068 5580 3311 5633 infantes
3360 5593 3388 5630 a
3439 5586 3655 5628 mamma

2107 5669 2314 5738 δίῬηΙδί
2347 5669 2559 5735 νιοηηιι
2587 5708 2603 5734 ν
2636 5669 2818 5724 itidem
2853 5683 2906 5725 ct
2949 5673 3052 5726 hoc
3081 5671 3149 5725 ab
3193 5671 3261 5725 iis
3295 5669 3486 5740 quibus
3518 5666 3657 5718 fatui-
