3884 6204
196 284 303 348 €69

1532 251 2117 330 PHOSOl’OPCEl/E.

3361 244 3470 309 9ἷο

177 392 385 453 liariter
416 403 694 452 assuetum
723 406 863 461 erat,
895 391 1144 448 avulsum
1180 373 1351 462 lnget,
1388 396 1443 444 et
1471 386 1760 455 indignans
1788 389 1833 445 Α
1867 381 2190 453 quidquam,
2223 373 2327 428 nisi
2359 372 2485 444 quis
2518 382 2748 425 mortem
2784 368 3053 422 malorum
3082 363 3328 421 omnium
3375 369 3473 420 do-

178 492 536 562 obstupescit,
564 491 785 546 morbos
812 502 865 545 et
897 488 1099 543 vinculi
1129 502 1240 558 quo
1267 486 1409 539 inter
1433 497 1537 537 nos
1553 480 1761 548 colliga-

178 602 303 640 mur
352 585 797 649 dissolutionem,
836 598 1125 639 excessum
1183 596 1213 636 e
1246 580 1355 634 vita
1402 575 1691 646 injustum,
1722 580 1777 625 et

182 680 252 735 ab
281 676 619 749 agendarum
655 692 838 732 rerum
872 676 1071 731 studiis
1105 672 1467 729 cessationem
1502 667 1773 736 cogitans.

180 772 319 827 Nam
353 770 502 842 quod
529 772 641 824 haec
663 768 955 823 manifesta
988 767 1185 832 ironia,
1217 760 1642 823 dissimulantia,
1674 771 1781 811 ter-'

184 864 487 937 giversatio
538 871 592 916 et
635 868 857 914 versuta
897 859 1173 913 recusatio
1223 856 1318 918 sit,
1366 853 1519 907 vobis
1558 865 1667 905 non
1700 855 1783 902 est

184 958 431 1028 ignotum
470 954 563 1022 Qui
605 946 945 1020 experiundo
977 945 1272 1010 didicistis,
1316 953 1370 998 et
1398 940 1576 997 edocti
1619 937 1779 998 estis,

183 1027 442 1104 naturam
487 1042 759 1114 corporis,
794 1042 849 1095 in
896 1040 1063 1094 rebus
1095 1037 1343 1092 honestis
1373 1046 1596 1103 operam
1631 1035 1686 1083 et
1706 1027 1784 1082 la-

186 1143 380 1196 borem
415 1135 801 1208 impendendo,
836 1134 891 1188 in
919 1143 1173 1188 naturam
1214 1124 1574 1198 impatibilem
1627 1122 1786 1193 quasi

188 1236 399 1290 ferrum
433 1242 488 1288 et
512 1233 861 1285 adamantem
896 1226 1269 1286 indurescere;
1300 1217 1448 1290 quod
1501 1230 1634 1269 vero
1676 1227 1787 1266 non

188 1343 288 1398 pro
311 1324 524 1380 foribus
553 1324 665 1377 haec
697 1319 974 1374 contentio
1004 1317 1094 1381 sit,
1118 1315 1173 1368 id
1201 1325 1417 1384 quoque
1438 1307 1787 1377 perspicuum

191 1418 412 1477 tametsi
446 1425 553 1481 est,
587 1408 1235 1485 argumentis‘revincam
1259 1405 1682 1476 expositumque
1736 1406 1789 1451 et

191 1514 421 1584 planum
469 1506 690 1563 faciam.
733 1501 851 1557 Non
891 1515 1024 1557 sane
1054 1510 1289 1569 prorsus
1336 1493 1479 1564 quod
1529 1489 1793 1546 nutriaris

194 1619 377 1674 neque
412 1599 556 1671 quod
594 1594 893 1652 nutriendo
923 1589 1147 1657 laeteris,
1177 1604 1210 1644 o
1239 1585 1518 1656 stupidum
1570 1595 1791 1665 corpus,

192 1670 603 1747 eriminamur:
662 1700 727 1740 ea
792 1683 1156 1738 criminamur
1212 1677 1413 1748 quibus
1471 1670 1631 1727 malis
1701 1676 1794 1724 aut

1878 472 2145 527 mitricetr.
2181 470 2322 522 dicat
2353 484 2368 533 ;
2403 465 2658 519 miserior
2691 477 2821 517 vero
2859 462 3031 515 multo
3086 473 3206 514 sum
3239 456 3472 527 alioqui,

1880 565 2023 634 quod
2065 562 2387 631 imprudens
2451 557 2749 625 nesciaque
2804 564 2855 609 te
2892 554 3094 607 malam
3131 553 3362 607 bestiam
3419 550 3475 604 in

1881 655 2002 710 sinu
2042 655 2277 712 foveam,
2313 660 2368 705 et
2400 649 2605 719 pullum
2653 647 2984 715 petulantem
3019 659 3141 699 meo
3183 640 3329 697 malo
3354 643 3478 713 pino

1882 743 2211 823 guefaciant.
2252 732 2442 795 Nonne
2474 739 2743 793 nutritum
2790 744 2843 791 et
2886 736 3058 790 fotum
3110 734 3309 788 malam
3340 732 3473 787 mihi

1886 839 2119 906 gratiam
2158 829 2357 890 refers?
2389 834 2671 897 mordens,
2705 841 2764 885 ut
2806 846 3052 897 serpens,
3095 826 3476 890 calcitrosum,

1886 931 2289 985 contumaciter
2361 925 2718 997 ignominiam
2780 924 3027 988 inurens,
3087 937 3188 977 nec
3246 920 3480 987 amplius

1886 1023 2194 1079 domabile:
2244 1036 2354 1075 non
2413 1017 2788 1089 persuasionis
2860 1002 3143 1071 blanditiis
3203 1014 3478 1076 deliniris,

1891 1126 1998 1163 non
2040 1110 2089 1162 vi
2128 1106 2383 1171 frenaris,
2420 1123 2528 1161 non
2568 1106 2856 1175 probitatis
2889 1121 3019 1175 ergo
3050 1105 3268 1159 labores
3308 1105 3481 1158 attin—

1892 1192 1992 1273 gis.
2020 1203 2156 1268 Quid
2192 1203 2301 1266 aio,
2328 1194 2543 1255 labores
2562 1214 2669 1252 non
2701 1191 2947 1269 attingis?
2975 1197 3240 1253 Przeclare
3266 1211 3480 1252 mecum

1892 1306 2167 1367 ageretur,
2193 1296 2237 1350 si
2268 1305 2458 1349 contra
2492 1298 2599 1346 non
2633 1293 2926 1357 nitereris;
2959 1292 3002 1345 si
3048 1292 3113 1344 ad
3170 1290 3263 1344 tibi
3326 1301 3481 1360 grata

1892 1390 2190 1459 charaque,
2216 1381 2347 1441 mihi
2368 1394 2547 1440 autem
2576 1385 2947 1455 ingratissima
2967 1383 3479 1452 inimicissimaquc,

1895 1501 2006 1539 non
2038 1484 2304 1537 violenter
2354 1492 2535 1537 tecum
2567 1482 2909 1547 corriperes;
2943 1481 2987 1533 si
3022 1494 3199 1532 meam
3240 1477 3483 1545 pulchri-

1897 1578 2144 1632 tudinem
2186 1576 2479 1631 amabilem
2542 1576 2676 1639 luto,
2715 1585 2777 1627 ut
2824 1575 2965 1642 apud
2996 1572 3345 1626 Salomonem
3390 1568 3484 1623 illa

1900 1686 1997 1724 sus
2053 1683 2277 1724 auream
2332 1660 2605 1733 inaurem,
2656 1683 2765 1721 non
2820 1666 3160 1721 obvolvcres.
3213 1663 3287 1717 Ne
3328 1662 3483 1728 mihi,

201 1784 501 1845 aﬂicimur,
551 1787 644 1833 aut
688 1776 994 1833 deteriores
1051 1771 1233 1826 limus.
1264 1758 1399 1837 Quis
1428 1767 1574 1822 enim
1612 1764 1793 1817 mente
1826 1734 1867 1788 Β
1896 1775 2105 1831 qumso,
2126 1762 2282 1815 beate
2299 1766 2495 1824 cm‘tus,
2516 1759 2920 1821 suceensearis,
2942 1758 2985 1812 si
3014 1757 3243 1811 invehar
3264 1754 3318 1809 in
3347 1755 3488 1807 hanc

197 1879 489 1951 praeditus,
522 1882 576 1929 et
606 1879 816 1927 natura:
847 1869 1091 1923 rationes
1124 1866 1206 1921 vel
1260 1858 1612 1928 mediocriter
1655 1873 1791 1911 con-

197 1948 516 2038 templatus,
555 1956 857 2016 maledictis
882 1956 1109 2027 impetat
1144 1971 1267 2011 cum
1302 1953 1439 2007 alias
1485 1948 1794 2008 faCultatcs,

199 2070 315 2116 tum
350 2056 587 2111 maxime
616 2049 864 2106 altrices?
892 2047 1150 2103 Alimenti
1183 2046 1416 2099 abusum
1448 2042 1692 2111 exlegem
1740 2038 1796 2092 in

202 2146 417 2201 deliciis
470 2152 525 2197 et
575 2138 1004 2209 inexplebililate
1035 2133 1513 2205 reprehendimus.
1545 2122 1664 2186 Non
1697 2145 1797 2184 au—

202 2248 309 2292 tem
343 2237 485 2290 idem
517 2242 601 2288 est
637 2232 815 2303 τρυφή
852 2227 995 2301 quod
1026 2226 1222 2297 τροφή,
1257 2220 1466 2281 deliciae
1517 2222 1662 2292 quod
1695 2220 1794 2273 ali-

198 2337 472 2391 mentum,
505 2321 598 2380 sed
628 2324 855 2376 alterum
888 2320 956 2373 ab
980 2319 1151 2371 altero
1184 2314 1528 2385 longioribus
1552 2309 1800 2365 intersti-

197 2417 295 2471 tils
317 2414 675 2483 diﬂertquam
695 2407 967 2481 Mysorum
987 2417 1040 2463 et
1065 2408 1339 2476 Phrygum
1366 2404 1501 2458 lines
1521 2400 1802 2466 diﬂ‘erunt,

200 2507 431 2563 tametsi
488 2505 770 2560 ‘vicinitate
824 2502 1111 2558 nominum
1146 2515 1212 2555 ea
1242 2498 1633 2570 propemodum
1674 2510 1803 2551 eon-

199 2600 473 2667 veniant;
503 2607 716 2652 tu‘vero
746 2593 1114 2665 autstupidis,
1145 2600 1241 2647 aut
1266 2590 1526 2660 malignis
1557 2587 1804 2644 moribus

200 2693 527 2765 praeditum,
563 2689 970 2744 accusationem
1006 2686 1214 2741 abusus
1248 2682 1317 2738 ad
1350 2681 1620 2736 naturalis
1671 2695 1804 2736 usus

206 2785 553 2842 calumniam
614 2780 949 2836 traduxisti:
984 2779 1235 2847 idemque
1287 2784 1381 2830 aut
1413 2773 1662 2837 nescisti,
1712 2781 1806 2826 aut

211 2888 270 2933 te
303 2877 517 2932 nescire
558 2883 771 2929 versute
826 2871 1124 2937 simulasti,
1182 2868 1350 2923 veluti
1399 2881 1502 2922 nos
1552 2864 1805 2920 adulterii

206 2970 301 3025 vel
340 2967 625 3024 ebrietatis
658 2964 981 3019 aecusantcs
1021 2959 1357 3032 quempiam,
1388 2954 1807 3012 calumniareris

206 3066 372 3138 quasi
431 3061 697 3119 conviciis
750 3062 970 3129 nuptias
1028 3055 1257 3126 cupidas
1295 3061 1350 3107 et
1405 3052 1652 3107 sobrium
1693 3048 1807 3103 Vini

208 3170 405 3229 potum
438 3154 793 3208 insectemur.
821 3150 1009 3219 Itaque
1036 3161 1211 3217 neque
1236 3153 1310 3211 te,
1343 3157 1376 3199 0
1403 3157 1527 3198 mea
1558 3157 1715 3206 crux,
1746 3140 1801 3195 in

204 3242 489 3321 judicium
522 3261 810 3313 vocamus,
839 3245 908 3300 ob
936 3258 1117 3299 rerum
1151 3243 1586 3303 necessariarum
1623 3251 1803 3302 usum,

210 3345 315 3398 sed
365 3341 493 3411 quia
542 3351 596 3391 tu
634 3341 772 3391 hanc
818 3344 1038 3389 nactum
1078 3334 1383 3403 speciosam
1437 3330 1805 3394 occasionem,

211 3451 334 3490 non
370 3433 602 3499 desinis,
644 3441 702 3484 ut
733 3430 929 3485 iterum
955 3429 1086 3482 illud
1119 3428 1483 3497 apostolicum
1522 3437 1805 3493 usurpem,

209 3542 441 3582 omnem
476 3525 533 3578 in
571 3540 656 3578 me
701 3522 1052 3591 cupiditatem
1102 3518 1319 3574 efﬁcere
1352 3536 1367 3572 :
1397 3518 1634 3588 primum
1683 3516 1807 3581 qui.

213 3626 345 3677 dem
381 3630 540 3672 utens
571 3618 830 3671 alimento
862 3614 1011 3668 sicco
1045 3613 1402 3682 humidoque,
1432 3609 1627 3666 deinde
1672 3623 1811 3677 pne-

213 3721 308 3768 ter
338 3720 396 3765 et
422 3718 619 3766 coxitra
650 3722 813 3776 quam
857 3719 955 3775 par
986 3706 1059 3759 sit
1083 3698 1341 3785 abutens,
1371 3718 1437 3759 eo
1464 3702 1807 3764 incumbens,

215 3808 293 3860 ad
324 3803 643 3856 universam
680 3813 1012 3868 omnemque
1040 3797 1340 3867 voluptatis
1372 3797 1683 3851 illecebram
1708 3796 1810 3847 de-

211 3898 415 3951 labens
446 3901 500 3947 et
525 3893 764 3955 irruens,
789 3899 841 3943 et
872 3885 976 3941 un'a
1009 3902 1096 3942 me
1116 3886 1445 3955 corripiens,
1472 3895 1524 3938 et
1543 3883 1810 3936 exhibens

218 3987 474 4058 negotia.
505 3984 639 4038 Nam
682 3982 889 4062 duplici
942 3993 995 4035 et
1029 3980 1167 4050 gula:
1206 3988 1262 4033 et
1308 3977 1513 4031 ventris
1548 3976 1809 4040 intempe-

218 4080 432 4135 rantia:
458 4076 589 4130 ﬂatu
621 4074 976 4144 exagitatam,
1000 4073 1085 4124 vel
1116 4070 1299 4141 potius
1326 4068 1521 4139 triplici
1553 4068 1629 4135 (in
1657 4064 1815 4119 satie-

215 4172 433 4226 tatibus
466 4170 667 4229 -enitn,
719 4167 892 4228 aiunt,
950 4163 1135 4219 Venus
1193 4173 1297 4227 est,
1359 4171 1620 4231 prmtereo
1668 4158 1812 4212 enim

217 4278 360 4323 tunc
396 4266 588 4318 horum
615 4264 866 4318 comitem
900 4263 1165 4315 malorum
1198 4258 1513 4329 legionem),
1547 4253 1676 4325 quid
1709 4266 1813 4305 non

220 4363 363 4416 mihi
400 4358 785 4412 dilﬁcultatum
818 4365 871 4409 et
918 4355 1261 4409 miseriarum
1292 4350 1483 4405 infers?
1517 4348 1650 4401 Nam
1685 4346 1815 4400 dum

1899 1853 2223 1908 indomitam
2260 1853 2568 1923 malamque
2621 1854 2881 1922 pecudem
2918 1852 3025 1904 lam
3069 1850 3285 1913 acerbe,
3327 1850 3487 1916 cujus

1898 1936 2241 2016 tyrannicam
2284 1934 2661 2008 rebellionem,
2694 1934 2785 1997 ille
2816 1956 3036 2011 quoque
3069 1948 3253 1993 tantus
3281 1929 3485 1994 Paulus

1899 2037 2109 2094 mundo
2147 2039 2468 2106 crucifixus,
2501 2052 2613 2092 non
2658 2037 2769 2105 jam
2825 2036 3034 2097 vivens,
3077 2031 3170 2087 sed
3207 2034 3259 2085 in
3317 2047 3377 2086 se
3404 2034 3486 2084 vi—

1899 2141 2114 2187 ventem
2145 2141 2201 2186 et
2224 2131 2535 2202 loquentem
2559 2128 2839 2184 Christum
2873 2135 3114 2197 gestans,
3146 2126 3441 2192 circumsp:
3461 2146 3490 2166 -ι

1900 2226 2045 2281 ctius
2070 2224 2420 2286 observabat,
2438 2234 2491 2276 et
2512 2223 2799 2291 indignans
2816 2220 2981 2274 veluti
3010 2220 3345 2289 deplorabat,
3381 2221 3489 2273 mi—

1903 2333 2087 2373 serum
2138 2332 2199 2373 se
2251 2332 2455 2371 vocans
2488 2315 2789 2383 hominem,
2823 2327 2876 2370 et
2921 2317 3120 2370 anxius
3173 2329 3423 2386 quaerens
3457 2328 3487 2368 a

1904 2425 2138 2481 corpore
2171 2410 2365 2465 mortis
2403 2408 2564 2477 hujus
2600 2408 2950 2463 liberatorem
2992 2427 3005 2464 :
3049 2409 3104 2465 in
3146 2408 3292 2478 quod
3318 2410 3484 2463 etiam

1906 2513 2167 2573 tanquam
2211 2494 2516 2572 generosus
2560 2499 2789 2564 athleta,
2817 2513 3189 2569 coronamque
3248 2515 3487 2557 merens.

1906 2592 2286 2649 vehementius
2312 2592 2551 2655 irruens,
2584 2606 2693 2646 non
2725 2591 2882 2661 prius
2922 2591 3084 2647 desiit
3131 2591 3296 2647 ferire
3321 2591 3492 2645 calcis

1906 2688 2010 2742 bus
2038 2684 2091 2741 et
2116 2685 2329 2740 crebris
2360 2683 2796 2755 sugillationibus
2834 2693 3045 2746 notare.
3084 2698 3248 2751 quam
3298 2685 3353 2738 in
3383 2700 3492 2740 εει-ι

1908 2782 2133 2834 vitutem
2162 2777 2471 2839 adduxerit.
2507 2778 2953 2847 morigerumque
2986 2778 3197 2833 fecerit.

1980 2874 2109 2927 Esto
2140 2887 2293 2936 sane,
2323 2871 2522 2940 inquit,
2550 2878 2607 2923 at
2650 2870 2749 2926 tibi
2786 2870 2985 2926 licebat
3023 2882 3225 2927 natura
3258 2872 3481 2932 subdito

1914 2966 2052 3021 mihi
2087 2966 2411 3021 servitutem
2440 2966 2750 3034 imponere,
2776 2980 2898 3034 quae
2929 2973 3089 3020 notas
3121 2966 3343 3020 inurere
3377 2967 3492 3019 vel-

1835 3077 1881 3137 c
1914 3059 2017 3120 les.
2054 3057 2418 3129 apostolicam
2453 3068 2643 3112 secuta
2696 3057 2954 3122 formam,
2996 3056 3243 3128 illudque
3275 3057 3494 3127 sapiens

1908 3159 2276 3224 pmceptum:
2310 3149 2482 3204 Asino
2512 3149 2721 3205 frenum
2749 3158 2803 3204 et
2829 3149 3105 3217 baculusj,
3152 3163 3313 3204 servo
3336 3151 3495 3220 panis

1909 3253 1965 3299 et
1994 3242 2185 3314 ﬂagra.
2214 3243 2258 3298 Ο
2285 3242 2584 3297 ludibrium
2604 3244 2618 3297 l
2642 3243 2844 3313 quibus
2860 3258 2946 3297 me
2961 3241 3495 3299 dissimulationibus

1910 3338 2145 3403 deludit,
2178 3352 2326 3392 nunc
2359 3338 2548 3393 fateris
2590 3348 2641 3394 te
2694 3339 2827 3392 mihi
2887 3338 3169 3394 subditum
3216 3352 3340 3393 esse
3397 3353 3498 3393 nao

1912 3442 2035 3486 tura
2068 3448 2083 3485 :
2124 3445 2271 3486 nunc
2297 3430 2431 3483 mihi
2458 3430 2640 3486 verbis
2657 3429 3024 3497 adblandiris,
3045 3431 3191 3500 quod
3218 3430 3496 3502 subjicere

1911 3524 2095 3584 liceat,
2139 3520 2304 3578 factis
2356 3531 2627 3593 perpetuo
2660 3537 2999 3591 repugnans.
3036 3524 3149 3592 Ego
3179 3538 3308 3576 vero
3341 3520 3493 3592 quod

1913 3623 1969 3670 tu
1998 3615 2148 3669 Velut
2179 3615 2369 3671 asinus
2416 3615 2696 3685 petulans,
2752 3615 2990 3669 fustibus
3037 3616 3356 3670 medendum
3394 3616 3497 3682 sis,

1913 3718 1967 3763 et
2010 3718 2069 3763 ut
2099 3706 2276 3762 malus
2316 3721 2535 3773 servus,
2564 3705 2889 3762 verberibus
2930 3706 3309 3772 lacerandum,
3333 3707 3498 3762 intels

1914 3802 2084 3872 ligere
2108 3801 2226 3869 ipsa
2248 3814 2381 3854 rsero
2406 3799 2569 3868 coepi.
2600 3795 2803 3852 Verum
2831 3798 3063 3868 agedum
3094 3799 3229 3853 mihi
3263 3814 3520 3868 percon-r

1916 3893 2053 3949 tanti
2081 3890 2391 3962 responde:
2417 3890 2660 3961 quando,
2691 3906 2903 3960 quaso,
2926 3907 3144 3961 quaque
3167 3901 3327 3947 actate
3360 3894 3498 3949 mihi

1916 3990 2075 4041 datur
2126 3996 2179 4041 te
2208 3985 2537 4057 subjiciendi
2593 3995 2857 4055 potestas,
2898 4001 3023 4040 cum
3046 4002 3329 4057 nunquam
3363 4003 3491 4043 cum

1918 4079 2185 4148 Apostolo
2214 4079 2397 4134 dicere
2425 4078 2631 4147 possis,
2663 4088 2715 4133 te
2737 4079 2838 4149 legi
2866 4078 2961 4135 Dei
2992 4080 3305 4149 subjectum
3334 4080 3500 4137 esse?

1920 4183 2183 4227 utrumne
2208 4170 2405 4241 puerili
2454 4180 2510 4225 et
2545 4170 2775 4225 adulta?
2812 4171 2883 4225 At
2941 4181 3057 4225 tum
3089 4172 3290 4227 mentis
3322 4172 3499 4241 impo-

1923 4266 2088 4320 tentia
2123 4264 2424 4333 desipiens,
2455 4278 2542 4318 me
2569 4264 2685 4334 ipsa
2727 4280 2835 4319 non
2866 4279 3091 4334 possum
3115 4261 3198 4321 'uti
3230 4267 3501 4339 intellige-

1924 4373 2090 4427 reqne
2139 4367 2348 4426 quanto
2377 4357 2476 4411 tibi
2529 4366 2805 4427 praestem.
2865 4359 2946 4411 An
2975 4373 3106 4414 vero
3135 4358 3388 4429 juvenili,
3428 4375 3498 4414 an

216 4468 281 4508 es
318 4455 512 4515 inane,
548 4448 741 4517 repleri
778 4447 1057 4502 desideras
1085 4462 1099 4510 ;
1136 4444 1224 4498 Vix
1262 4444 1479 4513 plenum
1522 4456 1604 4507 es.
1636 4440 1816 4495 ἀθυιιο
1849 4424 1894 4480 D
1925 4449 2066 4504 virili
2090 4450 2113 4503 ἲ
2134 4452 2204 4503 At
2238 4461 2351 4504 tum
2379 4424 2543 4505 omne
2576 4452 2783 4505 malum
2814 4459 3017 4519 erupit,
3056 4460 3113 4505 et
3136 4424 3268 4507 inde
3296 4451 3503 4509 bellum

218 4547 453 4599 laboras
507 4542 792 4604 inanitate,
852 4554 916 4592 ac
971 4536 1167 4590 iterum
1219 4534 1467 4604 exquiris
1516 4532 1819 4602 compleri;

214 4653 380 4706 quan
410 4641 457 4688 lo
488 4635 617 4687 item
661 4632 802 4685 fame
835 4629 1136 4695 divcxaris,
1167 4628 1233 4680 ad
1261 4628 1567 4681 satietatem
1603 4635 1654 4678 te
1683 4623 1822 4678 cibis

215 4730 509 4786 oblectas;
541 4738 667 4776 cum
696 4729 1072 4776 exsaturatum
1104 4733 1184 4781 es,
1216 4717 1509 4784 voluptatis
1539 4716 1823 4771 illecebras

214 4822 477 4890 quaeris;
511 4817 641 4885 quin
672 4817 875 4885 potius,
907 4822 962 4867 et
990 4811 1265 4874 esuriens,
1292 4819 1349 4866 et
1371 4811 1613 4880 plenum,
1645 4824 1825 4879 neque

216 4912 517 4970 satietatis
550 4910 795 4973 modum,
826 4920 1005 4975 neque
1047 4904 1342 4973 voluptatis
1375 4904 1682 4957 satietatem
1726 4917 1824 4956 no-

214 5008 344 5069 sti;
382 5004 438 5056 iu
470 5016 579 5070 quo
610 5015 713 5070 ego
762 4997 961 5052 misera
1016 5012 1159 5062 sum,
1211 4994 1329 5064 pari
1386 5010 1544 5065 paena
1570 4996 1826 5049 damnata

217 5114 347 5171 qua
382 5096 487 5150 illa:
515 5095 774 5150 fabulosa:
806 5093 1101 5157 Danaides,
1131 5100 1190 5145 ut
1215 5093 1267 5144 in
1292 5090 1583 5149 infinitum.
1618 5090 1824 5153 utilite,

223 5194 341 5247 tibi
383 5189 734 5252 exhauriant,
765 5188 917 5243 dolio
980 5197 1203 5258 pertuso
1236 5202 1253 5245 ξ
1285 5194 1378 5239 aut
1416 5186 1580 5239 etiam
1637 5185 1825 5239 eadem

222 5285 460 5355 patiens
482 5297 602 5350 qua:
626 5281 847 5335 divinus
867 5280 954 5334 ille
984 5280 1170 5341 David,
1201 5279 1325 5334 huic
1347 5276 1621 5348 profundo
1646 5292 1826 5339 cteuo,

224 5382 289 5431 in
323 5390 439 5443 quo
476 5388 747 5443 nusquam
782 5375 1078 5437 subsistas,
1134 5371 1359 5441 illigata,
1391 5371 1457 5424 ad
1493 5372 1661 5424 imum
1704 5384 1829 5438 per-

224 5482 415 5543 pctuo
451 5471 711 5524 delabens
745 5468 1007 5537 fundique
1042 5467 1309 5527 nescium,
1362 5464 1506 5535 quod
1538 5465 1681 5517 enim
1733 5477 1829 5517 ex~

224 5579 480 5622 tremum
514 5563 838 5632 profundum
864 5573 1080 5616 tuarum
1127 5561 1525 5630 appetitionum
1547 5560 1829 5612 inventum

227 5665 353 5719 est,
391 5656 533 5723 quod
566 5657 781 5710 tandem
839 5666 1175 5724 postremum
1219 5654 1507 5717 subsistat,
1547 5661 1601 5706 et
1626 5661 1720 5705 tuo
1751 5652 1833 5705 ul-

228 5749 433 5806 terius
467 5747 827 5817 progredienti
860 5748 1097 5801 obsistat
1124 5744 1393 5816 impetui?
1426 5760 1531 5798 nou
1567 5754 1649 5797 est
1678 5742 1825 5795 aliud

575 5846 844 5903 ΡΑτιιοι.
888 5845 1004 5902 Gn.
1049 5843 1168 5903 CL.

1924 4544 2306 4597 vehementius
2335 4544 2652 4609 inchoatur,
2714 4558 2803 4597 me
2840 4544 2953 4613 jam
3006 4545 3277 4614 meipsam
3327 4560 3504 4616 agno-

1924 4645 2137 4699 scente,
2187 4644 2241 4689 et
2268 4636 2600 4690 conveniens
2658 4635 3027 4713 primordium
3082 4636 3414 4703 asciscente,
3448 4647 3503 4693 et

1925 4732 2034 4787 alio
2082 4733 2207 4785 vitae
2271 4733 2563 4797 victusque
2613 4741 2815 4796 genere
2853 4726 3067 4782 meliori
3128 4726 3417 4791 utendum,
3451 4739 3506 4783 et

1928 4825 2029 4889 legi
2055 4823 2149 4877 Dei
2187 4820 2649 4890 acquiescendum
2688 4832 2811 4873 esse
2842 4824 3103 4873 censente
3132 4835 3149 4874 :
3183 4819 3289 4874 hoc
3315 4830 3502 4876 autem

1928 4933 2036 4973 sea
2068 4926 2218 4986 grata
2247 4923 2301 4967 et
2331 4926 2518 4967 coasva
2568 4911 2975 4965 consuetudine
3018 4909 3207 4966 divelli
3248 4927 3356 4965 non
3409 4927 3506 4981 pa:-

1934 5010 2125 5072 tiente,
2178 5019 2303 5059 eum
2337 5002 2407 5058 ab
2435 5012 2560 5057 ortu
2588 5003 2655 5057 ad
2696 5002 3014 5058 vicesimum
3062 5017 3236 5073 usque
3294 5020 3499 5060 annum

1926 5097 2267 5167 iuventutem
2306 5095 2361 5149 in
2390 5096 2541 5149 omni
2564 5093 2817 5148 libertate
2856 5094 3194 5163 licentiaque
3224 5096 3500 5149 contrive-

1930 5193 2024 5254 rit,
2074 5200 2130 5245 et
2160 5190 2369 5244 ventris
2402 5188 2663 5260 ingluviei
2692 5188 2982 5251 studuerit,
3020 5198 3075 5242 et
3105 5188 3278 5244 solam
3304 5186 3523 5255 volup-a‘

1933 5292 2099 5337 tatem
2142 5282 2488 5345 exercuerit;
2542 5294 2646 5334 nec
2696 5279 2905 5334 dictum
2960 5279 3118 5335 facile
3174 5288 3279 5341 est,
3336 5292 3503 5345 quam

1935 5376 2180 5431 robustis
2214 5374 2507 5441 impetibus
2537 5374 2673 5429 mihi
2705 5376 2867 5443 quasi
2894 5388 2982 5427 res
3028 5386 3199 5426 novas
3229 5370 3505 5434 molienti,

1936 5476 1990 5521 et
2014 5475 2210 5536 praeter
2242 5479 2461 5534 aequum
2521 5464 2850 5530 dominanti,
2884 5464 3193 5527 renitatur;
3247 5476 3313 5516 ac
3375 5461 3507 5516 milii

1934 5560 2251 5612 diuturnam
2325 5557 2808 5619 consuetudinem,
2857 5564 2913 5609 et
2970 5553 3278 5608 naturalem
3333 5555 3506 5624 legem

1935 5649 2093 5718 quasi
2127 5663 2345 5703 murum
2367 5650 2653 5718 quemdam
2684 5647 2908 5718 objicit;
2942 5647 3106 5723 idque
3135 5648 3511 5714 potissimum,

1937 5743 2064 5813 quia
2092 5756 2287 5797 recens
2326 5743 2538 5797 socium
2570 5741 2956 5809 opitulatorem
3015 5741 3223 5795 ventris
3250 5738 3508 5794 affectum
