3884 6204
431 301 542 366 0'11

1709 300 2088 358 GBEGORH
2129 301 2213 358 PA
2231 303 2372 360 ΙΛῗῶ
3508 314 3588 376 972

423 432 508 472 ,ρο
541 428 787 489 tempore
819 419 1190 474 vehementem
1219 426 1457 476 nactum,
1501 427 1548 465 et
1587 416 1809 482 insuper
1847 413 2018 465 aiari-
2051 420 2090 470 Λ
2123 416 2238 479 Quo
2269 417 2556 484 supplicio,
2598 433 2699 485 qua
2738 432 2898 487 parua
2940 436 3044 472 non
3076 431 3151 475 est
3199 423 3387 495 dignum
3414 437 3498 484 tam
3525 453 3589 487 νιτ-

426 509 598 573 ~.tiam,
633 509 987 562 ambitionem
1021 550 1036 574 ,
1072 517 1123 562 et
1159 507 1202 561 si
1255 507 1382 575 quid
1417 504 1562 558 aliud
1608 505 1798 556 horum
1833 516 2015 556 eomes

445 617 569 656 cum
630 601 723 655 tali
774 609 1034 670 tantoque
1092 611 1234 654 coetu
1291 598 1424 661 coit,
1483 597 1612 650 mihi
1671 597 2014 658 adversatur,

445 692 643 748 astutia
676 692 869 747 bellica
920 691 1082 758 fallit,
1136 701 1190 745 et
1241 691 1344 745 sub
1377 689 1580 759 peccati
1633 689 1803 757 legem
1845 686 2018 756 capti-

445 800 564 839 vam
601 784 839 851 abducit,
874 785 1276 856 persuadetque
1307 792 1364 838 ut
1423 792 1472 836 et
1510 783 1623 851 ipsa
1657 781 1880 844 faciam,
1939 779 2018 831 fa-

443 877 719 944 cientique
752 863 1128 938 consentiam,
1165 874 1312 943 quod
1361 887 1538 942 neque
1584 872 1777 938 probo,
1841 883 2018 939 neque

443 967 585 1021 volo.
615 968 690 1021 lta
721 983 912 1042 parere
935 968 1160 1034 didicit;
1219 969 1294 1022 ita
1336 968 1487 1036 leges,
1537 966 1825 1021 obediendi
1861 965 2011 1019 colit.

444 1060 542 1112 llic
602 1073 781 1128 operae
809 1061 1045 1130 pretium
1089 1061 1271 1126 fuerit,
1315 1060 1476 1115 amici
1527 1059 1617 1113 Dei
1665 1059 1906 1128 judices,
1957 1067 2017 1113 ut

445 1165 550 1203 non
585 1151 786 1204 caedam
848 1151 1104 1213 fustibus,
1142 1161 1198 1204 ut
1254 1151 1483 1206 asellum
1521 1166 1684 1220 agaso
1719 1150 1880 1215 solet,
1942 1150 2014 1204 ita

440 1251 636 1307 prreter
666 1253 914 1296 naturam
945 1243 1291 1311 superbiens,
1317 1251 1372 1297 et
1403 1243 1666 1296 effrenate
1699 1242 2011 1307 lasciviens,

439 1344 633 1386 etnon
696 1335 932 1404 amplius
993 1335 1252 1406 pecuario
1312 1335 1456 1390 fastu
1519 1346 1852 1398 tumescens,
1916 1333 2014 1389 sed

439 1426 677 1479 belluino
716 1427 935 1481 fremitu
986 1429 1232 1496 rugiens,
1292 1443 1388 1481 nec
1421 1428 1715 1490 rebellans,
1755 1437 1807 1481 et
1835 1427 2014 1480 mani-

441 1514 578 1571 festo
607 1519 948 1586 tyrannidem
999 1532 1311 1588 occupans,
1365 1519 1544 1589 ﬂagris
1599 1527 1654 1571 et
1707 1518 1922 1588 pugnis,
1959 1523 2015 1571 ut

443 1608 559 1660 heri
611 1609 786 1663 solent
837 1610 1127 1680 mancipia,
1180 1609 1380 1665 foedcm
1431 1628 1445 1663 :
1501 1608 1598 1663 sed
1650 1609 1817 1675 ferro,
1866 1608 2013 1678 quod

441 1701 612 1775 aiunt,
647 1701 877 1772 igneque
935 1704 1390 1766 animadvertam,
1451 1712 1503 1756 et
1552 1702 1784 1756 illustris
1844 1699 2011 1754 semel

2120 520 2242 558 cors
2288 516 2340 558 ct
2394 507 2694 576 ingratum,
2731 519 2783 562 ct
2841 511 2891 562 in
2939 528 3026 566 me
3076 518 3492 586 contumeliosum.
3537 529 3588 580 ita

2119 599 2435 652 clementem
2471 609 2520 653 et
2550 602 2849 657 miserabili
2887 605 3442 679 commiserescentem,
3470 628 3516 670 ut
3548 636 3596 675 ne

2118 689 2410 743 liberorum
2437 693 2653 759 quidem
2680 709 2869 750 amans
2889 707 3060 751 mater
3082 698 3132 752 in
3164 714 3252 754 sua
3278 701 3422 772 ipsius
3439 707 3598 765 viscera

2117 790 2263 834 esset
2295 781 2530 836 affecta?
2578 786 2645 839 At
2681 785 2752 838 ita
2788 801 2921 842 sane
2964 789 3288 858 adolescens,
3322 795 3386 848 ita
3425 798 3600 866 juvene-

2117 885 2277 927 scens
2306 882 2358 927 ct
2404 873 2612 929 virilem
2651 887 2862 932 aetatem
2913 881 3218 952 attingens,
3264 899 3342 939 me
3381 903 3468 941 non
3500 892 3603 946 solet

2119 970 2446 1022 auscultarc.
2472 969 2540 1022 At
2564 983 2855 1026 senescens
2889 975 3019 1027 mite
3050 975 3342 1046 durtilcque
3379 991 3424 1032 ct
3450 991 3602 1036 tracta-

2119 1057 2226 1112 bile
2249 1069 2331 1114 cst
2356 1060 2419 1112 ad
2443 1076 2504 1114 ea
2528 1077 2648 1130 qua:
2669 1064 2859 1117 decent
2879 1065 3288 1122 instrumentum
3309 1069 3329 1121 ?
3351 1068 3602 1127 Undcnam.’

2117 1150 2276 1216 Quod
2304 1163 2450 1207 certe
2493 1155 2860 1209 membrorum
2893 1157 3074 1224 vigore
3114 1175 3344 1229 nexuque
3374 1163 3545 1231 soluto,
3568 1181 3606 1220 et

2120 1243 2364 1310 ingenito
2405 1244 2586 1298 calore
2631 1247 2919 1310 exstincto,
2973 1249 3232 1303 immobili
3273 1259 3459 1320 torpore
3496 1259 3605 1309 talie-

2116 1334 2318 1389 factum
2345 1337 2507 1390 veluti
2533 1339 2896 1407 compeditum
2917 1351 3019 1405 est,
3044 1352 3096 1394 et
3122 1345 3305 1397 veteris
3320 1346 3497 1402 arboris
3511 1362 3608 1400 eia-

2115 1429 2353 1482 rcsccnti
2389 1440 2583 1483 trunco
2613 1430 2814 1493 simile,
2839 1432 3038 1484 scilirrt
3088 1435 3192 1488 tale
3233 1438 3391 1503 possit
3430 1453 3500 1491 res
3539 1453 3607 1498 ag-

2114 1520 2262 1590 gredi
2292 1519 2462 1574 serias
2487 1529 2540 1574 et
2569 1520 2852 1586 honestas,
2877 1525 3020 1592 quod
3047 1527 3447 1582 sustentantium
3475 1539 3518 1582 et
3547 1545 3611 1583 se-

2114 1611 2364 1666 nescenti
2429 1614 2874 1667 succurrentium
2929 1615 3156 1686 indiget,
3229 1623 3458 1687 praeclare
3513 1639 3608 1675 vero

2076 1732 2078 1734 τ
2115 1718 2330 1758 mecum
2360 1712 2632 1774 ageretur,
2664 1705 2772 1760 nisi
2812 1710 2972 1762 etiam
3011 1724 3142 1765 suas
3179 1712 3303 1765 milii
3333 1713 3613 1770 calamitates

441 1811 676 1865 pugnam
736 1811 1045 1863 conseram,
1099 1798 1352 1852 cominus
1407 1795 1614 1849 hostem
1653 1809 1927 1864 aggressa,
1956 1789 2085 1850 etB
2117 1794 2378 1862 inureret,
2429 1806 2482 1851 et
2541 1798 2739 1866 quibus
2791 1800 3053 1865 abundat,
3112 1803 3356 1858 senilibus
3391 1807 3612 1861 malisin:

442 1896 536 1940 aut
575 1887 755 1956 ipsum
801 1889 1086 1943 honestam
1141 1890 1339 1958 degens
1374 1888 1540 1940 vitam
1573 1887 1882 1948 exhibeam,
1916 1896 2011 1940 aut

443 1977 582 2029 idem
623 1977 768 2046 quod
816 1992 1112 2043 generosus
1156 1974 1391 2029 Samson
1451 1973 1647 2027 faciam
1704 1971 2007 2041 patiarque,

441 2068 775 2130 convellam,
805 2068 1052 2137 inquam,
1086 2070 1228 2136 quod
1268 2066 1526 2137 injuriam
1560 2064 1722 2118 faciat
1753 2081 1768 2116 :
1797 2073 1849 2117 et
1887 2077 2010 2116 cum

441 2161 600 2215 hoste
655 2161 885 2215 cadente
935 2161 1054 2214 laeta
1104 2160 1266 2213 simul
1311 2159 1595 2212 excedam’.
1630 2157 1688 2210 ln
1726 2171 1809 2209 mc
1846 2154 2012 2224 igitur

438 2251 571 2305 illud
601 2266 816 2319 quoque
847 2252 1174 2318 quadrabat,
1212 2249 1355 2320 quod
1377 2247 1663 2316 proverbio
1697 2245 2004 2316 quiritatur.

439 2342 554 2395 Ah!-
587 2357 748 2409 quain
782 2355 947 2410 grave
994 2350 1078 2396 est
1125 2342 1179 2395 id
1234 2340 1550 2395 hominibus
1604 2337 1846 2392 malum?
1884 2351 2008 2392 cum

439 2435 567 2504 quis
600 2433 757 2488 bonis
788 2450 893 2487 non
951 2434 1122 2489 utitur
1153 2433 1237 2488 his
1299 2448 1421 2501 quae
1453 2431 1681 2486 noverit.
1732 2428 1867 2483 Nam
1913 2444 2010 2500 ego

436 2535 589 2579 certo
642 2528 823 2580 sciens
863 2527 914 2578 in
963 2535 1069 2579 tam
1122 2522 1322 2578 rebelle
1381 2537 1488 2577 non
1528 2537 1648 2576 esse
1689 2521 2010 2576 verberibus

439 2617 1014 2681 animadvertendum,
1044 2615 1138 2671 sed
1183 2626 1242 2667 ut
1269 2615 1463 2670 hostile
1503 2614 1627 2670 odio
1673 2627 2008 2683 prosequen-

439 2709 591 2770 dum,
624 2723 730 2761 non
759 2717 940 2760 tamen
971 2707 1116 2760 bono
1147 2705 1254 2760 hoc
1285 2706 1450 2758 animi
1488 2704 1723 2758 consilio
1761 2714 1917 2771 utor;
1944 2707 2009 2760 ab

439 2800 742 2854 innumeris
799 2799 945 2853 enim
1007 2797 1391 2852 affectionibus
1449 2795 1672 2866 depulsa
1716 2797 2004 2865 impedior.

435 2889 568 2955 Quae
597 2901 725 2942 sunt
761 2891 878 2943 lue?
906 2904 1013 2944 non
1042 2891 1188 2943 enim
1223 2905 1320 2944 vos
1351 2886 1563 2943 celabo.
1597 2887 1779 2941 Pudor
1803 2928 1817 2950 ,
1864 2901 1996 2955 par-

435 2984 597 3047 citas,
653 2982 1075 3045 misericordia,
1119 2992 1299 3037 metus
1359 2998 1465 3036 non
1527 2980 1853 3049 intrepidus,
1911 2979 2028 3058 sed

379 3071 387 3084 '
437 3073 676 3129 lctlialis.
708 3073 882 3127 Pudet
916 3087 1004 3127 me
1039 3073 1227 3141 hujus,
1285 3080 1343 3125 ut
1384 3073 1657 3136 conservi,
1685 3081 1739 3126 et
1797 3080 1855 3124 ut
1907 3071 2008 3124 ali-

436 3168 656 3235 quando
699 3180 788 3220 me
823 3164 1152 3234 adiurantis,
1185 3166 1230 3219 si
1263 3178 1372 3218 non
1425 3165 1530 3217 hoc
1577 3173 1842 3231 tempore,
1895 3162 2014 3216 for-’

439 3259 602 3312 lassis
667 3254 720 3309 in
780 3256 1048 3319 futurum,
1097 3263 1150 3309 et
1218 3263 1276 3307 ut
1338 3252 1567 3319 sodalis,
1621 3253 1807 3316 amici,
1846 3253 2001 3317 socii,

435 3350 752 3420 coaequalis.
795 3350 970 3404 Pareo
1004 3348 1364 3415 abstincoque
1400 3355 1656 3413 tanquam
1709 3345 1777 3399 ab
1804 3359 2003 3399 aermn-

438 3459 595 3506 noso,
630 3441 853 3500 infelici,
883 3439 1106 3494 misero.
1143 3442 1218 3492 Ac
1259 3453 1346 3491 mc
1393 3439 1568 3492 vicem
1615 3437 1736 3506 ejus
1765 3437 2004 3506 graviter

441 3538 695 3598 miseret,
757 3533 1054 3602 nescioque
1115 3543 1355 3602 quonam
1413 3528 1574 3583 modo
1631 3543 1754 3582 cum
1808 3526 2006 3581 afﬂicto

437 3625 783 3686 coiutolesco,
839 3639 961 3678 cum
1013 3636 1276 3691 Oppi-csso
1332 3635 1442 3674 una
1492 3619 1796 3674 molestiam
1825 3617 2004 3686 capio,

435 3734 558 3772 cum
587 3719 800 3771 dolente
826 3716 1160 3770 cohaerescu.
1207 3713 1476 3767 Praeterea
1512 3725 1677 3765 caveo
1724 3726 1794 3764 ne
1839 3710 2008 3764 offen-

433 3810 688 3870 sionibus,
716 3808 956 3875 acceptis
999 3804 1318 3873 imprudens
1366 3812 1510 3868 ruat,
1536 3811 1591 3855 et
1621 3801 1754 3854 mihi
1780 3815 2002 3856 causam

434 3917 626 3956 carum
656 3915 838 3954 rerum
870 3914 1010 3968 quas
1042 3901 1220 3966 ipsum
1263 3895 1650 3957 attentavcrit,
1680 3903 1776 3946 aut
1809 3891 2008 3946 vinctis

433 3991 742 4048 custodiam
768 3989 1202 4060 perfodientibus
1222 4003 1288 4041 ac
1323 3985 1670 4042 elabeutibus
1692 3991 1787 4036 aut
1816 3996 2007 4038 servos

437 4084 919 4152 aui-rumpentibus
961 4081 1416 4149 inquisitionibus
1445 4087 1500 4132 et
1532 4077 1821 4132 tormentis
1849 4077 2011 4129 vehe-

440 4175 826 4240 mentioribus,
872 4173 1158 4227 attribuat.
1212 4172 1492 4236 Quantum
1544 4169 1691 4222 enim
1738 4167 1912 4220 audax
1957 4175 2010 4220 et

437 4275 788 4325 temerarium
830 4277 949 4333 est,
982 4269 1203 4334 quando
1237 4266 1444 4318 lautius
1478 4263 1718 4317 nutritur
1745 4301 1759 4327 ,
1796 4270 2007 4313 tantum

437 4367 506 4420 ab
536 4377 781 4424 aerumna
797 4360 1041 4429 qualibet
1064 4368 1390 4412 occur-rente
1411 4365 1686 4416 vexatum,
1715 4353 2010 4406 commori-

2116 1888 2419 1954 referciret,
2453 1892 2644 1946 delirio
2687 1893 2930 1961 inquam,
2968 1911 3159 1950 errore
3191 1907 3244 1950 et
3270 1906 3486 1952 veterno.
3511 1901 3613 1953 Nam

2113 1979 2160 2034 si
2183 1997 2371 2034 verum
2407 1993 2508 2047 est,
2539 1994 2776 2039 mentem
2811 1985 3051 2042 Tithono
3077 2005 3466 2054 consenescere,
3485 2003 3528 2045 et
3553 1993 3611 2047 bis

2111 2087 2312 2142 pueros
2347 2088 2506 2130 senes
2563 2078 2702 2140 fieri,
2760 2079 2828 2132 ad
2885 2084 3375 2150 rcpucrascendum
3421 2084 3550 2153 profe
3577 2094 3615 2138 to

2112 2167 2332 2212 aetatum
2371 2163 2728 2218 conversione
2758 2167 3126 2231 revertimur;
3164 2186 3222 2224 ac
3243 2186 3424 2240 corpus
3445 2174 3612 2242 quidrut

2113 2247 2258 2302 videt
2307 2258 2362 2303 et
2413 2251 2526 2306 odit
2576 2253 2865 2321 obtusius,
2897 2272 2996 2328 ego
3034 2274 3164 2313 vero
3216 2262 3355 2317 senis
3391 2263 3619 2316 delirantis

2113 2337 2436 2408 lippitudine
2472 2343 2824 2416 cmcitateque
2850 2355 3113 2415 tanquam
3146 2349 3370 2402 tenebris
3396 2349 3616 2414 otl‘untlor,

2113 2444 2212 2484 nec
2269 2431 2484 2485 acutius
2526 2432 2638 2500 jam
2689 2450 2913 2490 cernere
2953 2452 3206 2504 possum.
3260 2438 3320 2494 Et
3370 2440 3490 2495 illud
3526 2455 3619 2496 cum

2113 2520 2345 2574 aliarum
2381 2538 2564 2576 rerum
2591 2514 2979 2592 obliviscatur,
3006 2529 3252 2584 alimenti
3275 2543 3437 2586 tamen
3462 2534 3504 2584 in
3531 2547 3622 2599 per-

2113 2621 2338 2681 petuum
2369 2615 2637 2678 meminit,
2670 2625 2722 2670 et
2744 2620 2998 2686 genuinis
3030 2637 3144 2675 non
3169 2623 3390 2691 amplius
3418 2623 3623 2677 dentibus

2112 2698 2166 2752 in
2221 2699 2447 2754 alveolis
2495 2702 2696 2768 infixis,
2739 2715 2917 2762 tamen
2965 2711 3210 2765 maxillis
3251 2712 3520 2765 molaribus
3553 2712 3625 2764 de-

2112 2788 2319 2844 stitutis
2385 2791 2541 2846 molit
2603 2801 2663 2847 ut
2716 2806 2911 2863 potest,
2945 2815 3090 2868 quas
3137 2801 3294 2855 etiam
3330 2803 3624 2872 proverbium

2111 2881 2386 2950 quoddam
2432 2892 2490 2936 ut
2519 2895 2571 2938 et
2604 2885 2942 2954 Scipionem,
2966 2891 3087 2944 seni
3133 2891 3387 2960 largitur:
3414 2908 3499 2961 ego
3526 2909 3624 2944 vctu

2112 2990 2219 3027 nou
2247 2973 2358 3044 jam
2393 2978 2676 3046 disciplina
2709 2987 2762 3033 et
2796 2982 3066 3036 memoria
3114 2993 3291 3050 utens,
3333 2998 3491 3052 neque
3521 2997 3624 3037 sane

2111 3068 2294 3122 denuo
2328 3079 2385 3123 ut
2412 3069 2598 3134 didici,
2635 3085 2903 3141 prmcepta
2923 3072 3250 3139 recordans,
3279 3075 3441 3129 solum
3472 3075 3622 3138 ingur-

2108 3159 2249 3229 gitor
2300 3160 2591 3216 oblivionis
2620 3165 2835 3232 poculo,
2891 3168 3081 3235 itaque
3116 3167 3370 3237 paulatim
3398 3182 3426 3222 e
3449 3164 3624 3221 sublimi

2110 3251 2180 3304 ad
2243 3253 2503 3322 puerilem
2579 3256 2861 3323 regredior
2915 3266 3162 3312 aetatem.
3227 3257 3455 3312 Tametsi
3510 3257 3621 3309 enim
3690 3261 3695 3268 '

2111 3347 2593 3413 temperationibus
2612 3347 2856 3402 adversis
2885 3347 3066 3404 affecti
3099 3360 3229 3404 sunt
3259 3359 3312 3405 et
3331 3349 3470 3420 pueri
3495 3357 3540 3402 et
3558 3347 3627 3399 dc-

2110 3438 2296 3504 crepiti
2325 3454 2506 3497 senes.
2532 3442 2675 3508 quod
2706 3439 2779 3493 illi
2815 3441 3023 3494 humidi
3052 3441 3167 3496 sint
3188 3451 3240 3496 et
3271 3441 3443 3504 calidi,
3469 3438 3514 3493 lii
3529 3435 3626 3491 sicci

2109 3539 2163 3582 ct
2198 3529 2401 3598 frigidi,
2437 3527 2669 3600 utraque
2701 3542 2879 3587 tamen
2924 3541 3064 3588 tetas
3113 3523 3390 3605 sapientiae
3421 3547 3554 3588 usum
3581 3542 3625 3583 ac

2110 3623 2410 3690 prudentia:
2463 3624 2592 3676 mihi
2635 3634 2828 3693 negat;
2884 3625 3177 3694 nimirum,
3210 3627 3421 3696 quando
3469 3621 3628 3694 puerile

2109 3724 2311 3777 corpus
2357 3710 2460 3765 sib
2491 3714 2814 3779 perhumido
2867 3714 3128 3784 sincipttc
3178 3717 3448 3784 cerebrum
3497 3718 3629 3784 gestat

2111 3816 2400 3869 aquosum,
2443 3812 2500 3856 ut
2531 3804 2664 3856 nihil
2697 3803 3005 3873 intelligens
3043 3807 3227 3862 infans
3258 3803 3630 3877 sapiozquaudo

2111 3909 2237 3948 vera
2289 3895 2525 3948 calvaria
2562 3897 2717 3949 senio
2747 3899 2995 3953 eminens
3041 3910 3237 3963 paret,
3284 3899 3412 3952 nihil
3457 3895 3514 3950 ab
3551 3907 3626 3946 uva

2111 4002 2294 4057 passa,
2348 3997 2403 4041 ut
2452 3988 2504 4041 in
2543 3989 2832 4056 proverbio
2875 3999 2982 4055 est,
3015 3991 3312 4056 absimilis,
3362 4001 3547 4043 rursum
3589 3996 3629 4032 ut

2111 4078 2295 4133 infans
2331 4089 2575 4148 reputor.
2623 4078 2944 4134 Aﬂ‘ectioncs
2997 4081 3150 4135 enim
3199 4085 3558 4150 cxsupcrantes
3591 4083 3632 4124 et

2111 4186 2400 4240 corporum
2434 4179 2708 4236 naturam,
2744 4185 2846 4226 nec
2888 4170 3079 4226 minus
3117 4171 3224 4226 mei
3270 4179 3465 4240 partem
3499 4166 3629 4218 ratio-

2115 4267 2390 4320 cinantem
2423 4262 2749 4318 labefactare
2793 4262 3153 4318 vehementer
3186 4270 3425 4334 possunt.
3468 4256 3631 4310 Omitto

2118 4359 2326 4427 reliqua
2355 4371 2644 4412 recensere
2678 4369 2798 4424 qua:
2837 4355 2935 4409 has
2963 4364 3179 4420 anates,
3214 4354 3436 4424 primam
3476 4357 3519 4402 et
3557 4360 3631 4415 po-

439 4465 568 4517 tur;
603 4465 709 4506 non
749 4450 914 4506 modo
944 4448 1088 4504 enim
1135 4448 1328 4502 morbo
1372 4447 1648 4510 laborans,
1691 4445 1781 4498 sed
1815 4452 1871 4498 et
1911 4443 2007 4496 tri-
2039 4479 2084 4533 Β
2115 4459 2373 4506 ειτρηιειηι
2432 4450 2557 4504 dico
2624 4461 2842 4502 sorores
2909 4461 3208 4516 germanas
3282 4447 3634 4512 consequtlnltll'

436 4557 592 4610 gere,
652 4540 870 4609 vigiliis,
919 4539 1123 4603 esurio,
1169 4538 1374 4607 sitique
1421 4537 1712 4591 labascens
1775 4548 1840 4588 ac
1879 4532 2008 4588 deti-

437 4640 590 4696 ciens
618 4631 768 4686 humi
798 4629 1159 4700 provolvitur,
1195 4630 1547 4696 concitatqu
1599 4628 1666 4680 ad
1697 4626 2009 4679 misericor-

436 4727 586 4783 diam
617 4727 829 4789 bostes,
873 4722 1071 4782 nedum
1105 4736 1192 4778 me
1227 4719 1489 4778 nascendi
1519 4734 1583 4774 ac
1615 4717 2011 4782 vivisceudi,et

442 4821 689 4892 profecto
726 4815 1050 4876 renascendi
1098 4819 1264 4884 atque
1310 4812 1673 4868 reviviscendi
1705 4812 1911 4866 sociam
1958 4818 2012 4862 et

440 4913 779 4985 participem.

509 5097 917 5162 Ile-miseranti
954 5094 1086 5165 quid
1111 5093 1287 5163 patiar
1323 5099 1420 5145 aut
1461 5089 1684 5153 faciam,
1732 5105 1856 5144 ciun
1902 5102 2012 5143 tam

439 5189 838 5260 multiplicibus
873 5186 1032 5241 malis
1073 5185 1304 5246 invadite
1352 5183 1506 5237 socio
1541 5182 1829 5245 conjuncta
1855 5221 1872 5244 ,
1919 5183 2011 5238 iis.-

443 5287 676 5353 detmlue
725 5283 920 5337 affecta
947 5320 961 5345 ,
1025 5296 1154 5333 cum
1205 5291 1313 5345 quo
1358 5292 1388 5328 a
1419 5275 1603 5342 pueris
1645 5275 1697 5326 in
1756 5272 2008 5326 currulem

443 5381 800 5452 ignorationis
837 5377 1061 5432 litandum
1096 5373 1357 5440 depellar,
1393 5379 1448 5422 et
1498 5382 1622 5421 cum
1661 5381 1770 5434 quo
1798 5364 2011 5432 juveni-

441 5476 567 5531 litor
615 5474 686 5528 ad-
729 5468 1096 5528 comuwelias
1130 5461 1454 5533 .prolabenti
1502 5456 1819 5528 corripiorz?
1886 5473 2009 5511 cum

448 5567 632 5633 ipstun
673 5562 932 5617 insolitis
963 5561 1107 5628 viget
1141 5559 1281 5620 suis,
1323 5554 1580 5621 «quidem
1622 5550 1841 5618 indigne
1884 5550 2018 5613 fero,

444 5668 682 5720 cumque
711 5669 802 5706 me
831 5656 896 5706 ad
927 5653 1158 5716 nefanda
1189 5650 1430 5700 facinora
1457 5643 1599 5710 rapit
1624 5660 1638 5706 ;
1663 5659 1786 5696 cum
1822 5657 2016 5694 rursus

445 5742 703 5815 alliigitur
753 5746 970 5807 misere,
999 5739 1572 5803 reflexud-istorqueor,
1602 5744 1656 5788 et
1683 5750 2021 5790 mansuesro.

2113 4551 2459 4596 excrementa
2495 4539 2789 4610 superﬂua,
2843 4539 3056 4591 calvam
3095 4536 3424 4605 depilatam;
3471 4526 3635 4584 accedit

2117 4637 2222 4689 huc
2251 4649 2312 4688 os
2361 4633 2659 4686 salivosum
2688 4642 2744 4686 et
2785 4629 3135 4693 edentulum,
3179 4623 3459 4698 lacrymosi
3486 4631 3531 4675 et
3558 4618 3633 4670 liu-

2117 4739 2324 4782 mentes
2351 4725 2516 4788 oculi,
2552 4737 2712 4776 nares
2737 4735 2989 4780 nmeosze,
3015 4720 3189 4788 pedes
3209 4718 3398 4788 partim
3421 4713 3634 4767 nonduin.

2117 4819 2312 4888 partim
2351 4832 2456 4868 non
2505 4812 2738 4880 amplius
2779 4811 2846 4864 ad
2901 4809 3327 4877 ingrediendum
3384 4801 3561 4858 habiles
3595 4801 3634 4848 el

2117 4911 2224 4980 apti
2256 4928 2269 4964 :
2297 4907 2673 4961 membrorum
2706 4904 2832 4957 item
2887 4903 3127 4956 tremula
3185 4897 3548 4957 inconstantia,
3593 4899 3630 4941 et

2119 5005 2283 5059 totius
2311 4999 2560 5069 corporis
2584 4995 2988 5066 conquassatio.
3023 4993 3134 5048 S.-d
3163 4984 3636 5063 quousquerecitar:

2121 5093 2392 5147 cernendo
2422 5087 2670 5157 corporis
2704 5087 2889 5140 omnia
2937 5083 3122 5138 tristia
3154 5085 3294 5138 mala
3335 5083 3518 5152 quibus
3542 5071 3634 5127 εσυ.

2119 5194 2290 5246 ctum,
2311 5193 2406 5235 aut
2434 5193 2523 5233 me
2559 5178 2756 5232 misere
2788 5177 2857 5230 ad
2885 5174 3385 5236 condolescendum
3419 5163 3631 5223 attrahit,

2125 5285 2220 5331 aut
2259 5272 2516 5326 miserius
2547 5271 2618 5329 ad;
2645 5268 3031 5323 collaetandum
3065 5263 3341 5333 corripit?
3375 5249 3634 5330 lgiturmul-

2126 5368 2195 5419 tis
2230 5362 2632 5433 praetermissis,
2666 5375 2729 5412 ac
2764 5360 3093 5412 morborum
3134 5355 3470 5411 exaniinibus
3495 5354 3634 5414 prcit"

2128 5458 2267 5518 ritis,
2317 5470 2348 5508 a
2394 5453 2614 5522 quibus,
2669 5451 2800 5505 dum
2829 5450 3072 5514 fovetur,
3116 5450 3282 5517 riget,
3322 5443 3528 5500 artubus
3557 5445 3638 5485 tor-

2126 5559 2346 5618 quetur,
2390 5557 2464 5612 et,
2497 5555 2555 5597 ut
2581 5545 2772 5612 paucis
2807 5543 3123 5605 absolvam,
3165 5543 3292 5595 dum
3322 5535 3454 5596 male
3493 5525 3639 5618 habelv

2129 5640 2492 5704 concrucior;
2535 5635 2853 5690 summatim
2904 5634 3164 5702 colligam
3215 5629 3478 5685 infestiora
3521 5613 3639 5709 mala

2132 5734 2327 5801 quibus
2353 5731 2626 5784 immerito
2651 5725 2878 5782 alliciar.
2927 5723 3000 5778 Ut
3039 5723 3373 5778 naturalibus
3405 5706 3640 5766 iaculi“?
