3884 6204
246 335 355 400 S73

1573 311 2154 376 PROSOPOPCELE.

3391 300 3506 366 974

194 491 204 500 ι
248 455 350 508 bus
408 448 636 502 abusum
700 441 768 494 ad
817 439 1065 492 vitiosam
1126 433 1435 490 satietatem
1484 440 1538 484 et
1594 428 1828 482 delicias
1858 435 1902 489 Λ
1935 430 2194 499 iniuriam
2243 425 2436 495 patiar,
2488 426 2827 494 permittere.
2874 421 2930 474 Si
2966 409 3110 474 enim
3151 417 3501 484 evattgciicus

249 543 434 602 fuerit,
466 531 832 592 demonstravi
858 547 873 582 :
909 539 1074 595 utque
1103 525 1235 578 mihi
1267 523 1488 576 conanti
1515 519 1818 590 providere,

247 647 303 693 et
340 636 406 689 ad
438 625 774 686 moderatius
803 623 931 675 vita:
952 635 1122 690 genus
1147 630 1424 678 revocare,
1458 611 1720 668 restiterit
1769 618 1822 664 et

251 721 629 784 insurrexerit,
691 718 917 770 liberam
975 710 1190 764 vivendi
1243 704 1697 761 consuetudinem
1768 709 1822 752 ut

252 825 424 890 legem
486 809 818 868 immobilem
879 803 1259 874 prmteudens,
1319 808 1372 851 et
1422 807 1478 849 ut
1533 793 1828 847 indomitus

251 912 522 983 quispiam
586 903 816 964 vitulus,
875 897 1066 966 iugum
1123 891 1408 947 servitutis
1466 885 1829 956 ignominiose

251 979 565 1070 despiciens
613 1003 666 1048 et
727 990 988 1059 iniuriam
1033 986 1273 1053 spirans,
1311 992 1366 1034 et
1413 979 1635 1034 taurino
1679 989 1830 1028 more

252 1067 535 1150 saeviens:
592 1083 854 1153 quodque
898 1077 1162 1147 gravius,
1226 1079 1284 1124 ut
1333 1078 1542 1122 naturae
1595 1067 1728 1119 fixas
1777 1071 1830 1116 et

254 1194 436 1242 certas
477 1181 625 1248 leges
659 1173 960 1228 transiliat.
1000 1167 1137 1222 Nam
1174 1180 1296 1219 cum
1327 1173 1590 1216 statutum
1644 1160 1734 1219 sit,
1776 1166 1835 1209 ut

256 1296 345 1334 me
370 1277 592 1333 ducem,
621 1284 746 1338 qua:
777 1263 1007 1319 rationis
1043 1274 1164 1315 sum
1200 1257 1496 1324 particeps,
1539 1262 1592 1306 et
1629 1251 1692 1305 ad
1728 1250 1834 1302 im—

257 1369 559 1441 perandum
594 1359 827 1414 habilior
851 1353 1115 1422 etaptior,
1146 1358 1428 1418 sequatur,
1450 1346 1625 1413 ipsum
1651 1341 1835 1410 potius

259 1438 531 1532 imperare
563 1453 697 1508 mihi
731 1447 1036 1511 contendit,
1089 1453 1147 1496 ut
1179 1443 1363 1503 velim,
1395 1439 1583 1496 nolim,
1625 1438 1690 1487 ad
1729 1448 1836 1486 una

261 1530 662 1624 suppeditanda
715 1539 1016 1609 voluptatis
1063 1533 1353 1588 eilicientia
1407 1530 1730 1600 pertrahar,
1785 1535 1839 1576 et

261 1616 520 1703 indecore
549 1654 635 1694 me
667 1650 793 1691 cum
827 1649 893 1688 eo
917 1644 1126 1701 geram,
1163 1625 1329 1679 veluti
1366 1623 1603 1692 quadam
1633 1616 1836 1686 duplici

261 1743 371 1798 telo
401 1753 562 1793 manu
583 1742 816 1796 armata,
851 1724 1246 1780 violentissima
1275 1719 1624 1787 captivitate,
1656 1726 1709 1767 et
1737 1714 1840 1765 irr-

261 1847 492 1908 postura
519 1828 655 1883 nihil
686 1841 794 1880 non
822 1822 1094 1876 alliciente
1139 1822 1436 1886 pertracta.
1470 1808 1838 1863 Molestiarum

260 1895 429 1983 etiam
470 1935 608 1993 quas
639 1914 878 1986 aspergit
912 1910 1070 1973 mihi,
1126 1917 1240 1961 tum
1275 1905 1328 1957 in
1393 1897 1748 1970 puerili,tum
1789 1895 1840 1945 iu

262 2028 425 2074 aetate
458 1987 647 2072 senili,
695 2005 797 2062 etsi
856 2010 1052 2056 natura
1084 1995 1523 2064 inculpabilium,
1559 1987 1839 2042 miseriam

267 2125 456 2168 tamen
513 2097 1016 2171 multiplicantium,
1068 2087 1391 2158 tragmdiam
1444 2083 1620 2135 obiter
1668 2078 1843 2146 attigi.

265 2203 437 2271 Quasi
472 2199 619 2253 enim
654 2207 760 2246 non
793 2187 1102 2244 suilicerent
1149 2179 1327 2235 :etatis
1359 2175 1592 2245 vigentis
1634 2183 1687 2226 et
1740 2171 1846 2222 fer-

269 2261 544 2351 vescentis
575 2287 642 2341 ad
671 2297 759 2338 res
790 2276 1140 2348 turpissimas
1175 2271 1340 2333 mala,
1373 2271 1541 2321 etiam
1575 2278 1696 2332 quae
1719 2261 1845 2314 huic

273 2384 621 2454 interiacent,
679 2390 809 2430 suas
862 2383 1084 2440 quoque
1122 2363 1463 2418 calamitates
1515 2359 1619 2410 huc
1649 2353 1849 2421 confe-

275 2447 434 2536 runt:
456 2474 523 2529 Et
545 2468 872 2528 omnibusin
907 2465 1072 2518 rebus
1106 2467 1341 2529 quantas
1369 2455 1694 2525 quotiesque
1716 2447 1847 2502 mihi

273 2565 708 2626 contumeliosas
747 2571 1024 2616 aerumnas
1063 2555 1167 2606 hoc
1197 2551 1318 2606 lene
1355 2561 1555 2615 corpus
1580 2542 1850 2602 infundat,

276 2661 470 2719 leviter
517 2655 728 2724 aperui.
777 2651 854 2705 Ne
923 2647 1155 2719 posthac
1194 2642 1360 2712 igitur
1404 2651 1516 2693 tam
1565 2635 1854 2689 inhoneste

279 2757 461 2822 imago
491 2749 586 2804 Dei
616 2746 684 2801 ab
732 2745 835 2798 hac
878 2742 1024 2795 lutea
1077 2735 1308 2804 coniuge
1344 2737 1617 2799 turpetur,
1665 2735 1718 2779 et
1762 2725 1862 2778 do-

279 2848 428 2902 mina
481 2838 779 2906 mancipati
830 2824 1573 2894 dominationisubiiciatur,
1613 2828 1854 2874 vestrum

281 2947 368 2993 est
396 2945 451 2990 et
483 2933 780 3001 reliquum,
815 2925 1054 2994 iudices,
1105 2919 1360 2988 suffragia
1404 2915 1572 2978 ferre,
1615 2911 1861 2981 iniuriai-

281 3045 391 3099 que
448 3041 542 3082 reo
587 3037 804 3095 ιιοεηειη
859 3017 1219 3079 constituere,
1264 3026 1365 3066 nec
1396 3019 1453 3063 ut
1482 3024 1582 3076 ego
1633 3005 1860 3075 posthac

1867 3218 1932 3226 .—

1931 527 2020 580 ille
2042 527 2233 596 iudex,
2266 538 2443 604 neque
2477 523 2642 575 Deum
2683 519 3004 579 formidans,
3042 530 3219 584 neque
3253 510 3503 566 homines

1931 620 2220 678 reveritus.
2288 616 2710 670 vindicationem
2785 624 3082 682 aggressus
3135 616 3250 666 est,
3299 611 3505 673 quanto

1933 711 2108 776 magis
2164 725 2259 761 vos
2293 706 2642 760 vindicabitis
2669 718 2777 764 me,
2813 701 2906 770 qui
2941 707 2993 751 et
3032 697 3295 763 religione
3328 694 3502 749 sancti

1932 803 2086 866 estis,
2129 812 2181 853 ct
2218 815 2396 884 γυιων
2437 799 2797 849 humanarum
2847 790 3090 859 providi?
3125 788 3257 840 Nam
3303 787 3352 838 ei
3392 800 3504 836 nte-

1935 896 2044 948 rito
2081 909 2144 946 ne.
2175 881 2453 961 parcatur,
2484 892 2526 943 si
2577 888 2696 954 eius
2734 895 2940 938 natura:
2970 883 3115 952 quod
3163 890 3246 933 est
3297 881 3506 930 luctuo-

1933 1003 2056 1041 sum
2084 995 2137 1040 et
2172 983 2484 1038 miserabile.
2527 987 2882 1033 convertatur
2927 978 2993 1028 ad
3028 974 3451 1042 supplicandum
3491 989 3503 1024 ε

1935 1081 2029 1134 sed
2075 1078 2144 1132 ab
2197 1077 2316 1145 eius
2347 1074 2615 1129 seditione
2645 1069 3049 1136 manifestaque
3098 1064 3384 1135 tyrannide
3412 1078 3508 1114 vos

1937 1175 2311 1233 abhorrentes,
2361 1182 2390 1220 a
2440 1167 2658 1219 duobus
2712 1164 2942 1215 alterum
2992 1161 3138 1228 iuste
3197 1157 3507 1211 faciendum

1940 1265 2194 1320 statuatis
2230 1281 2242 1316 :
2274 1269 2373 1313 aut
2408 1267 2465 1311 ιιι
2514 1257 2645 1309 mihi
2705 1256 2863 1309 detur
2897 1254 2969 1307 ita
3005 1266 3126 1306 meo
3165 1249 3509 1305 tractandum

1941 1355 2193 1415 arbitrio,
2247 1350 2635 1420 torquendum,
2687 1345 2872 1415 ﬂagris
2925 1347 3272 1406 caedendum,
3334 1342 3514 1396 inedia

1942 1445 2347 1509 suD‘ocandum,
2379 1443 2523 1495 omni
2569 1447 2971 1494 tormentorum
3011 1452 3209 1504 genere
3262 1437 3516 1489 crucian-

1943 1541 2095 1598 dtnn,
2139 1547 2197 1590 ut
2241 1551 2269 1588 a
2325 1549 2408 1587 me
2447 1525 2721 1602 gestorum
2780 1531 2920 1582 ratio
2980 1528 3128 1580 nulla
3174 1535 3515 1594 reposcatur,

1945 1631 2110 1683 etiam
2168 1629 2212 1682 si
2263 1625 2588 1679 mutilavero
2647 1632 2701 1676 et
2756 1621 2977 1674 omnino
3023 1616 3369 1671 confecero:
3425 1624 3518 1667 aut

1948 1721 2242 1789 apostolica
2277 1717 2648 1779 aemulatione,
2694 1711 2912 1766 Satana:
2961 1708 3264 1768 communi,
3298 1708 3416 1759 diro
3469 1718 3523 1759 et

1948 1813 2164 1882 publico
2217 1807 2410 1864 tortori
2448 1808 2680 1860 tradam.
2739 1804 2983 1870 Quorum
3029 1800 3175 1853 enim
3233 1813 3360 1853 vasa
3398 1797 3523 1851 fera:

1946 1916 2177 1958 terrenae
2204 1900 2465 1959 incolent,
2495 1906 2552 1951 ut
2580 1906 2663 1950 est
2697 1897 2748 1949 in
2780 1894 3006 1950 oraculo
3040 1893 3311 1963 (incolunt
3341 1901 3519 1944 autem

1947 1992 2452 2063 perturbationibus
2476 1987 2867 2050 incidentibus)
2892 1999 3083 2039 eorum
3111 1993 3163 2038 et
3206 1996 3382 2052 poena:
3415 1983 3526 2036 sint

1949 2085 2260 2139 mortalium
2300 2081 2695 2136 suﬂocatrices.
2753 2079 2828 2132 ita
2885 2077 3252 2137 verberatum,
3302 2074 3525 2127 demens

1952 2174 2186 2228 mentem
2226 2171 2365 2226 feret
2400 2186 2566 2240 seque
2605 2168 2822 2223 tandem
2872 2175 3151 2234 agnoscet,
3181 2173 3229 2217 et
3278 2178 3307 2216 a
3365 2171 3526 2231 petu-

1954 2269 2123 2322 lantia
2146 2267 2406 2328 cessabit,
2437 2280 2502 2319 cx
2556 2278 2732 2333 eoque
2777 2263 2918 2331 quod
2966 2267 3085 2313 erat
3131 2265 3408 2311 armatura
3447 2257 3531 2308 in-

1948 2357 2206 2427 iustitite,
2274 2355 2342 2408 ad
2401 2353 2630 2423 iustitia:
2685 2349 3035 2406 commodum
3103 2347 3526 2400 instrumentum

1953 2456 2326 2504 convertetur.
2362 2444 2552 2514 Itaque
2602 2445 2656 2498 itt
2707 2450 2988 2512 posterum
3026 2435 3391 2510 seditionibus
3419 2449 3529 2487 non

1959 2542 2312 2612 agitabimur,
2343 2553 2444 2593 nec
2486 2537 2658 2591 altero
2690 2535 2926 2588 alterum
2969 2533 3101 2602 iugo
3133 2531 3403 2592 nitemur;
3439 2528 3532 2581 sed

1958 2633 2219 2691 concordi
2248 2631 2656 2700 conspiratione
2685 2636 2740 2682 et
2763 2639 3038 2682 consensu
3077 2623 3302 2692 iunctas
3334 2633 3533 2690 operas

1964 2728 2018 2781 in
2045 2729 2207 2780 rebus
2253 2722 2496 2778 honestis
2530 2730 2582 2776 et
2607 2720 2768 2774 seriis
2793 2717 3187 2774 collocabimus
3212 2755 3226 2780 ,
3260 2725 3314 2770 et
3345 2715 3534 2781 coniu-

1962 2832 2204 2888 gatorem
2235 2823 2478 2870 nostrum
2521 2812 2790 2876 colemus,
2831 2823 2895 2863 ac
2929 2808 3089 2863 nobis
3126 2807 3260 2876 ipsis
3303 2806 3539 2875 promis-

1966 2927 2082 2966 Sam
2155 2911 2301 2963 illam
2361 2904 2800 2968 beatitudinem,
2862 2898 3324 2957 intercedentibus
3384 2899 3536 2952 vobis

1965 3003 2186 3055 arbitris
2209 3011 2262 3054 et
2290 2999 2507 3066 legatis,
2538 2995 2904 3067 comparaturi
2938 3007 3154 3049 sumus.

453 3411 785 3480 ALTERA
828 3401 1408 3484 [DECLAMATIO
1442 3447 1458 3475 ,
1491 3398 1860 3476 ρυΑςΕΤ.

1965 3395 2045 3456 SA
2097 3396 2266 3456 EST
2296 3393 2834 3454 ASSUMPTIVA
2865 3385 3376 3456 REFUTATIO.

1565 3595 1804 3671 Quibus
1836 3592 2040 3653 verbis
2088 3610 2318 3669 corpus

797 3766 1022 3818 contra
1051 3760 1312 3812 mentem
1351 3750 1415 3809 in
1441 3747 1683 3828 judicio
1716 3745 2090 3809 contendens
2120 3763 2330 3804 coram
2363 3741 2693 3820 judieibus
2724 3743 2821 3804 uti
2849 3744 3068 3819 possit.

373 3943 434 3998 ln
468 3955 554 3995 me
577 3945 713 4006 quot
766 3931 1040 3994 convicia,
1081 3935 1211 3996 quot
1250 3921 1631 3983 contumelias,
1677 3929 1879 3989 quanta

299 4037 500 4096 caviila
539 4038 798 4098 congesta
841 4037 996 4077 mens
1042 4022 1144 4076 ista
1192 4017 1375 4086 gravis
1409 4013 1684 4076 effuderit,
1719 4009 1879 4080 quasi

299 4127 628 4187 commdiam
658 4116 918 4190 agerctin
943 4114 1176 4171 theatro,
1215 4124 1318 4163 non
1343 4114 1630 4161 accusaret
1652 4105 1706 4157 in
1737 4104 1879 4165 foro,

302 4221 536 4280 audistis
577 4229 732 4280 sane,
765 4205 1089 4265 divinissimi
1120 4203 1379 4274 iudices;
1428 4197 1603 4253 soluta
1641 4197 1787 4250 enim
1829 4204 1884 4248 et

305 4317 478 4372 libera
509 4312 718 4378 lingua,
755 4319 823 4358 ne
845 4301 975 4372 quid
1007 4297 1130 4368 plus
1154 4293 1406 4359 dixerim,
1433 4291 1579 4360 large
1606 4287 1885 4357 eiiuseque

1974 3917 2248 3986 iudicium
2274 3917 2659 3985 vilipcndebat,
2699 3924 2758 3968 ut
2796 3917 2996 3969 alicubi
3055 3918 3169 3985 ipse
3200 3919 3400 3986 inquit:
3454 3937 3553 3977 nec

1980 4008 2227 4077 profecto
2260 4007 2556 4068 mentitur;
2596 4023 2716 4060 naut
2760 4018 2956 4074 praeter
2987 4007 3090 4061 alia
3128 4007 3266 4062 bona
3308 4021 3358 4063 et
3391 4017 3554 4067 bene

1981 4109 2086 4166 sta,
2139 4099 2304 4153 etiam
2362 4099 2598 4152 hominis
2631 4100 2840 4153 veracis
2895 4100 3268 4156 testimonium
3323 4105 3554 4174 accepit.

1983 4191 2172 4261 Neque
2193 4201 2341 4246 certe
2371 4191 2514 4245 Deus
2543 4188 2610 4243 ab
2646 4190 2763 4259 ipso
2794 4187 2898 4245 Job
2926 4192 2981 4246 in
3017 4191 3283 4260 iudicium
3305 4207 3552 4259 vocatus,

1987 4297 2048 4342 ut
2100 4285 2526 4342 conviciatorem
2569 4286 2940 4356 reprehendit.
2983 4286 3223 4354 Quidni?
3267 4291 3356 4357 qui
3413 4291 3557 4358 apud
3609 4263 3614 4265 Α

307 4423 406 4463 usa
429 4415 534 4468 est,
563 4376 673 4454 non
701 4407 961 4465 tanquam
1000 4401 1290 4451 conservo,
1318 4393 1434 4449 aut,
1468 4394 1526 4438 ut
1557 4382 1673 4452 ipsa
1704 4379 1883 4449 quui-
1919 4377 1962 4433 υ
1991 4379 2237 4433 divinum
2292 4377 2511 4446 Isaiam,
2549 4397 2570 4430 ι
2611 4376 2825 4445 Venite,
2857 4379 3054 4449 inquit,
3083 4391 3139 4435 et
3186 4381 3558 4450 disceptamus

307 4513 420 4564 tur,
470 4493 763 4564 coniugata
825 4498 1078 4558 parcens,
1140 4483 1233 4535 sed
1289 4487 1352 4533 ιιι
1432 4477 1486 4530 in
1548 4474 1880 4543 mancipium

309 4599 539 4662 argento
565 4585 907 4652 redeptum
929 4577 1214 4637 invehens,
1232 4579 1286 4626 et
1311 4578 1519 4624 tantum
1549 4582 1655 4620 non
1678 4578 1887 4635 pugnos

311 4686 539 4741 crebros
599 4676 930 4745 impingens.
998 4667 1109 4736 Ego
1164 4677 1291 4718 vero
1354 4669 1644 4731 postquam
1711 4667 1888 4745 vestra

315 4736 451 4831 mihi
506 4736 739 4840 aequitas
774 4736 999 4819 dicendi
1046 4758 1222 4812 locum
1259 4757 1369 4818 dat,
1405 4753 1540 4806 nihil
1590 4767 1710 4806 sum
1755 4736 1890 4803 ievis

319 4864 578 4922 momenti
602 4857 847 4914 vitiosive
865 4853 1169 4914 dicturum;
1193 4847 1336 4902 bona
1358 4845 1500 4900 enim
1524 4845 1687 4897 verba
1711 4841 1893 4896 dican-

320 4951 664 5013 tur'neeesse
708 4958 813 5011 est,
854 4945 948 5000 sed
997 4953 1120 5014 qua:
1145 4939 1376 4994 crimina
1417 4935 1704 4990 intentavit
1734 4931 1890 4994 mihi,

321 5068 386 5108 ea
413 5058 468 5102 ut
496 5056 686 5117 potero
723 5039 1026 5097 dissolvere
1057 5034 1319 5096 conabor,
1352 5029 1521 5085 semel
1573 5038 1758 5082 autem
1791 5025 1894 5080 hoc

325 5156 570 5210 tempore
599 5137 728 5193 mihi
759 5145 1025 5189 concessa
1062 5143 1127 5183 ex
1159 5138 1317 5192 aequo
1348 5120 1563 5178 dicendi
1611 5117 1892 5181 facultate,

328 5252 424 5289 vos
452 5233 624 5288 orabo
648 5225 1088 5292 obtestaborque,
1119 5228 1178 5274 ut
1197 5231 1372 5272 meam
1394 5211 1666 5268 dominam
1691 5210 1897 5264 interea

331 5325 609 5395 mitigetis.
647 5318 915 5389 siquidem
964 5312 1184 5381 indigna
1229 5324 1288 5364 se
1319 5306 1429 5376 pati
1462 5315 1711 5365 censeris,
1758 5300 1895 5354 irata

335 5392 505 5472 meant
529 5414 682 5470 audit
730 5408 1056 5468 orationem,
1093 5405 1254 5472 idque
1306 5398 1467 5453 aliam
1512 5392 1896 5449 contumeliam

333 5513 752 5577 interpretatur,
781 5504 926 5572 quod
954 5497 1111 5551 initio
1132 5496 1234 5548 sim
1267 5503 1462 5544 ausum
1486 5485 1895 5542 contradicere:

336 5573 504 5668 utque
525 5596 678 5649 vobis
698 5591 881 5647 veniat
899 5589 952 5641 in
979 5595 1215 5640 mentem
1242 5575 1702 5651 quemadmodum
1722 5573 1900 5644 neque

335 5666 434 5748 Job
487 5689 578 5742 ille
633 5685 856 5740 divinus
879 5695 1103 5738 suorum
1148 5677 1319 5745 ipsius
1365 5669 1692 5724 famulorum
1743 5666 1812 5718 de
1842 5681 1901 5720 se

1988 4485 2115 4525 cum
2167 4466 2302 4526 viris
2352 4469 2833 4541 delinquentibus;
2879 4490 2899 4523 ι
2970 4483 3024 4528 et
3096 4475 3236 4544 apud
3301 4489 3558 4541 magnum

1995 4561 2248 4615 Davidem
2297 4562 2573 4616 inducitur
2629 4562 2986 4628 iustiticatus,
3051 4573 3111 4617 et
3167 4565 3386 4619 vincens
3435 4581 3562 4620 cum

1990 4651 2290 4722 iudicatur.
2322 4649 2493 4720 Igitur
2523 4659 2577 4706 et
2612 4651 2726 4705 haec
2757 4666 2880 4720 qua:
2915 4651 3004 4705 Dei
3039 4639 3202 4707 refert
3248 4657 3560 4724 imaginem,

1995 4743 2256 4811 exemplis
2290 4741 2588 4796 bonitatem
2622 4741 2767 4796 illam
2820 4743 3083 4806 imitetur,
3111 4754 3166 4797 ct
3194 4759 3392 4816 magno
3423 4764 3567 4817 pra!-

1997 4835 2107 4891 dita
2137 4835 2322 4889 animo
2355 4834 2620 4905 patienter
2645 4833 2784 4888 hanc
2809 4833 2924 4889 sive
2949 4833 3342 4900 iudicationem
3385 4841 3569 4908 appel-

1998 4927 2136 4993 lare,
2172 4927 2288 4982 sive
2317 4925 2480 4981 etiam
2522 4923 2949 4994 disputationem
2980 4935 3216 4992 oportet,
3273 4932 3565 4992 sustineat,

1999 5019 2315 5090 eisdemque
2351 5017 2657 5074 rationibus
2686 5019 2853 5072 animi
2895 5017 3098 5088 quibus
3148 5019 3262 5084 ille,
3298 5021 3569 5074 fortitudi—

2000 5111 2090 5167 nis
2120 5111 2471 5166 adamantina
2502 5124 2777 5179 aureaque
2807 5120 3007 5175 statua,
3060 5111 3356 5166 famulares
3385 5121 3570 5164 contra

2006 5215 2066 5258 se
2095 5202 2236 5273 iuris
2266 5201 2506 5256 actiones
2548 5199 2777 5254 ferebat.
2833 5200 3125 5265 Utrumne,
3171 5202 3351 5256 aiebat
3383 5203 3572 5256 beatus

2009 5294 2120 5360 ille,
2175 5307 2282 5348 non
2335 5295 2479 5349 sicut
2533 5301 2587 5346 et
2633 5308 2730 5362 ego
2777 5294 2830 5346 in
2883 5305 3038 5348 utero
3087 5293 3184 5358 fui,
3225 5295 3300 5346 iiii
3355 5309 3574 5362 quoque

2009 5384 2247 5440 fuerint?
2279 5384 2432 5449 Quod
2466 5384 2512 5439 si
2539 5383 2678 5438 forte
2705 5387 2925 5452 perinde
2953 5384 3263 5439 ratiocinari
3288 5384 3576 5451 dicereque

2004 5493 2067 5532 ac
2099 5476 2188 5531 ille
2215 5475 2400 5546 iustus
2427 5472 2550 5541 Job,
2585 5485 2817 5535 recuset.
2853 5488 2909 5528 ut
2937 5491 3038 5542 ego
3062 5476 3248 5528 saltem
3275 5477 3388 5528 vice
3417 5493 3574 5531 versa

2008 5569 2208 5631 dicam,
2237 5567 2544 5629 concedite,
2593 5582 2906 5634 quanquam
2940 5565 3282 5620 dissimiliter
3329 5567 3522 5620 similia
3558 5586 3573 5621 :

2007 5677 2115 5731 qua
2168 5661 2278 5714 illic
2312 5661 2477 5713 herus
2510 5671 2637 5721 erga
2681 5656 2914 5712 famulos
2942 5657 3194 5726 aequabili
3248 5659 3432 5712 animo
3465 5668 3582 5713 ute-
