3884 6204
299 322 414 386 97b

1536 305 1915 372 GREGORII
1956 306 2278 366 PALAMIE

3453 294 3560 358 976

304 430 625 499 batur;bic
676 442 803 500 erga
862 425 1138 482 dominam
1205 440 1305 494 ego
1358 437 1574 476 servum
1637 418 2259 486 tibertateAparticeps
2324 414 2570 484 ejusdem
2638 410 2924 482 dignitatis
2955 424 3082 465 cum
3143 417 3324 464 mente
3387 409 3560 464 conii-

307 533 457 576 utor.
520 519 774 588 Nunquid
819 523 1012 570 nonet
1063 513 1177 582 ipsa
1223 528 1385 566 manu
1438 512 1526 564 [tui
1559 518 1741 562 creata
1775 514 1877 566 est,

305 623 369 668 ut
403 629 504 682 ego
534 609 755 665 fictum?
788 623 895 663 non
929 608 1070 661 enim
1113 621 1172 660 se
1228 603 1321 658 Dei
1377 608 1682 657 creaturam
1726 614 1882 668 nega-

309 708 409 772 bit,
447 703 656 758 tametsi
693 699 947 754 fortassis
997 698 1333 767 figmentum,
1363 707 1420 750 ut
1453 710 1575 764 qua:
1612 693 1791 747 divina
1813 692 1883 746 sit

309 796 601 866 inspiratio
635 805 652 850 :
682 807 858 860 neque
891 789 1031 844 male
1059 789 1271 844 feriatis
1307 788 1619 842 hominibus
1654 786 1880 852 decepta

310 887 655 959 persuadebit
683 899 946 953 unquam,
992 886 1136 952 quod
1170 882 1422 936 essentia:
1463 880 1659 933 divinae
1711 873 1882 930 deflu-

309 985 456 1035 vium
504 980 596 1040 sit.
660 979 750 1048 qui
814 977 1030 1046 quidem
1089 984 1353 1044 quantum
1411 969 1776 1040 magnifacere
1829 976 1883 1020 et

311 1074 570 1130 extollere
596 1071 925 1125 studuerunt
945 1084 1088 1130 eam,
1123 1067 1369 1135 ejusdem
1401 1080 1522 1118 cum
1561 1064 1672 1119 Deo
1715 1069 1875 1115 natu-

311 1184 382 1223 ra:
433 1167 774 1226 definientes,
820 1171 1024 1215 tantum
1098 1159 1467 1226 imprudentes
1489 1156 1733 1211 eamdem
1755 1169 1886 1208 con-

311 1257 466 1311 viciis
499 1256 822 1316 atiecerunt,
859 1252 923 1304 ad
955 1250 1178 1312 bestias,
1216 1249 1442 1301 frutices
1474 1260 1526 1300 et
1563 1259 1882 1300 cucumeres

310 1347 704 1414 deprimentes,
737 1357 839 1394 nec
866 1341 914 1394 ei
973 1340 1151 1393 solum
1221 1337 1576 1391 immodicum
1619 1335 1881 1389 honorem

312 1453 366 1496 et
397 1440 702 1500 infamiam,
745 1437 836 1490 sed
883 1444 937 1489 et
989 1447 1262 1502 supremae
1314 1432 1388 1485 illi
1442 1441 1648 1484 natura:
1695 1439 1887 1482 contu-

314 1534 507 1588 melias
544 1533 941 1598 intorquentes.
978 1525 1110 1579 Nam
1181 1539 1306 1578 cum
1338 1521 1714 1576 constituisset
1745 1518 1885 1572 Deus

315 1626 592 1680 hominem
625 1622 876 1689 efﬁngere
895 1619 980 1688 (ad
1010 1618 1225 1671 initium
1252 1615 1397 1670 enim
1435 1611 1714 1682 proprium
1749 1609 1880 1662 mihi

314 1717 624 1773 revocanda
661 1725 744 1768 est
776 1711 1004 1777 oratio),
1047 1724 1155 1763 non
1182 1717 1360 1766 terrae,
1391 1720 1496 1758 non
1519 1703 1677 1773 aquis
1697 1701 1882 1770 jussit,

315 1823 374 1865 ut
406 1812 550 1862 hunc
590 1819 807 1876 quoque
838 1802 984 1857 sicut
1031 1812 1085 1855 et
1135 1799 1240 1854 alia
1295 1797 1652 1852 animantium
1689 1809 1884 1864 genera

316 1902 702 1971 producerent,
730 1895 823 1949 sed
845 1900 1067 1957 accepto
1090 1891 1314 1959 pulvere
1341 1891 1458 1957 ipse
1483 1885 1848 1941 conformavit
1872 1903 1886 1939 :

315 2006 367 2047 et
393 1986 838 2047 utconlormatio
871 1983 1108 2038 divinior
1152 1991 1254 2046 est,
1306 1981 1379 2035 ita
1416 1990 1468 2034 et
1519 1993 1639 2031 mea
1678 1975 1891 2045 species

315 2082 614 2152 antiquior,
647 2094 755 2133 non
784 2077 930 2132 enim
965 2072 1374 2144 quadrupedem
1398 2082 1451 2125 et
1479 2083 1706 2138 pronam
1740 2066 1888 2131 fecit,

317 2191 426 2229 non
458 2173 581 2226 alvo
610 2170 897 2239 capiteque
949 2167 1002 2221 in
1053 2175 1254 2219 terram
1297 2171 1613 2232 protensam
1666 2169 1721 2213 et
1767 2175 1894 2229 pro-

316 2273 542 2321 stratam
576 2277 816 2331 semper.
856 2263 948 2314 sed
989 2265 1197 2312 rectam
1244 2265 1302 2310 et
1351 2263 1520 2310 totam
1577 2253 1888 2317 sublimem,

318 2358 501 2427 parvis
551 2354 770 2423 quidem
811 2351 988 2418 iisque
1045 2347 1262 2404 duobus
1304 2346 1610 2416 plantarum
1648 2344 1892 2413 vestigiis

319 2460 521 2503 terram
570 2445 764 2499 leniter
818 2441 1202 2509 attingentem,
1265 2451 1486 2492 sursum
1522 2444 1700 2490 autem
1731 2442 1894 2504 caput

319 2542 874 2600 attollentem,aerem
901 2533 1174 2600 puriorem
1216 2529 1538 2600 respirando
1560 2535 1892 2596 carpentem,

321 2645 377 2686 et
431 2630 686 2685 emit-stes
752 2623 1192 2696 pulchritudines
1247 2619 1705 2686 contemplantem
1766 2633 1782 2671 :
1830 2632 1895 2672 ac

321 2725 526 2779 nativis
553 2721 770 2790 quidem
809 2717 1012 2771 nudam
1065 2713 1428 2778 indumentis,
1455 2721 1508 2767 et
1537 2712 1603 2765 ad
1636 2727 1695 2766 se
1726 2721 1891 2766 tuen-

321 2819 446 2871 dam
483 2811 752 2884 praesidiis
788 2809 1076 2870 inermem,
1136 2805 1392 2860 manibus
1447 2812 1626 2857 tamen
1655 2816 1897 2856 commu-

322 2907 516 2969 nitam,
550 2902 774 2974 preprio
805 2898 972 2955 animi
1025 2896 1254 2952 rationis
1306 2894 1610 2964 partieipis,
1649 2904 1703 2948 et
1735 2895 1896 2954 indu-

324 2999 462 3054 strio
517 3006 571 3050 et
622 3003 845 3048 versuto
875 2989 1197 3046 exercendis
1224 2988 1436 3042 artibus
1477 2987 1841 3042 instrumento
1877 3002 1893 3036 :

1914 1753 1961 1813 B

1983 507 2180 570 ciente,
2214 504 2471 571 imaginis
2499 503 2772 572 exemplo,
2799 509 2853 556 et
2885 501 3237 555 honestarum
3273 498 3562 554 actionum

1983 599 2250 668 adjuvans
2289 611 2454 651 causa
2486 611 2630 651 sum.
2657 593 2855 649 Nixum
2883 595 3028 648 enim
3051 591 3363 660 fretumque
3399 602 3563 644 natu-

1984 707 2056 744 rae
2085 690 2325 744 hominis
2353 689 2563 742 ratione
2593 697 2758 757 atque
2783 685 3171 754 descriptione,
3198 683 3566 740 confirmave-

1985 784 2109 849 rim,
2151 798 2258 837 non
2295 792 2528 837 mentem
2555 780 2725 835 solam
2759 793 2941 847 neque
2977 792 3179 846 corpus
3230 776 3416 830 solum
3471 775 3568 829 ho-

1985 876 2186 930 minem
2233 873 2364 939 dici,
2409 875 2502 927 sed
2545 881 2836 940 utrumque
2893 870 3088 931 simul,
3125 883 3289 938 quem
3329 868 3397 920 ad
3431 867 3569 920 ima-

1984 971 2159 1035 ginem
2193 981 2346 1021 suam
2371 965 2566 1019 fecisse
2599 963 2744 1017 Deus
2768 961 2990 1016 dicitur.
3025 959 3322 1024 Nimirum,
3370 975 3568 1029 quem-

1985 1058 2276 1114 admodum
2339 1072 2465 1112 cum
2533 1055 2753 1110 homine
2829 1051 3199 1116 communico,
3259 1053 3332 1106 ita
3395 1060 3450 1105 et
3502 1053 3571 1106 ab

1987 1150 2223 1204 humana
2286 1147 2550 1217 dignitate
2608 1145 2898 1216 participe.
2958 1145 3028 1197 At
3081 1143 3188 1197 tale
3246 1158 3375 1195 cum
3437 1145 3570 1208 sim,

1986 1257 2073 1296 me
2108 1251 2289 1297 tamen
2316 1240 2520 1309 optima
2550 1254 2701 1293 mens
2735 1253 2764 1291 e
2794 1236 3044 1305 catalogo
3076 1245 3236 1289 tantae
3264 1236 3569 1290 nobilitatis

1987 1333 2270 1402 expungit,
2296 1341 2353 1386 et
2381 1332 2544 1385 veluti
2573 1334 2819 1400 spnrium
2852 1328 3088 1388 abdicat.
3123 1343 3208 1382 me
3231 1343 3476 1389 servum,
3511 1342 3570 1381 se

1987 1427 2225 1482 divinam
2257 1425 2688 1492 inspirationem,
2719 1421 2962 1490 reginam
2992 1429 3047 1474 et
3077 1435 3252 1474 meam
3281 1420 3563 1472 dominam

1987 1519 2291 1586 appellans.
2323 1516 2400 1569 Ac
2435 1515 2731 1582 potuissem
2763 1513 3016 1582 equidem
3052 1513 3336 1581 operosius
3368 1521 3423 1565 et
3452 1512 3571 1564 cili-

1987 1609 2172 1664 cacius
2203 1608 2348 1660 hunc
2379 1615 2611 1661 tractare
2636 1603 2839 1669 locum,
2866 1604 3206 1672 suadereque
3237 1621 3302 1657 ne
3331 1604 3573 1674 amplius

1989 1715 2207 1755 servum
2243 1707 2462 1752 vocaret
2497 1711 2582 1750 me
2616 1709 2941 1752 conservum
2974 1704 3029 1749 et
3063 1694 3277 1764 imperii
3311 1711 3569 1758 consors.

1989 1791 2315 1861 virtutisque
2362 1790 2631 1858 particeps
2671 1799 2725 1842 et
2768 1787 2894 1842 vitae
2939 1796 3052 1841 tum
3104 1789 3414 1858 prarsentis,
3455 1800 3570 1841 tum

1991 1896 2249 1954 speratae:
2282 1883 2552 1939 sufﬁciant
2585 1893 2764 1936 tamen
2805 1897 2927 1950 quae
2957 1883 3069 1936 dixi
3125 1883 3390 1937 hactenus
3427 1885 3571 1952 apud

1992 1992 2110 2039 vos,
2146 1976 2345 2043 quibus
2394 1976 2461 2030 ad
2498 1974 2745 2029 obeunda
2791 1974 3094 2029 certamina
3142 1975 3258 2029 haec
3301 1991 3571 2047 generosa

1993 2084 2220 2137 corpora
2253 2070 2500 2138 exposita
2543 2076 2694 2134 sunt,
2737 2075 2796 2122 ut
2828 2082 2894 2121 ne
2935 2068 3063 2122 dum
3116 2067 3168 2121 in
3222 2069 3325 2122 huc
3370 2073 3574 2124 sa-enlo

1995 2160 2334 2230 Spiritalibus
2375 2159 2554 2222 donis,
2592 2169 2650 2212 ut
2677 2159 2825 2213 socia
2869 2165 2924 2212 et
2970 2161 3246 2215 consortia
3295 2161 3573 2226 laborum,

1995 2249 2270 2316 fruantur,
2293 2265 2481 2306 verum
2511 2251 2673 2304 etiam
2708 2249 2762 2303 in
2794 2259 3106 2320 exspectata
3136 2253 3574 2321 regeneratione,

1996 2347 2159 2401 simul
2188 2362 2312 2400 cum
2350 2345 2522 2400 beatis
2553 2344 2670 2399 suis
2704 2344 2987 2414 spiritibus
3027 2355 3273 2416 regnent,
3309 2357 3366 2400 et
3399 2356 3460 2400 ut
3493 2348 3576 2400 sol

1997 2435 2323 2490 colluceant.
2350 2433 2616 2488 Craterum
2649 2432 2759 2487 non
2792 2433 3086 2488 admodum
3118 2436 3220 2488 hac
3253 2434 3321 2488 de
3359 2450 3416 2487 re
3443 2450 3576 2488 con-

1999 2529 2240 2583 tendam.
2272 2525 2520 2596 Appellet
2555 2525 2748 2585 utfsibi
2783 2525 2867 2581 fas
2901 2527 3074 2580 visum
3109 2526 3299 2591 fuerit;
3335 2530 3576 2596 potentia

1998 2622 2345 2685 referciatur,
2374 2635 2476 2673 suo
2507 2618 2725 2688 quidvis
2747 2619 2974 2674 arbitrio
3005 2619 3162 2686 ferat,
3194 2631 3354 2690 agat;
3388 2632 3580 2675 utatur

1999 2729 2083 2770 me
2131 2711 2590 2784 quemadmodum
2649 2711 2820 2775 volet,
2868 2711 3130 2765 duntaxat
3173 2726 3238 2765 ne
3273 2712 3408 2766 vitio
3442 2713 3574 2765 mihi

1999 2814 2174 2861 vertat
2220 2804 2466 2866 innoxia,
2517 2818 2694 2873 neque
2731 2817 2836 2860 me
2895 2803 3053 2872 culpa
3112 2819 3313 2860 vacans
3370 2805 3574 2874 culpet.

1999 2899 2244 2955 Audistis
2283 2897 2428 2951 enim
2464 2895 2664 2965 quibus
2702 2895 2768 2949 de
2817 2895 2978 2948 rebus
3019 2906 3238 2949 accuset
3276 2911 3382 2958 me,
3427 2898 3573 2961 quod

2001 2993 2092 3057 ali,
2137 2991 2282 3061 quod
2329 2991 2477 3044 indui
2526 2989 2682 3041 velim
2733 2989 2968 3043 animale
3015 3004 3240 3042 manens
3277 2990 3478 3051 adhuc,
3523 3000 3578 3042 et

326 3104 557 3159 quarum
598 3099 760 3155 opera
797 3083 970 3137 tutius
1022 3081 1267 3134 indvitur
1307 3090 1502 3134 contra
1552 3079 1896 3134 incommoda
1925 3087 1968 3146 (Σ
2001 3085 2130 3140 dum
2161 3086 2229 3138 ab
2259 3081 2586 3135 animalibus
2613 3079 2962 3133 facultatibus
3005 3081 3302 3149 gubernor,
3345 3080 3578 3134 necdum

320 3180 530 3241 .omnia,
562 3192 726 3248 quam
766 3175 1018 3242 lanigera:
1052 3181 1106 3226 et
1137 3171 1315 3239 longis
1357 3170 1483 3240 pilis
1522 3169 1745 3225 munitae
1778 3171 1898 3224 ani.

327 3281 582 3335 mantes;
621 3267 956 3334 rectiusque.
993 3277 1156 3332 quam
1185 3269 1452 3331 quotquot
1482 3271 1576 3314 aut
1611 3249 1778 3315 coriis
1807 3269 1901 3314 aut

318 3362 574 3432 squamis
611 3357 810 3412 nativis
855 3355 1245 3418 obducuntur;
1278 3361 1332 3404 et
1386 3351 1689 3421 pulchrius,
1734 3366 1899 3420 quam

330 3456 469 3509 bene
494 3453 650 3505 alatm
687 3464 845 3512 aves;
901 3454 1114 3500 armata
1144 3453 1228 3499 est
1272 3452 1454 3499 autem
1487 3443 1723 3497 validius
1749 3443 1814 3496 ad
1843 3457 1902 3496 se

329 3543 750 3606 defendendam,
802 3536 1231 3609 prepugnacnlis
1284 3551 1445 3589 manu
1508 3535 1685 3596 factis,
1737 3549 1901 3603 quam

331 3655 408 3692 cae
447 3637 515 3691 iis
551 3649 671 3702 qute
707 3635 788 3686 vel
824 3632 1044 3699 ungulis
1082 3629 1164 3687 vel
1198 3629 1462 3683 cornibus
1498 3635 1742 3696 pugnant
1769 3663 1784 3688 ,
1811 3633 1903 3680 aut

322 3728 587 3785 dentibus
617 3735 672 3781 et
705 3724 1000 3793 unguibus.
1034 3722 1110 3775 lta
1144 3735 1274 3774 vero
1302 3720 1432 3772 mihi
1458 3719 1703 3774 studiose
1735 3717 1907 3771 artiﬁ-

333 3822 590 3891 cioscque
614 3819 869 3881 formato,
898 3815 1046 3871 Deus
1075 3813 1200 3868 vitae
1229 3811 1560 3883 spiraculum
1597 3809 1903 3880 inapiravit,

334 3925 388 3969 et
419 3914 468 3967 id
507 3929 570 3968 ex
605 3911 878 3966 ambobus
915 3915 1306 3976 temperatum,
1352 3905 1626 3959 hominem
1665 3914 1719 3958 et
1752 3915 1905 3957 suam

329 4006 631 4076 "imaginem
665 4001 991 4071 nominavit,
1025 4009 1078 4054 et
1114 4008 1172 4052 ut
1203 3997 1570 4066 pedestribus,
1595 3993 1909 4050 natatilibus

325 4106 389 4153 et
447 4096 758 4149 volatilibus
810 4095 1136 4160 imperaret,
1194 4089 1470 4158 praecepit,
1531 4098 1585 4141 et
1636 4103 1736 4155 ego
1791 4086 1910 4140 sine

338 4197 521 4243 mente
557 4185 840 4255 quidpiam
874 4198 1032 4254 agere
1064 4180 1368 4248 nequirem,
1403 4189 1462 4232 ut
1492 4193 1592 4232 nec
1623 4192 1774 4231 mens
1794 4177 1912 4231 sine

339 4297 447 4336 me.
483 4280 677 4332 Statim
721 4277 864 4330 enim
903 4288 1024 4341 quae
1056 4272 1328 4342 praecipua
1357 4281 1440 4325 est
1470 4267 1726 4338 imaginis
1762 4277 1910 4334 nota,

339 4373 394 4424 in
437 4369 740 4422 animantes
765 4362 1060 4430 imperium
1103 4377 1394 4425 exercere,
1438 4359 1713 4428 quomodo
1750 4374 1906 4414 mens

339 4475 568 4529 corpore
601 4457 885 4517 destituta,
917 4463 1010 4507 aut
1044 4453 1199 4506 initio
1231 4462 1377 4506 recte
1412 4451 1609 4520 potuit,
1631 4460 1726 4504 aut
1758 4450 1811 4503 in
1846 4467 1910 4506 eo
1942 4425 1988 4482 D

341 4564 527 4626 postea
552 4547 952 4620 perseveravit?
977 4562 1081 4616 qua
1124 4544 1333 4598 ratione
1364 4558 1697 4598 conscensus
1720 4543 1912 4623 fuisset

341 4661 538 4715 equus,
572 4642 676 4695 nisi
719 4655 855 4695 mea:
904 4652 1097 4692 manus
1149 4635 1301 4690 frena
1353 4634 1758 4689 fabricassent:
1804 4617 1908 4701 qua

340 4739 557 4793 ratione
583 4737 679 4789 bos
708 4733 990 4788 incidisset
1018 4729 1226 4794 sulcos,
1261 4728 1367 4783 nisi
1420 4727 1608 4780 iisdem
1641 4726 1764 4794 iuga
1794 4739 1916 4776 ara-

343 4839 536 4896 traque
595 4821 1057 4880 conficientibus?
1087 4819 1241 4887 Quod
1292 4822 1336 4874 si
1391 4819 1590 4873 utentis
1638 4818 1916 4885 excogita-

343 4921 490 4976 tione
539 4923 653 4973 haec
690 4927 898 4984 reperta
933 4924 1084 4979 sunt,
1121 4913 1254 4968 illud
1284 4922 1368 4966 est
1400 4911 1545 4983 quod
1576 4927 1719 4965 nunc
1770 4909 1914 4963 dice—

340 5016 492 5078 bam,
523 5012 750 5066 alterius
781 5025 948 5080 Opera
973 5024 1131 5080 egere
1170 5006 1401 5060 alterum
1429 5023 1442 5069 ;
1498 5004 1585 5056 illa
1623 4985 1912 5075 excogitat,

343 5121 444 5177 ego
483 5103 628 5174 quod
663 5111 751 5156 cst
777 5101 1167 5168 excogitatum,
1219 5097 1487 5152 industria
1517 5111 1635 5150 mea
1672 5097 1912 5165 perlicio.

344 5199 465 5272 ipsa
500 5196 742 5253 rationes
774 5192 1103 5247 artiliciosas
1137 5193 1281 5246 videt
1331 5198 1385 5244 et
1417 5191 1692 5258 proponit,
1722 5203 1917 5264 manus

350 5265 484 5345 mete
518 5287 800 5343 materiam
831 5283 1087 5339 ductilem
1121 5291 1174 5337 et
1219 5291 1450 5338 tractatu
1478 5280 1692 5360 facilem
1723 5265 1921 5349 suppe~

349 5382 607 5446 ditantes,
640 5379 761 5448 ejus
793 5375 936 5446 quod
962 5376 1144 5429 animo
1175 5373 1529 5430 informatum
1558 5383 1642 5428 est
1679 5372 1918 5446 speciem

349 5473 646 5528 coniiciunt.
674 5489 690 5536 ;
717 5481 768 5526 et
798 5484 904 5523 non
937 5467 1048 5539 jam
1075 5482 1333 5532 servum,
1370 5447 1683 5535 quanquam
1721 5474 1779 5520 ut
1807 5478 1922 5519 sero

348 5581 476 5621 vum
510 5574 604 5619 aut
663 5564 1094 5620 instrumentum
1133 5562 1250 5618 haec
1282 5560 1682 5634 subministra,
1717 5560 1810 5615 sed
1863 5571 1922 5615 ut

431 5749 452 5778 ‘
485 5747 687 5812 pres.
725 5765 776 5810 v,
803 5749 894 5803 ‘29.

2001 3178 2055 3232 in
2101 3175 2344 3247 spiritale
2385 3172 2857 3228 transformatum.
2893 3171 3074 3224 Aliam
3108 3174 3256 3226 enim
3294 3173 3459 3226 vitam
3501 3174 3579 3236 id,

2002 3269 2272 3336 aliamque
2287 3269 2460 3320 victus
2481 3263 2768 3326 rationem,
2801 3269 2858 3314 ut
2889 3264 2941 3315 in
2977 3264 3265 3330 proverbio
3293 3271 3397 3327 est,
3430 3265 3579 3317 desi-

2003 3359 2189 3424 derat;
2225 3372 2369 3411 nunc
2401 3372 2528 3411 vero
2549 3354 2774 3408 fluidum
2806 3372 2928 3409 cum
2961 3357 3085 3416 sint,
3118 3365 3170 3409 ct
3203 3355 3321 3409 sine
3356 3355 3583 3410 faculta-

2003 3453 2150 3505 tibus
2180 3449 2560 3520 appetentibus
2592 3455 2847 3501 constare
2880 3461 2985 3500 non
3021 3449 3249 3514 possim,
3287 3448 3582 3516 quidnam,

2005 3557 2211 3613 qumso,
2260 3542 2536 3606 delinqno,
2579 3539 2622 3593 si
2671 3546 2878 3591 natura:
2918 3537 3179 3592 instinctu
3228 3539 3477 3592 ciborum
3533 3553 3585 3592 et

2007 3645 2230 3706 potunm
2279 3633 2574 3702 cupiditate
2610 3631 2834 3685 teneor?
2879 3627 3054 3696 Quam
3101 3629 3201 3684 sibi
3240 3633 3588 3688 contumelia:

2009 3735 2191 3781 notam
2234 3739 2386 3778 mens
2423 3723 2612 3788 imtrit,
2640 3737 2760 3791 quae
2795 3722 2908 3775 haec
2937 3721 3126 3776 eadem
3162 3723 3296 3775 mihi
3327 3726 3590 3794 suppedi-

2007 3817 2120 3872 tat?
2167 3815 2329 3882 Quasi
2381 3828 2490 3866 non
2547 3810 2780 3866 audierit
2833 3811 3152 3879 Apostolum
3197 3811 3529 3866 clamantem
3568 3833 3584 3866 :

2017 3929 2044 3961 ι
2071 3908 2239 3963 Nemo
2271 3921 2426 3961 suam
2453 3919 2669 3958 carnem
2704 3901 2860 3968 odit,
2891 3903 2984 3957 sed
3011 3903 3212 3956 enutrit
3235 3912 3289 3957 et
3320 3902 3532 3958 fovet‘.
3562 3923 3584 3955 ι

2010 4001 2130 4069 Quo
2178 4008 2333 4068 pacto
2365 3996 2507 4051 enim
2543 4004 2637 4047 aut
2685 3993 2841 4048 initio
2871 3994 3228 4059 substitisset,
3266 4004 3363 4048 aut
3396 4011 3588 4066 poStea

2009 4094 2366 4157 constitisset,
2388 4089 2492 4145 nisi
2516 4085 2845 4144 suiﬁcienter
2869 4087 3142 4140 aleretur?
3164 4088 3382 4156 Quippe
3401 4090 3587 4143 statim

2013 4202 2076 4242 ac
2107 4187 2161 4240 in
2195 4194 2349 4236 utero
2374 4180 2602 4242 former,
2621 4176 2775 4246 quasi
2799 4176 2981 4245 planta
3005 4176 3085 4230 vel
3111 4177 3250 4230 inter
3269 4177 3510 4246 plantam
3537 4191 3593 4234 et

2012 4273 2213 4331 animal
2233 4271 2471 4329 medium
2494 4267 2645 4337 quid,
2693 4281 2788 4334 per
2817 4281 2911 4320 eas
2939 4267 3210 4322 secundas
3234 4282 3376 4336 quas
3407 4273 3594 4338 appelo

2015 4369 2147 4428 lant,
2171 4365 2287 4419 sive
2313 4358 2767 4431 pernmbilicum,
2791 4356 2906 4411 alor
2936 4359 3202 4428 sanguine
3225 4362 3544 4431 mensuuali
3573 4380 3589 4417 :

2017 4457 2164 4514 illinc
2192 4463 2372 4508 autem
2397 4463 2743 4522 progressum
2774 4448 2929 4502 lactis
2959 4448 3135 4502 rivulo
3167 4464 3270 4522 per.
3289 4428 3588 4508 maminam

2020 4545 2296 4608 nutricor,
2341 4543 2588 4610 adusque
2626 4539 2867 4594 dentium
2913 4545 3115 4592 ortum.
3157 4536 3259 4594 Ubi
3297 4556 3430 4595 vero
3467 4544 3594 4596 ani-

2018 4638 2196 4694 tnandi
2227 4642 2420 4690 natura
2446 4633 2641 4700 cupida
2665 4629 2796 4684 mihi
2819 4629 3074 4684 dentibus
3096 4647 3155 4684 os
3176 4631 3354 4686 acutis
3382 4645 3436 4687 et
3463 4635 3596 4689 latis

2019 4731 2304 4794 instruxit,
2329 4737 2390 4782 ut
2416 4737 2470 4780 et
2500 4739 2686 4779 secare
2714 4733 2768 4777 et
2797 4709 3068 4778 conficere
3099 4722 3257 4778 facile
3282 4725 3466 4779 cibum
3501 4744 3598 4797 p0-

2018 4821 2236 4886 tuerim,
2270 4827 2381 4872 tum
2412 4815 2648 4884 denique
2683 4828 2927 4868 mensam
2957 4815 3310 4869 solidioribus
3340 4818 3595 4872 esculen-

2019 4915 2086 4967 tis
2114 4909 2409 4974 exstruxit;
2441 4907 2512 4960 ita
2544 4921 2675 4960 sane
2699 4905 2904 4959 naturis
2924 4918 3211 4971 corporum
3234 4905 3589 4974 congenitnm

2017 4985 2103 5061 est
2125 5005 2466 5064 alimentum,
2486 5013 2660 5066 eaque
2686 5009 2898 5050 natura:
2925 4997 3177 5065 cognatio
3198 5007 3305 5061 est,
3340 4997 3446 5052 etsi
3485 5016 3592 5052 non

2021 5107 2106 5154 cst
2134 5079 2322 5151 eorum
2349 5091 2526 5145 verbis
2555 5090 2685 5143 fides
2726 5087 2998 5148 habenda,
3024 5090 3115 5156 qui
3153 5088 3426 5156 lapidibus
3455 5106 3596 5144 non-

2021 5189 2202 5250 nullos
2237 5187 2326 5264 alii
2349 5185 2520 5244 aiuut,
2561 5181 2702 5263 facto
2741 5189 2922 5248 tamen
2951 5179 3279 5234 credendum
3311 5192 3418 5245 est,
3449 5183 3598 5249 quod

2025 5259 2388 5338 animatorum
2429 5259 2638 5330 nullum
2673 5279 2856 5326 careat
2890 5269 3167 5335 alimento,
3195 5281 3251 5323 ut
3282 5273 3518 5327 arbores
3551 5284 3602 5326 et

2031 5375 2208 5429 herba:
2235 5382 2288 5426 ct.
2316 5365 2579 5439 quidquid
2619 5363 2894 5418 radicibus
2940 5363 3130 5418 fulttnn
3176 5373 3314 5417 terra
3350 5368 3519 5434 parit,
3550 5378 3601 5422 et

2026 5464 2335 5538 omnimodo
2366 5457 2683 5516 animantia.
2728 5457 2977 5526 Anajero
3005 5455 3275 5512 daemones
3313 5467 3371 5512 et
3418 5459 3603 5515 sidera

2028 5554 2340 5616 libamentis
2383 5553 2489 5607 illis
2531 5547 2904 5615 etlodoribus,
2954 5547 3394 5602 exhalatiOnibus
3437 5560 3603 5606 terra
