3884 6204
358 282 391 301 κ

214 378 313 440 977

1553 367 2136 431 PROSOPOHEle.
2154 444 2155 447 γ

3363 364 3485 430 978

211 500 326 553 haec
361 491 851 561 enutriantur,,id
891 489 1221 546 Graacanieis
1267 503 1349 544 ac.
1381 489 1627 558 profanis
1655 504 1788 557 poe-
1821 498 1865 554 Α
1893 496 2003 547 cst,
2052 502 2174 555 quae
2225 484 2292 539 ad
2350 482 2685 554 propositam
2734 481 2890 539 vobis
2953 496 3115 550 quam
3177 479 3479 548 planiorem

212 590 288 643 tis
338 598 392 642 et
422 582 763 656 philosophis
787 583 1113 648 dicentibus,
1141 583 1284 637 haud
1310 581 1471 637 facile
1497 581 1786 635 assentiar.

213 676 352 732 Nam
386 676 462 731 illi
494 685 695 730 emtum
730 674 1033 727 daemonum
1058 671 1421 740 opinabantur
1449 685 1570 724 esse
1599 685 1793 740 corpo-

211 785 369 829 reum
416 780 470 824 et
497 765 739 823 materia:
786 764 1191 833 voluptatisque
1246 763 1487 825 avidum,
1538 774 1593 815 et
1636 760 1795 815 astris

212 862 429 916 animos
476 856 812 913 tribuebant.
845 854 1031 925 Itaque
1083 870 1207 909 cum
1254 854 1556 908 animatum
1595 866 1796 920 corpus

212 967 379 1007 omne
434 950 507 1005 sit
573 947 998 1012 alimentarium,
1046 945 1312 1016 quidquid
1363 944 1660 999 animatum
1711 951 1799 997 est

213 1052 426 1096 natura:
469 1042 585 1110 lege
630 1039 905 1093 nutriatur
942 1046 995 1092 et
1036 1037 1184 1092 vivat
1231 1050 1450 1091 necesse
1498 1042 1618 1089 est:
1649 1025 1795 1103 quod

219 1144 406 1189 autem
450 1147 561 1186 non
604 1132 848 1185 nutritur
881 1144 1059 1199 neque
1099 1130 1251 1191 vivit,
1287 1128 1340 1182 id
1382 1142 1449 1181 ne
1492 1126 1793 1180 animatum

216 1225 442 1294 quidem
472 1235 572 1279 eSt.
603 1222 968 1288 Quamobrem
1000 1220 1260 1276 Servatur
1283 1227 1469 1274 noster
1496 1234 1601 1271 non
1635 1216 1797 1270 modo

218 1332 361 1386 quos
396 1325 644 1369 mortuos
688 1313 756 1368 ad
806 1313 970 1367 vitam
1006 1308 1279 1367 revdcavit
1306 1310 1465 1364 edere
1488 1307 1672 1379 jussit,
1702 1305 1798 1360 sed

224 1417 276 1461 et
318 1408 437 1476 ipse
491 1414 741 1459 mortuus
793 1418 860 1458 ac
906 1404 1020 1474 jam
1082 1403 1414 1458 reviviscens
1458 1399 1699 1455 comedit
1745 1406 1799 1453 et

229 1501 380 1564 bibit,
405 1506 789 1567 argumentum
815 1496 1108 1551 insolubile
1137 1495 1382 1564 repetitae
1406 1493 1529 1548 vitm
1552 1489 1798 1545 alimenti

218 1590 629 1659 perceptionem
662 1604 1003 1659 proponens.
1033 1588 1100 1643 Et
1130 1596 1323 1642 natura
1363 1587 1582 1654 quidem
1612 1598 1799 1639 scrva-

218 1682 324 1733 trix
375 1680 449 1732 ita
511 1679 756 1747 corporis
805 1679 1124 1745 sanguinem
1171 1691 1487 1747 procreatis,
1534 1673 1800 1744 sanguine

220 1782 480 1826 materno
528 1770 677 1824 fetus
736 1786 833 1825 ore
893 1773 1132 1824 nondum
1184 1768 1484 1839 pneditos,
1559 1766 1798 1820 infantes

214 1865 543 1928 edentulos,
582 1862 722 1917 lacte
768 1861 1041 1929 perfeCtos
1073 1869 1126 1916 et
1159 1838 1463 1926 absolutos,
1503 1858 1653 1914 omni
1702 1873 1795 1928 ge-
1834 1838 1877 1892 Β

212 1969 356 2009 nere
394 1954 769 2021 varietateque
800 1953 1046 2005 ciborum
1087 1950 1210 2015 alit;
1252 1964 1374 2012 nec,
1410 1950 1539 2003 dum
1580 1945 1799 2011 crescit,

215 2046 531 2122 nutricatur
557 2053 613 2099 et
648 2043 856 2105 educit,
898 2043 1143 2097 adultum
1185 2056 1313 2096 vero
1340 2052 1401 2097 et
1431 2042 1543 2111 jam
1582 2038 1798 2093 inhabi-

214 2140 328 2196 lem
362 2137 666 2193 crescendo
703 2145 915 2191 aetatem
945 2138 1221 2205 attingens
1249 2133 1575 2203 dereliquit:
1609 2132 1701 2187 sed
1734 2131 1803 2186 ad

214 2239 565 2288 senectutem
607 2237 662 2284 et
701 2228 1035 2295 decrepitam
1067 2235 1278 2281 aetatem
1308 2242 1501 2294 usque,
1543 2234 1798 2294 tanquam

215 2324 363 2377 bona
399 2322 579 2375 nutrix
619 2320 841 2373 ducenti
869 2317 1119 2387 spiritum
1157 2318 1328 2381 adeSI,
1370 2331 1650 2385 nunquam
1691 2315 1805 2369 dis-

214 2413 450 2477 cedens,
508 2426 618 2464 non
683 2419 869 2474 noctu,
916 2423 1025 2463 non
1090 2407 1349 2463 interdiu.
1402 2406 1801 2462 Dormientium

213 2505 428 2560 etenim
479 2496 593 2558 non
636 2502 872 2573 quiescit
919 2500 1081 2555 altrix
1124 2499 1373 2565 facultas,
1407 2499 1504 2555 sed
1539 2498 1805 2554 insomnis

214 2608 275 2651 et
304 2596 535 2666 pervigil
566 2596 723 2649 bonae
757 2593 991 2648 nutricis
1024 2592 1217 2658 instar,
1262 2591 1552 2659 inSpiranti
1603 2598 1805 2662 praesto

218 2697 330 2752 est,
359 2687 605 2755 nunquid
634 2701 739 2740 non
780 2686 922 2741 bona
951 2682 1191 2740 faciens?
1215 2699 1277 2740 ea
1299 2694 1447 2739 certe
1480 2698 1602 2754 quae
1626 2698 1722 2754 per
1742 2697 1805 2739 os

222 2778 421 2832 molita
456 2776 510 2830 in
543 2787 788 2831 ventrem
824 2775 1207 2840 demittuntur,
1240 2788 1590 2844 concoquens
1629 2789 1692 2829 ac
1719 2775 1805 2828 di-

220 2881 453 2939 gerens,
502 2866 848 2935 primumque
883 2865 938 2920 in
985 2880 1180 2920 succos
1222 2875 1569 2931 convertens,
1612 2864 1807 2919 deinde

223 2963 300 3019 ad
320 2963 483 3033 jecur
508 2959 794 3014 attrahens
823 2967 878 3013 et
906 2958 962 3012 in
996 2957 1319 3027 sanguinem
1348 2968 1599 3022 mutans;
1631 2955 1808 3011 illinc-

221 3070 339 3125 que
382 3068 478 3121 per
523 3066 692 3107 venas
752 3050 1009 3105 omnibus
1056 3065 1213 3105 suam
1258 3050 1456 3119 cuique
1503 3049 1808 3118 portionem

1896 579 2185 647 agitamus,
2219 577 2655 633 controversiam
2690 590 2800 631 non
2843 574 3101 643 pertinet.
3132 572 3189 626 Si
3226 588 3355 626 vero
3387 588 3484 625 na—

1898 671 2128 726 turalem
2179 686 2302 741 quae
2366 670 2660 725 nutriendo
2730 668 3058 739 percipitur,
3111 667 3479 732 voluptatem,

1898 763 2170 816 luxuriam
2206 763 2418 828 definit,
2462 762 2631 815 multo
2678 761 2829 830 prius
2864 776 2984 827 quae
3029 760 3083 812 in
3123 756 3479 828 procreandis

1899 854 2086 909 liberis
2113 863 2217 918 est,
2253 853 2577 924 flagitiosum
2621 853 2945 906 nominabit.
2980 851 3051 904 At
3115 865 3290 919 neque
3343 865 3483 918 nup-

1901 945 2069 1011 tialis,
2104 961 2281 1016 neque
2321 946 2488 999 etiam
2523 946 2681 999 altrix
2711 944 2957 1011 voluptas
2986 944 3110 997 ullis
3145 954 3323 995 mente
3344 957 3483 1009 prac-

1900 1037 2033 1091 ditis
2085 1035 2305 1089 crimini
2348 1036 2531 1097 datur,
2567 1036 2698 1102 quin
2750 1034 2927 1102 potius
2970 1031 3318 1087 admirationi
3373 1039 3478 1084 est.

1907 1128 2041 1182 Nam
2077 1130 2166 1182 illa
2199 1128 2265 1182 de
2302 1141 2499 1197 genere
2532 1126 2675 1193 quod
2717 1127 2920 1180 sensim
2950 1124 3142 1187 efﬂuit,
3174 1122 3483 1177 successio-

1900 1235 2002 1286 ne;
2034 1221 2150 1274 haec
2195 1219 2446 1288 corporis
2490 1217 2833 1281 inanitatem,
2868 1216 3125 1270 alimento
3170 1213 3382 1283 supplet
3417 1227 3483 1266 ac

1900 1322 2153 1381 reparat;
2206 1312 2395 1380 itaque
2428 1324 2609 1379 neque
2656 1307 2835 1363 divina
2877 1323 3030 1361 mens
3073 1322 3103 1360 a
3144 1322 3241 1361 sua
3283 1304 3489 1361 decidit

1902 1404 2074 1473 ipsius
2106 1402 2391 1472 dignitate,
2427 1414 2606 1468 neque
2643 1414 2869 1469 prorsus
2900 1397 3233 1454 contumelia
3260 1396 3481 1450 divexa-

1900 1503 2013 1559 tur,
2047 1509 2109 1549 ea
2160 1491 2469 1548 concedens
2507 1506 2627 1561 quia
2675 1505 2704 1545 a
2758 1499 2954 1545 natura
2994 1490 3212 1545 decreta
3255 1497 3383 1543 sunt
3430 1497 3485 1543 et

1902 1587 2141 1651 sancita;
2177 1594 2232 1641 et
2256 1600 2491 1655 operam
2528 1584 2840 1647 conferens,
2874 1598 2939 1637 ac
2984 1598 3091 1638 una
3125 1584 3481 1652 suppeditans

1900 1693 1964 1732 ea
1993 1692 2112 1746 quae
2145 1687 2275 1732 sunt
2322 1676 2618 1747 praecipua,
2650 1682 2706 1730 et
2749 1675 2984 1729 maxime
3026 1675 3245 1745 corpori
3290 1690 3489 1730 neces-r

1904 1770 2073 1836 saria;
2111 1768 2216 1824 etsi
2248 1769 2314 1824 de
2350 1768 2553 1822 talibus
2579 1767 2695 1821 haec
2721 1778 2904 1822 erecta
2937 1766 3141 1830 fremit,
3176 1767 3488 1836 quibusque

1906 1860 2232 1915 criminibus
2265 1858 2499 1913 aliorum
2535 1866 2685 1913 taxat
2714 1857 2960 1924 delicias,
2992 1858 3187 1912 iisdem
3221 1857 3337 1927 ipsa
3368 1872 3485 1911 ma-

1906 1952 1989 2020 gis
2028 1952 2294 2007 delicians
2320 1951 2641 2006 revincitur.
2670 1949 3026 2007 Considerate
3068 1952 3237 2017 enim,
3276 1965 3493 2019 quaeso,

1906 2051 2109 2113 quanta
2136 2043 2336 2112 jactet;
2380 2041 2770 2097 contumeliam
2811 2050 2865 2095 et
2911 2040 3229 2096 servitutem
3261 2039 3484 2109 ignobi»

1906 2136 2173 2193 lissimam
2206 2144 2395 2191 censet
2417 2133 2563 2203 quod
2590 2134 2745 2189 initio
2780 2133 2883 2187 mei
2912 2147 3101 2187 curam
3133 2140 3306 2202 gerat,
3334 2140 3389 2186 et
3416 2131 3485 2186 ad

1908 2228 2195 2284 vivendum
2251 2228 2561 2282 neceSSnria
2611 2235 2921 2295 comparet;
2961 2242 3027 2280 ac
3069 2224 3486 2281 dissimulanter

1908 2320 2194 2374 cavillatur
2265 2332 2326 2373 se
2390 2317 2866 2388 praestantior-ibus
2917 2316 3323 2372 adhaerescendi
3378 2331 3488 2371 non

1905 2426 2028 2467 esse
2052 2420 2381 2480 compotem,
2405 2419 2461 2465 et
2490 2410 2783 2466 deterioris
2814 2424 3003 2465 curam
3035 2409 3254 2473 habere,
3282 2408 3490 2463 idcirco

1907 2504 2195 2573 cujusdam
2225 2502 2439 2558 ancilla:
2471 2487 2837 2572 opsonatricis
2871 2512 2924 2557 et
2958 2502 3206 2573 paniticis
3247 2501 3497 2571 speciem

1908 2597 2106 2662 induit,
2136 2611 2259 2666 quae
2282 2595 2485 2665 alioqui
2513 2595 2737 2650 domina
2770 2605 2960 2663 est,.et
2992 2609 3149 2651 suam
3184 2595 3375 2649 studet
3400 2593 3499 2647 in-

1908 2690 2165 2744 violatam
2205 2688 2525 2743 felicitatem
2565 2702 2918 2744 conservare.

1977 2784 2141 2853 Atqui
2187 2783 2233 2839 si
2286 2784 2403 2839 haec
2460 2784 2601 2853 apud
2657 2782 2794 2839 alios
2840 2782 3095 2838 desidens
3142 2781 3498 2837 sermonibus

1905 2877 2159 2947 iactaret,
2210 2875 2464 2931 fortassis
2512 2874 2598 2930 his
2646 2874 2940 2944 praestigiis
2988 2875 3322 2944 imponeret;
3376 2887 3496 2927 non

1909 2984 2040 3024 vero
2076 2984 2202 3024 cum
2235 2967 2379 3037 apud
2404 2982 2500 3021 vos
2532 2966 2672 3019 nihil
2704 2966 2860 3031 recti,
2898 2965 3033 3019 nihil
3067 2967 3186 3018 sani
3227 2965 3485 3019 dissimu-

1911 3060 2003 3123 let,
2044 3059 2330 3113 manifesto
2364 3056 2620 3112 indecore
2664 3055 2817 3111 facit.
2866 3054 2974 3110 Vos
3021 3056 3221 3109 etenim
3262 3055 3351 3123 qui
3401 3054 3488 3108 hic

220 3144 592 3211 distribuens,
624 3149 678 3197 et
700 3141 899 3211 cuique
930 3156 1234 3213 congruum
1263 3151 1317 3195 et
1358 3140 1636 3210 proprium
1665 3153 1797 3194 con-

1913 3151 2108 3206 sedetis
2154 3160 2394 3204 tacentes
2419 3191 2433 3214 ,
2470 3149 2955 3217 tergiversationes
2997 3148 3156 3215 hujus
3208 3148 3490 3215 perspicue

218 3241 540 3311 glutinans;
563 3253 627 3293 ac
650 3238 876 3291 multam
905 3238 1137 3307 gratiam
1163 3235 1525 3292 Providentiae
1550 3236 1675 3289 huic
1699 3251 1808 3305 qua

218 3349 332 3387 nos
380 3332 856 3392 administramur,
891 3329 1180 3392 debemus,
1220 3343 1317 3397 per
1354 3342 1517 3396 quam
1549 3342 1671 3395 qua:
1712 3341 1808 3396 pe-

220 3425 375 3496 perit
409 3422 586 3487 initio,
620 3421 809 3475 eadem
843 3430 898 3474 et
929 3424 982 3473 in
1028 3429 1306 3489 posterum
1346 3419 1616 3473 charitate
1656 3432 1810 3472 com-

220 3517 517 3589 plectitur,
560 3529 662 3569 nec
688 3513 817 3568 sinit
850 3513 1091 3582 disperdi
1122 3512 1512 3581 dissiparique,
1536 3510 1809 3567 alimentis

220 3607 559 3675 excogitatis
587 3621 652 3659 ac
684 3605 911 3674 paratis.

301 3698 373 3751 Et
420 3707 615 3749 natura
660 3696 904 3761 quidem,
952 3705 1010 3746 ut
1058 3692 1264 3747 dictum
1313 3700 1417 3757 est,
1468 3692 1540 3746 ita
1588 3692 1809 3758 format,

223 3786 574 3848 conformat,
598 3791 960 3853 coagmentat.
991 3781 1143 3836 Mens
1178 3792 1362 3836 autem
1406 3783 1631 3837 rationis
1657 3798 1809 3836 com-

225 3894 361 3949 pos,
398 3885 455 3931 et
505 3890 705 3944 corpus
754 3873 1016 3939 incolens,
1063 3882 1273 3926 naturae
1317 3873 1620 3927 contrarias
1668 3872 1813 3941 leges

224 3971 544 4032 constituit,
585 3980 644 4022 ut
681 3969 783 4022 alia
831 3968 1100 4036 quaepiam
1138 3967 1430 4031 imperiosa
1464 3966 1683 4020 domina
1714 3985 1727 4020 :
1758 3975 1812 4020 et

224 4065 364 4135 quia
423 4061 804 4129 quotidianum
844 4074 1063 4127 semper
1113 4059 1429 4112 alimentum
1484 4072 1691 4127 qumro,
1725 4073 1815 4112 me

226 4156 485 4227 gulosum
522 4162 573 4207 et
619 4150 944 4219 inexplebile
989 4150 1192 4203 dolium
1240 4168 1255 4203 :
1307 4151 1429 4217 quia
1477 4149 1814 4203 nutrimento

230 4252 409 4309 lmtor,
441 4244 785 4298 luxuriosum
824 4252 878 4295 et
920 4243 1304 4310 voluptuosum
1350 4250 1647 4310 nuncupat,
1684 4238 1817 4293 deli-

233 4340 445 4393 ciarum
483 4333 629 4388 enim
662 4333 863 4387 finibus
908 4330 1227 4386 alimentum
1266 4330 1506 4395 metitur,
1558 4330 1703 4396 quod
1749 4330 1818 4384 iis

232 4446 363 4501 quae
423 4427 762 4482 comedimus
809 4432 866 4478 et
933 4423 1174 4478 bibimus
1221 4432 1417 4476 natura
1473 4421 1813 4477 dulcedinem

1911 3239 2225 3305 revincetis,
2281 3238 2375 3307 qui
2432 3238 2734 3293 nobilitatis
2782 3238 3036 3305 imaginis
3076 3238 3243 3299 illius,
3294 3238 3342 3291 si
3391 3237 3489 3306 qui

1913 3330 2002 3384 alii
2060 3330 2254 3385 bonam
2310 3331 2465 3385 vobis
2515 3340 2726 3401 partem
2777 3329 3128 3395 vindicasds,
3173 3339 3227 3384 et
3282 3331 3496 3399 absque

1913 3420 2423 3489 perturbationibus
2460 3436 2523 3474 ac
2554 3419 2719 3475 veluti
2757 3420 2894 3474 citra
2928 3420 3169 3474 materia:
3199 3422 3488 3491 contagio-

1914 3527 2037 3567 nem
2069 3512 2121 3565 in
2150 3512 2489 3580 corpusculis
2515 3511 2841 3566 mortalibus
2857 3511 3022 3565 vitam
3050 3512 3273 3581 egistis:
3308 3521 3493 3566 tamen

1915 3612 1969 3659 et
2014 3618 2309 3671 corporum
2359 3619 2424 3671 ex
2491 3614 2645 3673 parte
2688 3619 2875 3658 curam
2918 3605 3136 3673 geritis,
3188 3604 3489 3670 apostolica

1912 3697 2261 3750 aemulatione
2300 3695 2455 3749 vobis
2487 3696 2587 3765 ipsi
2616 3704 3000 3764 comparantes
3023 3706 3077 3750 et
3099 3695 3491 3749 administran-

1914 3797 1995 3842 tes
2024 3786 2251 3852 idonea;
2290 3802 2467 3857 neque
2497 3802 2789 3856 corporum
2820 3788 2982 3842 talem
3007 3786 3345 3843 aversionem
3376 3794 3494 3841 tam

1914 3880 2134 3950 indigne
2181 3880 2405 3944 tulistis,
2444 3896 2605 3947 quam
2652 3880 2958 3934 animorum
3006 3897 3038 3935 δι
3085 3889 3227 3935 statu
3277 3880 3496 3933 meliori

1917 3974 2154 4043 lapsum,
2188 3988 2366 4042 neque
2401 3973 2688 4026 verborum
2727 3988 2901 4028 nexus
2946 3982 3001 4028 et
3047 3973 3217 4028 series
3245 3988 3340 4027 vos
3378 3982 3496 4028 tam

1916 4068 1980 4118 ad
2025 4066 2560 4120 commiserationem
2611 4066 2799 4127 trahit.
2845 4082 3009 4136 quam
3058 4081 3239 4121 aureae
3286 4076 3500 4123 catenae

1922 4156 2184 4210 virtutum
2221 4157 2328 4211 alia
2358 4157 2577 4225 solutio,
2600 4158 2697 4213 sed
2728 4167 2785 4213 ut
2812 4175 2909 4228 per
2938 4160 3120 4215 omnia
3144 4160 3490 4230 justi,juste,

1918 4247 2224 4302 beatissimi
2260 4248 2499 4318 judices,
2533 4260 2589 4304 et
2625 4266 2915 4320 corporum
2958 4252 3084 4319 jura
3120 4252 3303 4305 divino
3349 4267 3487 4320 pra:-

1919 4348 2074 4408 cepto
2101 4341 2370 4408 persecuti
2404 4343 2557 4408 estis,
2593 4358 2691 4397 nec
2721 4343 2792 4397 ob
2833 4342 2884 4396 id
2918 4358 3015 4397 vos
3046 4343 3344 4399 deteriores
3370 4358 3497 4398 eva-

1921 4431 2059 4484 sisse
2101 4433 2421 4496 censuistis,
2460 4449 2559 4487 nec
2604 4438 2669 4487 ad
2704 4435 3076 4488 conditionem
3110 4450 3407 4504 coquorum
3438 4448 3497 4489 et

227 4519 499 4590 jnnserit,
532 4527 588 4571 ut
618 4516 889 4571 suavitate
915 4514 1147 4583 quadam
1183 4514 1248 4567 ad
1286 4513 1492 4582 gratius
1521 4521 1576 4568 et
1605 4513 1816 4569 avidius
1848 4540 1891 4593 ι)
1924 4536 2127 4576 mensa:
2161 4534 2497 4578 structorum
2532 4524 2902 4590 descendisse,
2946 4538 3003 4579 ut
3050 4543 3117 4580 ex
3160 4543 3273 4582 mea
3316 4539 3502 4583 mente

233 4610 650 4681 percipiendum
683 4606 868 4659 cibum
908 4604 1235 4667 alliciatnur,
1268 4620 1367 4658 nec
1410 4604 1593 4658 tristes
1631 4604 1815 4672 quoti-

231 4706 419 4759 dianis
450 4699 724 4753 alimentis
759 4698 1094 4752 advehendis
1127 4696 1598 4750 condolescamus.
1631 4695 1813 4750 Novas

235 4797 391 4849 enim
419 4794 589 4862 leges,
632 4805 771 4843 nova
814 4787 1035 4842 nomina
1080 4787 1252 4855 fingit,
1284 4787 1459 4841 aliena
1491 4788 1737 4857 quaedam
1763 4796 1818 4841 et

234 4884 508 4945 absurda,
564 4892 675 4933 tum
741 4878 950 4948 legibus
1006 4876 1277 4942 ferendis,
1330 4887 1444 4932 tum
1509 4878 1821 4934 nominibus

236 4972 584 5042 imponendis
618 4972 939 5035 decernens,
976 4969 1129 5036 quasi
1156 4967 1307 5021 nefas
1335 4969 1426 5031 sit,
1466 4969 1535 5021 ali
1565 4984 1689 5022 cum
1722 4983 1818 5021 vo-

235 5068 467 5134 luptate,
500 5061 645 5132 quod
677 5061 798 5114 talis
828 5059 1005 5129 τροφὴ
1052 5059 1254 5129 τρυφή,
1284 5058 1335 5113 id
1375 5068 1458 5114 est
1500 5060 1817 5113 alimentum

236 5158 456 5211 dein-ite
484 5156 611 5208 sint.
638 5153 752 5223 Ego
784 5167 912 5206 vero
947 5152 1089 5220 quod
1123 5160 1313 5204 natura
1343 5160 1660 5220 naturaeque
1685 5151 1818 5221 legi-

245 5254 353 5304 bus
389 5249 681 5318 gubernor,
714 5254 769 5298 ut
817 5245 931 5298 alar
963 5243 1095 5297 mihi
1132 5243 1314 5306 licere,
1341 5258 1407 5297 ex
1439 5244 1587 5299 omni
1631 5257 1819 5298 neces-

247 5345 412 5398 sitate
446 5337 908 5406 consequentibus
947 5345 1001 5390 et
1044 5336 1210 5389 animi
1249 5335 1520 5389 hilaritate
1564 5342 1620 5390 et
1671 5334 1821 5389 volu-

240 5444 411 5505 ptate,
440 5446 675 5487 cettseo:
706 5446 806 5484 nec
833 5429 1043 5484 delicia:
1065 5428 1431 5483 criminabiles
1455 5443 1532 5482 eae
1550 5440 1699 5491 sunt,
1723 5428 1816 5483 sed

238 5528 470 5578 charum
519 5521 837 5575 alimentum
872 5529 925 5573 et
964 5528 1172 5573 natura:
1205 5535 1534 5589 congruens.
1570 5519 1726 5584 Quod
1769 5522 1815 5574 si

237 5632 367 5683 quis
416 5628 714 5682 oppressus
765 5628 1021 5674 maerore,
1067 5612 1151 5665 vel
1210 5627 1347 5680 pane
1395 5612 1538 5666 vesci
1590 5628 1821 5681 prorsus

235 5704 442 5757 oblitus
468 5702 650 5768 fuerit,
686 5704 766 5755 vel
795 5704 1034 5756 cinerem
1068 5695 1324 5770 tanquam
1352 5717 1543 5770 penem
1569 5705 1819 5771 comede:

234 5799 337 5864 xit,
374 5808 429 5851 et
466 5808 652 5865 potam
697 5812 816 5849 cum
852 5794 987 5850 llettt
1030 5793 1329 5860 miscuerit,
1357 5795 1463 5848 alia
1518 5796 1660 5850 ratio
1705 5797 1816 5850 haec

1920 4627 2065 4665 nunc
2089 4613 2335 4667 audistis.
2374 4612 2585 4666 Etenim
2617 4614 2895 4682 equidem,
2923 4614 3083 4668 amici
3128 4614 3218 4669 Dei
3254 4616 3489 4683 judices,

1918 4718 2099 4771 neque
2132 4704 2416 4773 conspicio
2460 4720 2707 4772 quamam
2743 4723 2807 4759 ex
2840 4709 2947 4761 mei
2990 4723 3127 4761 cura
3156 4707 3323 4761 tnenti
3359 4723 3493 4762 con-

1921 4794 2158 4847 tumeliae
2193 4806 2324 4849 nota
2356 4797 2624 4850 inuratur.
2652 4799 2731 4849 An
2762 4812 2888 4853 vero
2916 4801 3048 4852 hera
3086 4813 3287 4855 curans
3319 4801 3493 4855 ancil-

1921 4888 2025 4949 las,
2056 4885 2158 4938 hac
2194 4886 2403 4939 ratione
2430 4885 2599 4939 fuerit
2644 4888 3045 4955 ignominiosa?
3084 4903 3178 4943 aut
3217 4892 3493 4961 guberna.

1920 4981 2007 5030 tor
2050 4990 2239 5030 navcm
2275 4978 2575 5031 onerariam
2621 4978 2919 5043 instruens,
2955 4995 3022 5033 ex
3071 4982 3175 5037 hoc
3218 4984 3493 5052 periculo-

1919 5067 2037 5123 sius
2066 5070 2375 5139 navigabit;
2414 5079 2507 5123 aut
2542 5070 2697 5124 miles
2725 5086 2876 5125 arma
2914 5075 3180 5128 recudens
3214 5084 3270 5128 et
3303 5088 3494 5144 repura

1920 5176 2058 5231 gans
2107 5176 2171 5215 ac
2202 5162 2551 5216 bellatorem
2610 5163 2758 5215 alens
2805 5178 3031 5232 equum,
3075 5166 3359 5234 imperitia:
3411 5166 3497 5219 rei

1922 5253 2176 5308 militaris
2213 5254 2417 5308 idcirco
2445 5254 2817 5319 damnabitur,
2859 5268 2951 5311 aut
2994 5258 3134 5311 inter
3171 5258 3366 5310 milites
3395 5259 3491 5312 de-

1921 5357 2159 5400 set-tores
2206 5345 2654 5398 enumerabizur?
2689 5345 2827 5411 Quid
2879 5362 2984 5400 non
3020 5348 3084 5400 ad
3126 5349 3224 5399 hos
3265 5348 3491 5415 respicis

1920 5437 2013 5505 qui
2055 5438 2109 5490 in
2141 5436 2465 5506 corporibus
2503 5438 2623 5492 sine
2662 5441 2906 5507 corporis
2949 5440 3273 5506 contagione
3320 5439 3488 5493 vitam

1922 5528 2217 5591 duxerunt,
2255 5538 2310 5582 et
2372 5543 2602 5598 corpora
2646 5544 2755 5583 non
2816 5531 3066 5592 oderunt,
3121 5528 3251 5596 quin
3304 5521 3495 5598 potius

1921 5630 2247 5673 accurarunt
2269 5631 2534 5689 quantum
2565 5623 2826 5691 oportuit,
2852 5636 2895 5674 θ
2916 5620 3119 5676 frustra
3139 5637 3335 5690 corpus
3354 5636 3489 5676 exo-

1921 5723 2002 5772 sa,
2037 5710 2507 5779 contentionisque
2538 5727 2690 5766 vanae
2730 5727 2794 5765 ac
2834 5712 3303 5768 inutilis-amns?
3344 5712 3491 5778 Quid

1923 5815 2037 5855 non
2064 5801 2242 5870 magni
2290 5802 2435 5856 illius
2465 5803 2768 5858 recordaris
2802 5806 3067 5874 Apostoli,
3106 5806 3285 5877 quiin
3330 5820 3493 5874 pars:
