3884 6204
431 370 542 435 919

1667 366 2048 430 GREGORII
2085 365 2410 431 PALAM/E
3496 375 3580 439 980

437 483 620 538 disu
651 495 822 552 usque
845 480 929 536 ad
945 480 1166 536 tertium
1190 475 1391 534 caelum
1419 485 1613 548 raptus
1635 489 1745 544 est,
1762 486 1817 533 et
1840 478 2005 532 verba
2034 478 2083 539 Α
2108 480 2176 534 iis
2201 486 2256 533 et
2287 477 2532 548 prudens
2554 475 2880 532 administrat
2913 474 3150 535 inmitius.
3175 485 3227 530 ut
3253 476 3336 533 des
3367 493 3512 535 escam
3538 485 3580 536 in

434 589 559 644 qua:
589 588 700 629 non
731 574 864 628 licet
898 570 1081 640 eloqui
1127 569 1442 624 hominibus
1474 569 1710 634 audivit;
1737 577 1794 623 et
1818 577 2004 623 tamen

435 679 612 734 usque
643 663 826 717 denuo
853 674 1203 731 progressus,
1235 659 1584 715 contumelia:
1613 660 1736 714 loco
1765 673 1877 714 non
1910 673 2006 727 pu-

433 755 588 820 tavit,
616 755 731 810 suis
775 754 950 823 ipsius
999 752 1254 808 manibus
1284 751 1592 807 coriaceam
1636 760 1810 806 artem
1851 764 2007 806 eser-

432 861 579 910 eerc,
609 854 664 900 et
696 844 818 900 suis
845 858 910 898 ac
945 843 1219 898 sociorum
1252 842 1672 898 necessitatibus
1703 842 2006 898 inservien-

432 938 506 992 do
573 937 884 992 subvenire.
946 935 1207 994 Oratione
1278 938 1761 1008 supergrediamur
1824 937 2005 1006 ipsum

432 1027 686 1094 Paulum,
718 1038 773 1082 et
805 1029 925 1100 eius
955 1029 1178 1084 tertium
1212 1028 1443 1095 coelum;
1471 1043 1602 1082 num
1638 1027 1784 1084 Deus
1814 1028 1870 1082 in
1903 1041 2007 1082 suo

432 1127 579 1174 statu
608 1134 822 1190 semper
845 1119 1158 1175 consistens
1189 1119 1253 1172 ad
1280 1133 1399 1174 sese
1427 1119 1743 1184 reﬂectitur,
1763 1127 1818 1175 et
1839 1133 2004 1189 supra

435 1209 576 1264 hanc
599 1210 1013 1265 universitatem
1048 1221 1266 1265 erectus
1297 1210 1489 1265 sedet?
1520 1208 1800 1265 Utrumne
1819 1224 2004 1265 rerum

433 1313 555 1368 qua:
601 1309 724 1370 post
773 1313 901 1355 eum
931 1300 1216 1370 subiacent
1265 1301 1414 1357 nulla
1461 1315 1612 1367 cura,
1643 1301 1791 1356 nulla
1823 1301 2006 1372 provi-

433 1390 618 1445 dentia
672 1391 931 1461 tangitur,
977 1406 1158 1461 neque
1203 1393 1369 1448 etiam
1433 1393 1773 1448 inﬁmarum
1820 1407 2004 1448 rerum

435 1491 742 1538 nostrarum
768 1482 1208 1552 procurationem
1234 1485 1446 1538 habet?
1470 1498 1542 1539 an
1574 1499 1711 1540 vero
1737 1476 2007 1539 accuratis

435 1575 804 1644 providenter,
838 1576 906 1630 de
934 1591 1034 1629 sua
1072 1574 1242 1645 ipsius
1269 1577 1342 1630 ob
1371 1577 1424 1629 id
1463 1575 1726 1642 dignitate
1755 1583 1812 1629 et
1834 1572 2003 1643 gloria

436 1667 730 1736 quidquam
784 1667 995 1737 mittit?
1041 1665 1294 1734 Quonam
1349 1667 1517 1738 igitr
1569 1667 1731 1722 modo
1785 1665 2004 1735 corpori

436 1757 721 1828 coniugata
747 1772 900 1812 mens
923 1772 1108 1813 curam
1134 1757 1408 1828 congeniti
1431 1759 1697 1829 corporis,
1723 1758 1998 1829 indignum

435 1861 497 1901 se
530 1848 770 1901 studium
803 1857 1042 1917 reputat,
1067 1858 1123 1904 et
1164 1849 1310 1904 hanc
1335 1848 1505 1904 rebus
1530 1849 1783 1904 secundis
1822 1848 2004 1918 provi-

437 1941 653 1994 dentem
680 1940 958 1995 solertiam
982 1941 1252 2011 repudiat,
1284 1956 1445 2011 supra
1477 1956 1574 1997 vos
1602 1940 1833 1996 ederetis
1857 1953 2000 2004 sese,

438 2045 672 2100 quorum
717 2032 1018 2088 etiamnum
1063 2035 1212 2088 humi
1258 2026 1618 2105 gradientium
1660 2033 2004 2098 conversatio

439 2123 497 2176 in
542 2123 697 2178 caelis
733 2123 857 2178 est?
891 2139 1053 2194 supra
1096 2125 1208 2194 iam
1252 2125 1449 2181 omium
1486 2125 1806 2194 corporibus
1838 2138 2005 2195 appe-

438 2225 617 2270 tentes
662 2217 981 2286 apostolos:
1015 2232 1180 2285 supra
1221 2217 1483 2272 bonitatis
1515 2217 1689 2287 ipsius
1730 2217 2003 2286 exemplar

438 2305 590 2368 illud,
621 2307 768 2374 quod
804 2307 956 2360 omni
998 2307 1151 2361 carui
1194 2307 1423 2378 largitur
1460 2307 1820 2361 alimentum:
1849 2307 2008 2375 cuius

437 2409 505 2449 es
531 2396 889 2453 similitudine
922 2399 1262 2454 nobilitatem
1304 2399 1592 2470 magniﬁce
1618 2400 1853 2469 iactans,
1893 2414 2003 2452 non

438 2487 692 2541 similiter
719 2489 786 2543 ad
820 2489 1136 2546 inferiorum
1159 2491 1424 2560 dignitate
1449 2492 1841 2560 providentiam
1869 2505 2004 2544 con-

439 2583 701 2646 vertitur;
725 2591 779 2636 et
796 2593 990 2636 tamen
1015 2597 1290 2638 summum
1320 2584 1451 2637 illud
1484 2584 1683 2638 bottom
1717 2583 2001 2653 plusquam

439 2672 660 2740 plenum
693 2683 746 2725 et
799 2674 1002 2728 nullius
1039 2676 1267 2728 omnino
1307 2676 1581 2744 indigens,
1627 2675 1830 2728 nullius
1867 2689 2006 2743 opus

438 2774 668 2830 usquam
715 2762 880 2817 habet
915 2777 1104 2817 eorum
1157 2765 1361 2833 quibus
1391 2765 1678 2833 providet:
1721 2763 1834 2817 haec
1877 2779 2005 2818 vero

440 2867 812 2921 npenutnero
839 2869 926 2908 tne
967 2865 1021 2908 et
1063 2869 1122 2908 ut
1158 2856 1520 2909 instrumento
1562 2855 1812 2908 famulari
1861 2867 2002 2924 eget,

441 2951 498 2996 et
529 2953 588 2994 ut
622 2941 913 3010 adiuvante
958 2958 1123 2998 causa
1165 2959 1230 2998 ac
1271 2945 1627 3009 adminiculo,
1658 2956 1713 2999 et
1755 2961 1864 3014 quo
1906 2945 2003 3011 ab:

441 3044 594 3086 sonte
625 3033 758 3086 nihil
788 3049 1107 3103 generosqu
1147 3035 1201 3088 in
1229 3036 1417 3103 primis
1451 3036 1712 3105 perﬁciet.

515 3124 622 3180 Sed
654 3125 906 3181 fortassis
948 3126 1017 3179 ab
1055 3127 1138 3180 his
1170 3127 1469 3180 rationibus
1507 3142 1773 3195 repressa,
1802 3142 1863 3181 se
1892 3144 2001 3182 non
2030 3166 2075 3224 ς

441 3214 698 3281 iniuriam
725 3215 870 3269 dicet
913 3231 982 3269 cx
1016 3216 1454 3272 necessariarum
1490 3215 1626 3270 mihi
1660 3232 1842 3272 rerum
1875 3233 2004 3285 sup-

439 3305 771 3373 peditatione
795 3321 1035 3376 passam,
1069 3307 1164 3360 sed
1203 3307 1348 3376 quod
1380 3308 1539 3376 longe
1571 3322 1733 3377 supra
1763 3309 2005 3363 necessi—

440 3403 608 3450 tatem
636 3408 690 3452 et
715 3413 873 3452 nsunt
903 3399 1100 3466 partim
1135 3397 1428 3452 insatiabili
1457 3398 1772 3466 cupiditate,
1808 3401 2002 3465 partim

440 3488 736 3555 voluptatis
770 3487 1022 3542 aviditate
1053 3503 1426 3558 progressum,
1463 3491 1602 3543 hanc
1633 3505 1846 3544 meeum
1878 3507 2004 3545 cor-

441 3582 657 3670 ripiam,
683 3589 736 3633 et
761 3581 986 3634 invitam
1014 3581 1380 3650 praecipitem;
1408 3581 1512 3636 hoc
1541 3581 1688 3635 enim
1718 3582 1830 3638 fere
1861 3585 2006 3638 dice-

441 3673 551 3734 bat,
583 3673 806 3739 quando
834 3687 893 3726 se
924 3672 1290 3741 voluptatibus
1322 3673 1575 3727 absurdis
1607 3675 1926 3743 mancipari,
1953 3683 2005 3728 et

440 3762 578 3816 meis
599 3762 773 3831 decipi
799 3758 1092 3833 praestigiis
1115 3765 1484 3818 asseverabat.
1516 3763 1573 3817 ld
1607 3779 1736 3819 vero
1768 3765 2006 3818 refutare

439 3868 658 3920 quoque
711 3854 868 3908 facile
911 3863 1017 3917 est,
1057 3869 1122 3908 ac
1163 3855 1360 3930 docere
1407 3855 1656 3910 audaxne
1705 3856 1917 3911 [acinus
1953 3865 2006 3910 et

438 3945 786 3998 temerarium
833 3947 926 4010 sit,
958 3933 1054 4000 ita
1100 3946 1218 4000 sive
1269 3946 1437 4011 fastu,
1482 3947 1597 4001 sive
1635 3947 2004 4002 contendendi

439 4037 623 4092 studio
668 4038 975 4104 incitatam,
1001 4053 1067 4093 ea
1115 4041 1302 4093 inme
1345 4054 1608 4094 accusare
1659 4054 1720 4094 se
1771 4039 2006 4108 nescire,

438 4144 667 4197 quorum
695 4129 810 4197 ipsa
845 4145 936 4184 rea
964 4131 1057 4193 sit,
1079 4146 1203 4183 cum
1228 4131 1560 4199 Oportuisset
1581 4130 1823 4200 integere
1851 4131 2002 4186 haec:

439 4221 532 4272 sed
555 4219 850 4274 infaustum
878 4222 1013 4273 nihil
1033 4223 1235 4284 dicam,
1255 4222 1614 4276 admiratione
1634 4238 1758 4276 vero
1781 4223 2004 4290 dignum

439 4321 539 4364 est.
563 4313 656 4378 qui
697 4311 787 4364 iiut
820 4323 879 4364 ut
920 4313 1023 4366 sibi
1063 4313 1338 4366 contraria
1372 4314 1628 4382 loquatur
1661 4313 2000 4381 imprudens.

438 4400 708 4469 Numquid
745 4418 851 4455 non
889 4417 1109 4456 sursum
1133 4404 1388 4457 deorsum
1423 4419 1648 4459 versans
1679 4406 2003 4470 orationem,

2107 570 2394 639 tempore?
2411 568 2518 634 Qui
2548 570 2608 624 iit
2638 568 2802 640 igitur
2828 577 2886 621 ut
2911 582 3018 622 non
3039 566 3256 622 ﬁdeliter
3280 576 3330 622 et
3353 571 3584 637 prudenter
3661 603 3666 606 -

2105 662 2441 730 assignatum
2481 673 2680 715 munus
2707 658 3082 719 administres,
3116 656 3302 726 desque
3329 667 3528 727 tempore
3545 669 3587 714 et

2105 754 2272 808 modo
2294 752 2502 814 cibum,
2533 761 2590 807 et
2613 759 2672 806 ut
2703 749 2878 806 ﬁdelis
2909 749 3158 817 increpet
3186 747 3399 814 inddelc,
3422 760 3473 803 ut
3490 766 3587 818 pru-

2104 844 2243 900 dens
2291 844 2523 914 castiges
2569 853 2624 896 et
2673 841 2933 896 emendes
2965 839 3288 908 imprudens,
3326 846 3374 892 et
3413 840 3589 894 omnino

2107 942 2428 1005 potestatem
2462 936 2520 988 in
2551 933 2652 988 tibi
2695 930 2897 988 credita
2929 928 3381 987 administratione
3413 930 3588 985 liberam

2105 1040 2383 1090 exerceas,
2414 1035 2469 1080 et
2515 1037 2678 1080 ornes
2719 1023 2964 1094 Optime?
2997 1021 3068 1076 At
3096 1030 3148 1075 te
3175 1020 3358 1090 corripi
3387 1020 3588 1076 violentia

2106 1119 2206 1174 tibi
2254 1117 2458 1174 subditi
2509 1117 2670 1182 dicis,
2706 1116 2865 1172 et'ad
2910 1113 3133 1170 easdem
3183 1113 3248 1168 ad
3295 1126 3418 1182 quas
3455 1112 3594 1180 ipsum

2108 1211 2345 1282 ineptias
2375 1219 2429 1265 te
2460 1220 2830 1266 transversam
2863 1206 2973 1276 agi.
2999 1204 3290 1260 Talibusne
3316 1203 3597 1274 pratextilms

2105 1317 2302 1358 censes
2333 1312 2404 1366 te,
2440 1317 2604 1372 quam
2637 1301 2780 1356 male
2824 1313 2986 1355 suum
3014 1309 3216 1353 munus
3243 1295 3441 1352 obeunti
3460 1296 3598 1350 mina-

2105 1399 2195 1445 tus
2236 1403 2319 1446 est
2351 1391 2482 1456 ille,
2514 1391 2881 1445 membrorum
2922 1386 3278 1443 divulsionem
3337 1385 3601 1440 evasuram?

2102 1482 2268 1552 Atqui
2317 1482 2445 1536 talis
2482 1480 2668 1548 opinio
2688 1494 2826 1535 vana
2855 1488 2942 1535 est
2967 1487 3022 1534 et
3054 1477 3275 1541 inanis;
3303 1491 3332 1529 a
3353 1474 3602 1545 principatu

2105 1573 2249 1628 enim
2285 1574 2440 1628 omni
2481 1587 2672 1628 eorum
2704 1585 2826 1642 qua:
2857 1570 3068 1627 subditi
3090 1578 3311 1641 peccant
3324 1566 3604 1638 mutassi-

2104 1673 2306 1735 guntur
2337 1665 2496 1719 :sive
2551 1665 2956 1735 imperatorem,
2993 1664 3112 1718 sive
3143 1662 3485 1732 paedagogum,
3519 1658 3607 1710 sive

2104 1755 2554 1822 parentetn,.sive
2584 1755 2862 1812 doctorem
2903 1752 3080 1816 dicas,
3120 1750 3221 1807 etsi
3257 1748 3439 1816 alioqui
3480 1744 3601 1815 probi

2106 1847 2234 1911 sint,
2267 1847 2584 1901 eorumdem
2623 1844 2916 1899 criminum
2962 1844 3038 1898 rei
3076 1852 3228 1906 sunt,
3263 1849 3319 1894 ut
3347 1840 3391 1892 si
3434 1837 3506 1892 vel
3533 1836 3611 1890 im-

2104 1943 2322 2003 perator
2365 1948 2489 1986 cum
2539 1933 2781 1987 exercitu
2828 1933 3045 1988 deserat
3076 1931 3270 1996 aciem,
3298 1927 3614 1997 autpadago-

2105 2039 2206 2093 gus
2237 2039 2359 2078 cum
2391 2039 2564 2093 puero
2609 2023 2867 2088 colludat,
2894 2033 2998 2093 aut
3020 2033 3179 2092 pater
3217 2033 3334 2076 cum
3362 2019 3460 2073 ﬁlio
3487 2018 3614 2072 laici-

2105 2117 2237 2181 viat,
2282 2126 2374 2171 aut
2431 2131 2554 2170 cum
2597 2117 2869 2186 discipulo
2917 2117 3182 2186 magister
3227 2112 3421 2168 inertiae
3456 2120 3502 2165 et
3533 2109 3620 2164 otio

2105 2207 2399 2277 indulgeat,
2430 2207 2633 2275 duplici
2674 2223 2855 2277 pana,
2899 2221 3123 2273 censeo,
3161 2206 3348 2260 horum
3379 2201 3618 2270 ultusquis-

2105 2317 2212 2370 que
2240 2301 2527 2369 punietur:
2559 2299 2747 2364 altera,
2777 2298 2921 2368 quod
2947 2298 3261 2353 clanculum
3281 2311 3396 2350 eum
3420 2307 3619 2349 eorum

2105 2401 2214 2462 pat,
2253 2407 2414 2461 quem
2451 2392 2637 2461 petitis
2677 2405 2738 2445 se
2780 2391 3057 2445 meliorem
3095 2390 3418 2444 redditurum
3442 2383 3620 2455 pollice-

2106 2485 2296 2549 batur;
2342 2483 2516 2537 altera
2563 2481 2707 2551 quod
2753 2482 3070 2535 earumdem
3131 2497 3256 2535 reus
3301 2493 3510 2549 quorum
3553 2475 3623 2528 ille

2105 2575 2588 2644 deprehendatur;
2634 2585 2696 2628 ut
2738 2576 2858 2629 vice
2909 2589 3072 2628 versa
3100 2573 3300 2644 duplici
3344 2571 3481 2624 venia
3505 2565 3624 2635 digni

2105 2667 2308 2720 subditi
2340 2667 2550 2720 censeri
2599 2667 2799 2720 debent
2843 2667 2986 2735 apud
3027 2681 3127 2722 eos
3168 2667 3259 2736 qui
3302 2664 3415 2734 plus
3451 2673 3627 2716 summo

2103 2757 2224 2827 iure
2263 2771 2423 2823 quam
2455 2757 2753 2812 clementer
2793 2772 2906 2810 rem
2941 2757 3286 2826 diiudicant;
3321 2754 3476 2808 altera
3521 2763 3625 2818 pro-

2106 2855 2224 2914 pter
2263 2859 2454 2900 eorum
2486 2860 2742 2902 naturam
2768 2864 2888 2917 quae
2914 2863 3137 2917 semper
3174 2847 3365 2902 ducem
3393 2857 3441 2897 et
3469 2841 3524 2894 ad
3549 2840 3629 2891 ho-

2105 2949 2370 2995 nestatem
2398 2951 2802 3012 promoventeni
2828 2941 3088 3010 requirit;
3137 2939 3306 2994 altera
3345 2933 3478 3005 quod
3497 2942 3627 3000 qnc

2109 3033 2172 3084 ad
2231 3034 2436 3088 bonum
2495 3032 2808 3102 praefectum
2863 3043 3185 3100 acceperat,
3239 3033 3296 3084 in
3342 3024 3628 3083 contrarium

2106 3127 2494 3194 depravantem
2541 3138 2594 3182 et
2649 3136 3036 3197 provocantem
3093 3126 3322 3180 invenit.
3367 3119 3496 3174 Nihil
3527 3127 3629 3170 πετο

2111 3230 2218 3271 tam
2263 3221 2331 3273 ad
2367 3224 2619 3274 virtutem
2665 3229 2720 3273 et
2767 3221 2957 3273 vitium
3007 3218 3208 3279 allicit,
3239 3230 3397 3285 quam
3415 3211 3633 3282 .prineﬁl‘!

2107 3325 2168 3364 ca
2201 3310 2405 3366 faciens
2429 3327 2549 3380 quae
2575 3311 2638 3363 ad
2663 3311 2988 3365 alterutrum
3016 3311 3398 3372 exhortantur,
3421 3316 3469 3359 et
3486 3316 3631 3357 exent-

2108 3400 2198 3469 plo
2218 3417 2319 3455 suo
2338 3403 2404 3455 ad
2432 3403 2631 3457 similia
2653 3406 3014 3472 perpetranda
3028 3403 3304 3470 trahens;
3331 3395 3633 3469 quemadmo-

2107 3489 2236 3544 dum
2268 3501 2321 3546 et
2351 3496 2514 3546 chara
2547 3494 2679 3546 mihi
2722 3508 2876 3548 mens
2913 3493 3168 3562 duplices
3194 3493 3348 3546 dabit
3383 3503 3566 3559 poenas,
3589 3492 3633 3536 ut

2107 3597 2226 3650 quae
2252 3598 2429 3652 neque
2458 3585 2599 3651 quod
2632 3585 2686 3636 in
2722 3587 2938 3638 homine
2971 3586 3144 3640 fuerit
3171 3583 3518 3638 inordinatum
3541 3593 3634 3632 eor—

2106 3675 2268 3740 rexit,
2303 3689 2535 3744 quasque
2561 3677 2826 3731 collaetata
2856 3676 3042 3742 fuerit,
3085 3688 3140 3732 et
3177 3674 3459 3746 voluptatis
3487 3672 3630 3725 illece-

2106 3766 2233 3820 bras
2278 3767 2441 3820 simul
2466 3769 2734 3823 excitarit.
2765 3770 2819 3822 Si
2850 3784 2978 3821 vero
2999 3770 3282 3824 sudocaut
3307 3782 3473 3837 aquai.
3499 3765 3635 3819 aiunt.

2106 3859 2238 3928 quid
2269 3873 2406 3928 opus
2441 3871 2522 3914 est
2547 3861 2837 3914 adhibere?
2869 3860 2998 3915 Mihi
3027 3871 3218 3915 autem
3255 3859 3490 3914 fortaSsis
3511 3852 3635 3908 venit

2106 3950 2376 4018 quaepiam
2423 3950 2659 4015 dabitur,
2693 3953 2836 4019 quod
2880 3951 3070 4004 lteram
3105 3965 3434 4020 consequar.
3460 3962 3563 4016 qua-
3595 3953 3639 3996 ut

2107 4040 2212 4095 ista
2249 4041 2563 4110 delinquant
2627 4057 2711 4095 me
2763 4043 2970 4097 doceat.
3033 4043 3234 4109 Qualis
3292 4043 3452 4102 enim,
3498 4038 3638 4098 aiunt,

2109 4132 2263 4198 hera,
2300 4131 2425 4186 talis
2455 4143 2508 4187 et
2552 4133 2726 4187 canis.
2761 4130 2827 4186 Ut
2860 4145 3045 4188 autem
3092 4136 3306 4189 clarius
3349 4133 3642 4187 demonstra-

2107 4233 2220 4276 tum
2255 4224 2347 4291 sit,
2381 4225 2523 4293 quod
2548 4239 2578 4278 a
2611 4239 2696 4277 me
2725 4239 2832 4278 non
2866 4225 2981 4294 ipsa
3014 4226 3358 4295 corripiatur
3383 4222 3446 4276 ad
3477 4216 3640 4286 turpis;

2108 4317 2245 4370 sima
2277 4331 2522 4386 qumque,
2545 4318 2639 4371 sed
2657 4318 2769 4385 ipsa
2791 4317 2963 4387 magis
2983 4317 3056 4371 ad
3084 4318 3400 4386 voluptates
3430 4310 3640 4380 abripiat.

2110 4421 2304 4476 meque
2349 4422 2535 4461 secum
2569 4408 2866 4476 pertrabat,
2921 4422 3010 4460 me
3071 4423 3275 4476 quaeso
3301 4407 3541 4477 patienter
3563 4413 3638 4452 au-

437 4494 641 4548 Christi
675 4496 862 4548 t‘amuli
889 4495 1127 4563 iudices,
1162 4497 1477 4565 primariam
1507 4496 1822 4566 dignitatem
1863 4514 2002 4568 prato
2028 4490 2082 4549 D
2109 4497 2292 4559 diatis,
2321 4499 2389 4551 ab
2422 4499 2688 4552 orationis
2723 4513 2884 4555 cursu
2919 4498 3156 4567 paulum
3189 4501 3578 4569 digredientem.
3601 4498 3644 4542 ei

439 4583 712 4648 tendebat,
741 4587 882 4654 quod
919 4588 1095 4657 imago
1137 4588 1322 4644 divina
1371 4598 1536 4659 atque
1582 4591 1750 4644 totius
1790 4591 2006 4645 ratione

447 4677 684 4732 carentis
714 4689 924 4732 naturae
963 4681 1146 4748 regina
1173 4689 1340 4749 esset,
1373 4697 1436 4735 ac
1480 4697 1564 4736 me
1618 4679 1903 4746 famulum,
1947 4697 2007 4737 se

453 4770 726 4838 dominam
756 4771 1139 4838 nuncupabat?
1168 4770 1416 4836 Quonam
1464 4774 1630 4840 igitur
1661 4775 1822 4828 modo
1847 4775 2006 4827 (lere-

446 4871 604 4930 pente
633 4861 774 4916 facta
811 4864 1136 4927 mutatione,
1162 4879 1380 4919 sursum
1409 4881 1598 4920 versus
1628 4866 1850 4919 [lumina
1883 4881 2007 4934 pro—

440 4953 639 5006 cedunt
699 4952 899 5016 fontes,
955 4967 1018 5006 ac
1071 4953 1358 5007 ostendere
1420 4964 1647 5007 conatur
1703 4970 1791 5008 me
1838 4954 2003 5008 veluti

438 5044 638 5098 ducere
668 5058 729 5096 ac
773 5042 1182 5098 circumducere
1231 5043 1600 5112 imperiosius,
1642 5059 1701 5098 se
1731 5054 1914 5099 autem
1950 5055 2008 5100 ut

441 5136 771 5203 mancipium
809 5135 893 5202 agi
941 5133 1209 5204 ferrique!
1247 5145 1297 5188 et
1330 5134 1588 5203 quidquid
1613 5136 1856 5191 criminis
1889 5153 2007 5191 am-

441 5225 620 5280 bobus
656 5224 1008 5294 delinquitur,
1033 5224 1088 5279 id
1130 5225 1197 5278 ad
1234 5225 1406 5278 me‘ut
1449 5237 1726 5281 auctorem
1771 5227 2006 5294 primum

403 5307 657 5384 \reiicit?
698 5314 852 5381 Quod
895 5315 940 5369 si
975 5315 1093 5384 ipsa
1137 5315 1386 5383 imperat,
1433 5331 1531 5384 ego
1576 5330 1759 5384 pareo,
1789 5326 2010 5384 quantae

440 5406 791 5474 impudentiae
828 5417 912 5464 est
956 5407 1112 5460 alteri
1142 5407 1228 5459 sui
1276 5405 1458 5459 delicti
1489 5406 1790 5471 et-peccati
1822 5417 2012 5460 notam-

439 5499 698 5552 inurere?
739 5499 967 5563 Roganti
999 5499 1144 5553 enim
1176 5497 1304 5551 mihi
1339 5494 1627 5562 responde,
1649 5511 1682 5550 ο
1715 5497 2010 5565 reprehen-

444 5587 606 5642 dendi
627 5599 681 5642 et
713 5591 1001 5644 accusandi
1031 5589 1256 5643 libidine
1282 5588 1537 5658 ﬂagrans,
1566 5596 1698 5642 tunc
1727 5603 1756 5642 a
1786 5588 2012 5643 domino

450 5677 740 5731 constituta
763 5694 823 5732 es
849 5694 972 5747 qua:
1011 5693 1278 5734 conservo
1314 5687 1561 5733 mutuum
1600 5688 1829 5746 prastes
1853 5679 2011 5733 obse-

450 5760 663 5829 quium,
697 5765 834 5830 quod
862 5777 938 5820 est
970 5769 1023 5821 in
1054 5769 1362 5837 evangelica
1391 5769 1663 5837 parabole,
1699 5768 1852 5838 quasi
1883 5769 2010 5825 ﬁde-

2110 4587 2177 4644 ad
2213 4589 2603 4659 tragmdiarum
2642 4590 2886 4643 omnium
2921 4604 3184 4657 causam,
3227 4604 3389 4660 quam
3421 4585 3644 4652 explicare

2107 4695 2264 4734 mens
2297 4681 2588 4746 erubescit,
2614 4691 3010 4739 recurrentem.

2178 4771 2296 4824 Non
2331 4772 2624 4837 sinceram,
2659 4772 2758 4826 viri
2785 4772 3024 4841 iudices,
3064 4774 3459 4846 intelligentcm
3490 4769 3644 4822 vitam.

2108 4876 2160 4918 et
2191 4879 2222 4916 a
2258 4878 2525 4931 corporeo
2553 4879 2717 4919 sensu
2749 4865 3058 4933 ablegatam
3098 4876 3296 4920 noster
3325 4866 3525 4919 animus
3551 4871 3647 4912 sor-

2109 4953 2240 5007 titus
2271 4965 2372 5018 est,
2409 4955 2502 5008 sed
2544 4956 2759 5023 utrique
2785 4956 2908 5009 vita:
2935 4957 2986 5010 ei
3021 4957 3296 5026 subjectae
3320 4955 3526 5011 insidet,
3557 4958 3643 5001 tum

2108 5044 2409 5116 plantaria,
2453 5055 2564 5100 tum
2598 5048 2775 5112 vitali,
2817 5061 2846 5100 a
2892 5049 3108 5117 quibus
3140 5049 3461 5104 constitutio
3498 5049 3645 5098 nostra

2108 5151 2372 5205 corporea
2422 5138 2717 5206 gubernata
2767 5147 3160 5192 conservatur.
3217 5138 3353 5192 Nam
3400 5134 3566 5188 dolore
3603 5133 3644 5177 ei

2109 5228 2381 5295 voluptate
2433 5227 2590 5296 quasi
2633 5225 3004 5295 gubernaculo
3063 5237 3462 5296 temperamur;
3498 5218 3643 5274 dolore

2110 5331 2231 5369 eum
2281 5315 2542 5370 inanitate
2574 5315 2906 5380 laboramus,
2938 5323 3046 5369 aut
3080 5317 3244 5369 aliter
3274 5314 3544 5383 angimur;
3571 5315 3640 5356 t0-

2112 5405 2338 5473 luptate,
2367 5419 2489 5457 cum
2517 5404 2818 5472 explemur,
2842 5411 2896 5456 et
2915 5403 3074 5456 nulla
3103 5401 3506 5472 perturbatione
3525 5403 3648 5446 vexa-

2112 5510 2252 5557 mur,
2290 5511 2354 5550 ex
2403 5493 2613 5564 opiﬁcis
2661 5503 2870 5547 natura:
2901 5492 3284 5560 providentia,
3315 5481 3647 5542 affectionibus

2109 5584 2377 5655 ejusmodi
2425 5583 2581 5637 nobis
2629 5581 2698 5636 ad
2741 5581 2974 5636 salutem
3029 5577 3389 5651 ingeneratis.
3434 5574 3486 5628 Si
3529 5567 3645 5622 enim

2110 5676 2238 5728 dum
2277 5673 2565 5730 debuimus
2609 5683 2662 5728 et
2706 5672 3146 5738 corrumpimur,
3193 5685 3302 5724 non
3341 5669 3646 5734 augeremur.

2115 5781 2291 5836 neque
2320 5767 2448 5822 dum
2482 5765 2748 5822 satiantur
2773 5764 3112 5832 laetaremur,
3151 5765 3224 5820 ita
3266 5773 3321 5818 ut
3353 5769 3517 5828 neque
3543 5764 3650 5806 con-
