3962 6208
309 345 411 410 981

1643 349 2100 408 PROSOPOPIE
2113 349 2132 406 l
2146 349 2227 408 :E.

3447 332 3587 392 ἔδδῖ

306 457 573 524 iicientla,
627 471 802 526 neque
847 459 1227 513 conservantia
1277 459 1636 517 sentiremus.
1686 458 1870 512 subito
1897 461 1946 516 Α
1976 456 2177 520 furens,
2219 458 2374 526 quasi
2429 452 2788 522 (temptamus,
2834 459 3006 504 eteos
3065 447 3113 496 vi
3169 443 3566 509 corripiamusp

306 549 615 618 periremus
645 548 1034 616 imprudentia.
1067 550 1223 604 Nunc
1261 549 1389 603 vero
1419 550 1643 618 provida
1677 561 1874 602 natura

302 639 461 705 quasi
517 640 768 696 manibus
821 640 1036 696 duabus
1093 650 1282 704 utens,
1343 641 1662 710 fatigatione
1715 651 1878 707 atque

303 728 689 794 delectatione,
733 730 822 783 illa
862 746 1128 801 puogens,
1164 732 1267 786 hac
1302 732 1576 792 inescans.
1608 731 1673 784 ad
1707 731 1878 784 eden-

305 821 436 874 dum
484 828 538 874 et
589 819 887 875 bibendum
935 825 1238 879 exsuscitat
1280 823 1553 892 fugientes
1599 821 1877 877 esuriendi

308 910 577 977 dolorem,
622 921 677 967 et
723 912 918 970 edendi
948 916 1306 984 voluptatem,
1343 919 1486 985 quod
1530 924 1614 969 est
1649 915 1878 968 alimen-

305 1014 448 1071 tum,
484 1013 876 1075 persequentes
910 1022 926 1062 :
963 1023 1149 1061 verum
1200 1007 1459 1077 primario
1506 1008 1645 1070 loco,
1686 1017 1743 1060 ut
1785 1006 1878 1074 qui

306 1110 375 1150 ex
411 1092 594 1151 esurie
625 1112 829 1153 mceror
855 1100 1126 1162 nascitur,
1151 1106 1504 1165 amoveatur;
1533 1096 1880 1160 secundario,

311 1197 373 1242 ut
393 1189 676 1243 saturandi
705 1189 928 1246 licentia
962 1191 1146 1246 detur.
1172 1189 1404 1245 Animus
1433 1199 1617 1245 autem
1655 1186 1883 1242 rationis

316 1294 539 1349 compos
584 1280 742 1337 aliter
777 1297 838 1338 se
866 1284 1078 1338 nutrire
1119 1297 1215 1352 per
1241 1297 1302 1338 se
1343 1282 1517 1347 novit,
1541 1291 1596 1336 et
1621 1288 1884 1350 praestari-

315 1370 439 1424 nori
476 1372 712 1441 quadam
755 1372 1031 1427 ambrosia
1066 1371 1195 1426 frui.
1229 1370 1435 1426 Verum
1462 1386 1609 1436 cum,
1643 1378 1703 1425 ut
1735 1370 1884 1425 dixi-

311 1477 459 1526 mus,
500 1477 643 1534 erga
697 1463 801 1519 sibi
846 1463 1128 1533 subjectas
1184 1463 1472 1518 facultates
1517 1477 1651 1518 noni
1688 1462 1884 1518 intole-

311 1561 500 1608 ranter
537 1569 635 1610 nec
673 1555 1092 1625 implacabiliter
1135 1555 1389 1610 affectum
1439 1555 1556 1618 sit,
1611 1568 1884 1610 consensu

313 1647 550 1716 quodam
594 1647 758 1702 etiam
801 1648 868 1702 iis
903 1648 1240 1717 patientibus
1272 1647 1633 1711 condolescit,
1670 1658 1726 1702 et
1754 1661 1887 1702 sane

311 1752 439 1792 cum
472 1747 746 1809 anguntur
788 1739 952 1792 simul
982 1738 1220 1806 angitur,
1253 1748 1307 1792 et
1340 1753 1461 1792 cum
1497 1739 1750 1794 laetantur
1773 1739 1886 1794 col-

312 1829 571 1884 lattatur:
606 1830 689 1885 vel
713 1829 919 1898 potius.
948 1831 995 1884 si
1025 1843 1137 1884 rem
1174 1829 1488 1885 accuratius
1519 1828 1746 1883 delinire
1773 1829 1888 1899 pla-

311 1932 425 1986 cet,
455 1933 508 1976 et
551 1933 612 1975 ut
655 1921 810 1976 aiunt
858 1923 992 1976 artis
1029 1921 1313 1976 medicinae
1357 1921 1610 1985 studiosi,
1651 1923 1887 1990 prinmm

315 2015 434 2082 ipsa
469 2015 694 2068 rationis
733 2016 1095 2070 consensione
1129 2016 1352 2086 patitur,
1380 2025 1664 2084 propterea
1696 2025 1751 2070 et
1782 2016 1890 2084 pri-

316 2122 406 2162 ma
454 2106 518 2158 ad
561 2105 925 2160 amovendum
972 2105 1219 2161 dolorem
1265 2107 1533 2177 exsurgit,
1577 2107 1660 2162 sui
1725 2121 1890 2164 causa

317 2201 596 2253 maxime:
632 2198 844 2263 deinde,
880 2206 932 2251 ut
967 2207 1048 2252 est
1077 2198 1305 2260 dictum,
1332 2199 1672 2254 subditorum
1695 2199 1895 2268 juvan-

316 2293 514 2344 dorum
547 2290 744 2360 gratia.
787 2289 848 2343 In
886 2305 951 2344 eo
983 2290 1145 2358 igitur
1171 2293 1437 2360 sapientis
1468 2299 1677 2344 natura:
1708 2291 1890 2358 provi-

318 2381 500 2432 dentia
533 2379 654 2444 fuit,
684 2395 754 2435 ne
804 2381 1041 2436 maxime
1086 2383 1404 2452 principalis
1444 2383 1684 2446 animus,
1729 2397 1892 2451 supra

321 2476 462 2526 mala
535 2475 748 2543 positus
804 2473 1070 2527 emineret
1132 2474 1472 2543 impatibilis,
1533 2487 1588 2528 et
1643 2475 1894 2531 sensibus

321 2565 504 2619 nullas
562 2565 908 2620 diiiicultates
951 2581 1073 2635 quae
1118 2567 1376 2623 secundis
1434 2577 1488 2622 et
1540 2565 1894 2623 inferioribus

322 2657 714 2720 interveniunt,
751 2655 1032 2720 hauriret;
1062 2656 1128 2710 ad
1165 2671 1357 2711 eorum
1386 2643 1712 2712 euiin‘nulla
1744 2670 1898 2725 pror-

319 2766 416 2805 sus
448 2747 692 2803 curanda
723 2757 1153 2803 converteretur.
1202 2747 1260 2803 Si
1304 2749 1448 2804 enim
1483 2749 1559 2803 ita
1595 2748 1893 2815 stimulata,

319 2840 735 2901 condolescens,
776 2846 830 2893 et
880 2853 1154 2894 consensu
1203 2839 1487 2906 laborans,
1529 2840 1723 2896 videtis
1754 2856 1894 2910 quo-

318 2929 484 2983 modo
536 2929 824 2999 pigrescat,
886 2929 1112 2985 delicias
1160 2930 1358 2996 faciat,
1415 2941 1469 2986 et
1525 2947 1648 3002 qua:
1709 2948 1895 2988 revera

318 3020 624 3077 communis
679 3029 762 3075 est
818 3021 1059 3082 fortuna,
1108 3032 1168 3077 ut
1216 3023 1573 3078 infortunium
1631 3023 1894 3093 deploret,

1981 552 2218 617 perversi
2266 548 2407 602 servi
2441 544 2720 612 supplicia
2747 539 3024 609 tle-fugiet?
3054 536 3245 590 Nonne
3277 534 3560 598 discerpe.

1983 656 2087 705 tur,
2113 650 2169 696 et
2197 653 2320 694 sors
2344 638 2394 693 ei
2421 650 2545 690 cum
2590 631 2889 704 ltypoeritis
2924 628 3311 683 constituetur.
3339 635 3397 677 ιιι
3435 637 3561 691 quat

1980 747 2241 804 tanquam
2289 731 2342 785 in
2380 731 2611 787 theatro.
2651 725 2752 779 hac
2782 724 2912 785 vit‘a,
2945 733 3233 790 personam
3269 717 3556 783 cujusdam

1982 835 2242 881 matrbna:
2269 831 2468 878 sanctae
2498 830 2554 874 et
2573 819 2770 872 divina:
2804 813 2994 867 induta
3026 811 3212 868 fuerit.
3249 819 3306 864 et
3335 823 3559 861 οηιιιιξιιι

1985 920 2250 974 incuriam
2299 931 2362 970 ac
2390 913 2722 968 dementiam
2765 907 2922 962 initio
2973 901 3354 961 dissimularit,
3395 900 3564 951 libere

1982 1024 2114 1063 vero
2161 1005 2416 1062 omnibus
2465 1001 2720 1058 nefandis
2771 998 3140 1068 voluptatibus
3190 994 3463 1054 servierit,
3507 999 3565 1044 et

1985 1112 2044 1157 ut
2069 1102 2439 1169 intemperans
2478 1096 2694 1158 ancilia,
2729 1092 2986 1146 indecore
3023 1103 3082 1144 se
3110 1087 3342 1154 gesserit
3363 1092 3417 1138 et
3445 1091 3568 1136 tur-

1985 1197 2110 1265 pius
2138 1188 2458 1247 inebriarit?
2482 1185 2628 1258 quod
2657 1196 2810 1254 puto.
2841 1181 2974 1236 Nam
3007 1179 3060 1233 ei
3087 1177 3303 1234 eunetis
3337 1174 3567 1229 faculta-

1988 1286 2136 1340 tibus
2194 1280 2459 1350 praafecta
2515 1278 2633 1331 haec
2695 1289 2821 1329 cura
2867 1271 3190 1327 demandata
3243 1277 3348 1333 est,
3399 1275 3458 1320 ut
3511 1275 3573 1320 et

1987 1375 2256 1446 sagaciter
2299 1370 2602 1426 molestiam
2635 1365 2950 1448 exhibelritia
2993 1361 3328 1433 provideret,
3364 1368 3418 1413 et
3451 1357 3568 1411 ido-

1989 1483 2147 1524 neam
2201 1464 2524 1520 medicinam
2579 1460 2883 1522 adhiberet,
2911 1467 2970 1512 ut
3016 1456 3170 1510 illinc
3214 1452 3578 1522 perspicuum-

1989 1571 2104 1617 est:
2125 1560 2168 1613 si
2198 1557 2420 1628 quando
2443 1555 2588 1610 enim
2621 1566 2779 1608 mens
2805 1551 2858 1604 in
2890 1547 3150 1604 curandis
3177 1545 3340 1600 rebus
3368 1542 3569 1597 divinis

1989 1664 2215 1709 excessu
2257 1648 2452 1706 nimio.
2487 1646 2590 1708 vel,
2621 1658 2708 1698 me
2741 1642 2954 1704 nescio,
2990 1639 3187 1694 morbo
3220 1635 3576 1704 corripiatur,

1991 1744 2083 1815 qui
2135 1741 2486 1812 cogitationis
2535 1753 2642 1792 non
2699 1733 3000 1790 movendas
3047 1717 3284 1786 chordas
3332 1733 3577 1788 moveat,

1991 1849 2092 1893 nec
2121 1833 2343 1896 esuriei,
2372 1846 2472 1886 nec
2511 1826 2778 1890 alimenti,
2821 1839 2919 1880 nec
2950 1823 3094 1879 alius
3127 1818 3430 1888 voluptatis
3455 1831 3571 1872 nie-

1992 1942 2112 1982 mor
2140 1929 2232 1990 sit,
2262 1935 2378 1980 tum
2404 1938 2509 1991 ego
2538 1931 2759 1991 quoque
2788 1917 2936 1974 nulla
2970 1916 3164 1971 harum
3208 1927 3389 1966 rerum
3415 1923 3580 1971 cura,

1991 2022 2140 2076 nulla
2161 2016 2530 2074 sollicitudine
2558 2027 2753 2083 tangor
2780 2031 2795 2068 :
2830 2025 3071 2081 quonam
3094 2008 3256 2078 igitur
3283 2003 3447 2058 modo
3471 2002 3575 2070 priv

1993 2131 2110 2169 mas
2158 2128 2262 2181 ego
2314 2119 2493 2180 partes
2557 2119 2756 2168 teneo.
2810 2114 2866 2160 et
2915 2100 3243 2171 procurandi
3298 2107 3354 2152 et
3408 2092 3584 2150 dandi

1993 2209 2164 2269 cibos,
2198 2211 2252 2258 et
2275 2216 2490 2271 tempus
2523 2214 2716 2255 eorum
2752 2212 2817 2252 ac
2852 2196 3074 2250 modum
3116 2191 3409 2248 definiendi
3451 2203 3580 2242 mu-

1997 2304 2097 2352 nus
2121 2296 2399 2352 sorti‘entis
2426 2293 2730 2359 voluptates
2755 2288 3035 2358 praeripio,
3056 2285 3358 2353 deindeque
3379 2285 3574 2352 ipsam,

1996 2392 2135 2457 quod
2189 2399 2275 2442 est
2325 2386 2498 2455 magis
2551 2382 2865 2440 ridiculum.
2917 2382 2982 2433 ad
3039 2395 3132 2434 eas
3179 2375 3456 2444 corripio?
3501 2375 3584 2431 Im

1999 2480 2180 2535 mollis
2214 2479 2330 2547 ipsa
2369 2487 2453 2532 est
2493 2487 2548 2530 et
2573 2475 2830 2534 delicata,
2867 2487 2970 2541 ego
3017 2487 3146 2526 vero
3195 2471 3478 2524 robustum
3513 2483 3584 2523 ae'

1998 2573 2314 2627 violentum.

2068 2664 2270 2720 Verum
2305 2664 2583 2717 enimvero
2637 2675 2706 2714 ne
2767 2659 2996 2729 singulis
3041 2657 3288 2727 partibus
3332 2655 3578 2710 renitens

1999 2755 2249 2811 defensio
2279 2752 2617 2808 contentiosa
2654 2751 2901 2804 videatur
2939 2756 2994 2802 et
3024 2748 3296 2816 pertinax,
3321 2756 3414 2800 tua
3445 2759 3573 2816 gra-

2000 2851 2074 2902 tia
2117 2846 2359 2902 concedo
2417 2860 2502 2896 ine
2551 2843 2787 2912 primum
2845 2839 3215 2906 voluptatibus
3253 2838 3470 2891 inhiare
3519 2844 3577 2892 et

2000 2937 2528 3009 eompleri,insuper
2559 2947 2610 2988 te
2637 2947 2854 3003 quoque
2879 2931 2946 2984 ad
2977 2931 3284 2998 voluptates
3314 2928 3578 2983 fruendae

2002 3055 2030 3092 a
2069 3053 2154 3090 me
2191 3033 2432 3103 corripi:
2470 3043 2525 3086 tu
2558 3041 2744 3099 postea
2775 3027 3019 3086 doodna,
3055 3035 3110 3079 et
3155 3025 3320 3078 rebus
3371 3025 3573 3079 nosu-is

325 3114 498 3168 multo
518 3114 698 3169 minus
724 3112 965 3182 profecto
982 3129 1179 3184 corpus
1206 3118 1559 3184 respexisset,
1579 3118 1624 3172 si
1648 3119 1895 3186 corporis

2001 3131 2272 3197 imperans
2299 3167 2311 3187 ,
2345 3140 2469 3180 cum
2503 3130 2714 3192 oportet
2771 3119 3046 3187 puniendo
3081 3119 3377 3178 cohibere.
3409 3127 3462 3169 et
3492 3119 3578 3168 in-

324 3208 681 3263 adversitates
724 3222 845 3262 eam
892 3217 1106 3262 natum
1151 3208 1374 3264 decreto
1412 3224 1520 3265 non
1567 3211 1896 3278 attigissent.

324 3297 482 3352 Nunc
516 3312 666 3353 vero.
694 3297 739 3353 si
779 3297 1000 3365 quidem
1034 3297 1183 3352 aliud
1215 3281 1520 3369 quidpiam,
1551 3313 1604 3355 et
1632 3303 1735 3357 hoc
1758 3320 1897 3371 quo-

325 3404 438 3459 que
472 3389 830 3444 constitutum
864 3397 948 3444 est
981 3390 1208 3458 optime,
1245 3400 1306 3444 ut
1350 3394 1715 3448 consensione
1748 3395 1900 3448 dolo-

321 3496 448 3534 rum
502 3492 718 3550 agatur,
746 3489 800 3536 et
835 3495 901 3535 eo
946 3482 1109 3536 simul
1140 3481 1468 3547 adducatur,
1511 3494 1588 3545 ut,
1637 3487 1900 3552 quemad-

323 3574 547 3628 modum
593 3577 670 3629 ait
712 3574 1004 3643 quispiam,
1030 3574 1270 3630 vicissim
1317 3586 1370 3630 et
1399 3592 1462 3630 ex
1504 3588 1656 3646 parte
1687 3579 1901 3634 labores

323 3677 597 3735 capessat,
627 3677 682 3721 et
717 3667 1084 3722 molestiarum
1127 3669 1503 3722 liberationem
1537 3672 1902 3724 communiter

325 3759 640 3826 eoaquirat.
683 3759 892 3826 Quibus
925 3762 1070 3816 enim
1116 3762 1484 3829 quorumlibet
1526 3761 1903 3816 incommodo-

327 3865 452 3904 rum
513 3852 830 3907 commnnio
862 3861 965 3918 est,
1017 3852 1209 3907 iisdem
1257 3853 1621 3907 communiter
1653 3864 1707 3907 et
1738 3854 1806 3908 ab
1838 3854 1906 3909 iis

322 3941 577 3997 iiberatio
601 3959 746 3998 curae
779 3953 878 3998 est.

399 4033 494 4088 llis
542 4035 614 4090 ila
657 4035 1062 4097 demonstratis,
1107 4038 1159 4089 in
1195 4037 1444 4092 eumdem
1485 4037 1660 4090 locum
1702 4036 1901 4096 iterum

328 4128 525 4182 recidit
551 4128 760 4181 oratio:
787 4145 850 4181 ac
877 4129 1127 4197 superius
1149 4130 1409 4198 exposita.-
1438 4141 1707 4183 memores
1730 4136 1904 4181 estote

327 4221 622 4292 parabolae,
679 4222 732 4274 in
778 4237 882 4289 qua
917 4222 1130 4274 fidelem
1168 4234 1216 4274 et
1266 4223 1584 4289 prudentem
1618 4222 1907 4291 dispensa-

329 4327 501 4364 torem
556 4328 713 4365 suum
761 4312 1014 4365 dominus
1051 4313 1354 4376 constituit,
1401 4313 1596 4367 utsibi
1632 4314 1905 4382 obsequa-

329 4413 439 4466 tur,
500 4404 681 4457 dando
745 4418 842 4457 suo
887 4409 1130 4469 tempore
1173 4404 1316 4466 cibo,
1370 4405 1633 4473 numquid
1685 4419 1790 4458 non
1843 4405 1907 4460 ad

2003 3220 2213 3276 fensam
2250 3233 2371 3271 esse
2406 3213 2729 3285 liguritioni.
2751 3211 3237 3278 vehementinsiptu
3266 3209 3575 3277 increpare,

2005 3313 2186 3378 potius
2213 3312 2278 3364 ad
2328 3307 2570 3360 eamdem
2627 3302 3019 3372 turpitudinem
3078 3300 3484 3368 suscipiendam
3519 3310 3576 3352 ut

2007 3404 2339 3470 mancipium
2392 3414 2497 3451 una
2549 3395 2887 3465 provolveris
2915 3433 2930 3456 ,
2959 3402 3012 3447 et
3044 3393 3132 3446 illa
3167 3392 3317 3458 gravi
3340 3433 3354 3454 ,
3387 3399 3578 3446 sancta

1973 3494 2286 3564 .rigidaque
2327 3490 2582 3559 dignitate
2618 3487 2765 3540 humi
2805 3493 3110 3554 prus-truta,
3139 3487 3202 3536 de
3238 3499 3342 3550 qua
3380 3483 3579 3549 gloria.

2006 3587 2084 3641 ris
2113 3594 2166 3638 et
2213 3581 2497 3651 magnifice
2548 3579 2751 3642 sentis,
2791 3591 3006 3631 mecum
3056 3574 3317 3642 voluptati
3367 3576 3580 3640 captiva

2008 3690 2280 3743 servaque
2335 3672 2646 3744 voluntaria
2709 3668 3139 3736 constringet-is.
3181 3665 3286 3720 Nec
3333 3677 3384 3721 te
3418 3668 3584 3734 pudet

2007 3769 2114 3836 pati
2150 3763 2492 3834 profitentem
2519 3761 2869 3829 eademque:
2902 3750 3188 3813 fabulosus
3219 3757 3308 3812 ille
3331 3773 3580 3826 serpens.

2007 3860 2166 3925 cujus
2200 3855 2432 3908 caudam
2473 3855 2540 3906 de
2575 3853 2752 3921 capite
2799 3853 2956 3906 aiunt
3013 3861 3375 3919 conquestum
3418 3867 3588 3910 esse.

2007 3948 2152 4018 quod
2189 3945 2449 4000 motionis
2480 3944 2720 4012 repetita:
2751 3941 2860 3995 dux
2917 3957 3130 4010 semper
3159 3951 3326 4005 esset,
3361 3941 3471 4009 ipsa
3503 3953 3586 3996 l0-

2010 4042 2117 4110 tius
2149 4039 2311 4092 molis
2348 4052 2406 4090 se
2460 4036 2837 4090 convolventis
2891 4035 3583 4092 attrahereturestrema.
3640 4063 3644 4095 μ

2011 4133 2252 4186 Tandem
2285 4143 2417 4184 vero
2451 4128 2517 4183 ad
2565 4125 3008 4196 persuadendum
3064 4141 3411 4195 aggressam,
3441 4135 3498 4179 ut
3526 4126 3584 4179 in

2011 4227 2116 4280 hoc
2147 4224 2404 4294 scrpendi
2446 4236 2676 4276 munere
2724 4220 3065 4289 principatus
3098 4219 3206 4274 sibi
3237 4219 3583 4273 deferretur:

2011 4318 2207 4373 deinde
2236 4331 2331 4386 per
2363 4315 2658 4385 praecipitia
2704 4328 2950 4381 saxaque
2989 4328 3114 4366 cum
3149 4327 3291 4367 cmca
3327 4310 3584 4377 ferretur,

2012 4410 2192 4479 ipsum
2243 4417 2402 4476 caput
2441 4417 2496 4462 et
2527 4407 2795 4476 reliquum
2842 4414 3151 4474 serpentem
3183 4421 3310 4460 cum
3345 4420 3412 4459 eo
3441 4406 3588 4461 labe-

326 4495 716 4564 animipartem
739 4493 964 4548 rationis
982 4495 1300 4563 participem
1323 4497 1734 4552 accommodate
1765 4496 1897 4551 fide-
1936 4495 1986 4558 D
2013 4504 2275 4556 iactatum
2317 4502 2492 4556 fuisse
2519 4539 2531 4551 .
2563 4502 2629 4552 At
2659 4499 3122 4567 quemadmodum
3157 4498 3288 4563 illic,
3317 4497 3585 4566 siquidem

331 4587 436 4640 lem
465 4597 518 4641 et
541 4587 856 4656 prudentem
884 4601 1229 4642 daemonium
1261 4589 1682 4657 assumpsimus,
1704 4600 1763 4644 ut
1787 4605 1908 4659 quae

329 4677 594 4747 praeclare
639 4676 811 4746 possit
841 4691 906 4730 ex
939 4677 1237 4733 abundanti
1288 4680 1573 4747 prudentia
1601 4681 1907 4751 gubernare

329 4769 610 4840 patibilem
663 4778 718 4823 ct
763 4777 1037 4824 amentem
1082 4771 1286 4825 vitam?
1325 4787 1484 4841 quam
1527 4776 1691 4829 etiam
1739 4777 1792 4829 in
1843 4790 1908 4830 eo

334 4879 559 4917 munere
601 4861 951 4916 constitutam
997 4865 1251 4918 dominus
1291 4865 1502 4920 beatam
1546 4870 1828 4938 prtedicat,
1861 4871 1906 4924 si

332 4957 623 5028 prudenter
655 4964 707 5008 et
742 4955 967 5008 fideliter
991 4955 1351 5021 administret,
1402 4974 1466 5012 ac
1489 4962 1640 5026 plura
1676 4977 1732 5016 se
1757 4976 1909 5016 coni-

332 5050 630 5103 missurum
673 5048 791 5116 ejus
826 5045 948 5101 ﬁdei
995 5049 1283 5115 pollicetur
1319 5069 1332 5103 ε
1363 5052 1444 5104 sin
1473 5039 1660 5106 autent
1699 5055 1903 5108 domini

332 5153 392 5198 ut
421 5156 629 5196 moram
670 5140 919 5194 facientis
958 5139 1144 5205 oblita,
1179 5158 1471 5198 conservos
1515 5145 1732 5212 pulsare
1769 5161 1902 5200 con-

336 5236 640 5297 tumeliose,
691 5250 800 5288 non
851 5233 1220 5303 providenter,
1252 5237 1500 5304 cuzperit,
1547 5246 1822 5300 totamque
1851 5255 1907 5294 sc

335 5327 670 5381 comedendo
702 5340 766 5379 ac
807 5323 1043 5380 bibendo
1073 5323 1321 5378 fruendis
1354 5327 1720 5392 voluptatibus
1745 5330 1907 5382 dede-

334 5418 426 5482 rit,
469 5433 594 5472 cum
623 5417 876 5481 ebriosis,
905 5428 1086 5486 partes
1131 5416 1254 5470 dico
1302 5427 1414 5469 tum
1447 5435 1567 5484 qua:
1594 5420 1758 5482 alere,
1794 5431 1905 5474 tum

333 5525 456 5580 quae
490 5509 559 5562 ali
602 5519 852 5579 possunt,
886 5521 1006 5576 quae
1053 5511 1397 5563 extrinsecus
1442 5509 1659 5579 allapsis
1692 5512 1912 5566 satieta-

336 5603 485 5656 tibus
520 5618 734 5670 semper
771 5603 1152 5667 rcferciuntur,
1203 5615 1478 5666 utrumne,
1525 5619 1646 5657 cum
1693 5605 1912 5659 redierit

337 5695 613 5760 dominus,
650 5695 829 5763 qualia
883 5711 1024 5747 nunc
1069 5712 1251 5748 coram
1299 5698 1473 5762 vobis,
1521 5706 1798 5765 pra-texui,
1851 5716 1910 5752 ac

337 5790 810 5858 hujusinsolcntis
851 5791 1191 5842 ςυξιιιιιιιρέιδυ
1225 5803 1443 5844 causam
1484 5806 1532 5840 ιιι
1575 5806 1672 5842 nos
1732 5799 1910 5843 trans-

2012 4594 2080 4649 de
2112 4594 2283 4648 cauda
2315 4602 2479 4660 caput
2503 4601 2864 4658 conquestum
2909 4589 3101 4643 fuisset
3124 4627 3138 4650 ,
3163 4605 3284 4643 eam
3319 4605 3591 4645 accusans

2012 4685 2246 4753 injurias.
2277 4683 2562 4736 ridiculum
2598 4690 2653 4733 et
2680 4681 2936 4734 stolidum
2977 4681 3254 4736 videretur
3280 4700 3291 4734 :
3321 4683 3392 4736 ita
3421 4684 3588 4737 etiam
3618 4672 3626 4678 ’

2013 4789 2067 4833 ιιι
2101 4790 2322 4847 quoque
2353 4775 2405 4828 in
2436 4775 2539 4828 liae
2579 4789 2738 4828 causa
2766 4814 2779 4834 ,
2837 4784 2894 4828 ut
2942 4790 3064 4842 qua:
3122 4775 3288 4828 animi
3323 4777 3462 4844 parti
3499 4792 3588 4829 ra-

2015 4873 2181 4926 tionis
2237 4868 2469 4938 cxpurti,
2508 4866 2736 4920 caudam
2790 4867 3029 4920 trahenti
3085 4880 3140 4920 et
3193 4883 3348 4921 erucae
3416 4875 3592 4936 (nam

2013 4981 2188 5029 meus,
2203 4965 2279 5017 ait
2295 4963 2588 5033 quispiam,
2609 4959 2797 5028 videt),
2815 4959 3071 5014 ductandi
3095 4959 3257 5014 cedas
3278 4961 3584 5029 imperium.

2018 5066 2073 5111 et
2120 5056 2350 5122 teipsam
2373 5053 2491 5122 ejus
2514 5051 2632 5106 lidei
2656 5051 2992 5117 committas,
3021 5051 3164 5121 quod
3197 5051 3264 5105 ad
3294 5051 3586 5120 perniciem

1935 5209 1954 5225 _
2014 5151 2324 5218 pertraliat.
2360 5143 2612 5199 Vidcntes
2665 5143 2808 5197 enim
2870 5159 3178 5206 caecorum,
3212 5159 3318 5196 non
3351 5145 3476 5196 ca-ci
3513 5144 3588 5191 vi-

2737 5247 2789 5290 ει
2821 5237 2919 5291 bos
2956 5252 3210 5298 currum,
3243 5252 3349 5288 non
3389 5235 3581 5285 bovem

2017 5352 2211 5388 currus
2249 5335 2431 5396 trahit,
2459 5343 2510 5385 el.
2547 5333 2689 5401 lapis
2725 5334 2791 5384 ad
2827 5329 3294 5400 perpendiculum,
3326 5343 3430 5377 mm
3464 5341 3586 5392 per-

2017 5421 2366 5490 p=.-ndicnlum
2427 5420 2492 5472 ad
2551 5419 2787 5488 lapidem
2841 5421 3221 5484 ceniponitur.
3258 5415 3397 5480 Quid
3462 5431 3588 5466 vero

2017 5527 2184 5578 puero
2207 5550 2220 5572 ,
2248 5520 2436 5563 contra
2487 5511 2758 5578 proverbii
2795 5519 3139 5578 przei'eptuin,
3169 5509 3406 5576 gladium
3445 5524 3581 5558 ron.-

2019 5603 2226 5656 nsittis?
2251 5602 2372 5664 quis
2411 5617 2676 5654 venenum
2716 5600 3057 5668 propinatum
3117 5598 3453 5654 combibens.
3478 5616 3586 5652 nta-

2012 5697 2101 5763 jus
2137 5695 2411 5763 quippiam
2451 5697 2514 5745 ad
2553 5711 2608 5745 ac
2643 5691 3016 5746 esettsauduin
3071 5692 3149 5742 vei
3188 5691 3586 5747 defundendum

2015 5244 2259 5294 dentium
2299 5241 2463 5293 duces
2513 5251 2638 5289 sunt.
2673 5253 2687 5299 ;

2023 5790 2206 5840 habuit
2232 5827 2245 5851 ,
2283 5802 2447 5856 quam
2503 5784 2690 5839 mortis
2745 5785 3184 5853 deprecationem
3209 5787 3230 5837 '3
3264 5786 3338 5838 An
3377 5790 3587 5857 primat-3

3686 389 3715 414 Δ
