3962 6208
345 350 454 414 983

1580 352 1963 413 GREGORH
2006 353 2093 412 ΡΑ
2106 348 2334 413 ΙΑᾹίΜῶ

3494 354 3607 422 984

342 462 507 520 homo
536 475 564 513 a
600 460 833 515 muliere
881 460 1056 531 prima
1095 475 1221 530 quae
1252 461 1321 516 de
1371 462 1681 530 perniciosa
1730 472 1919 530 gusta—
1953 474 1996 528 Α
2026 465 2531 535 compellit?Quod
2566 476 2979 523 monumentum
3015 485 3120 525 non
3178 476 3419 530 membra
3482 493 3607 546 qua:

340 560 497 608 verat
524 553 740 615 arbore,
767 549 1035 619 posterior
1062 559 1287 619 accepto
1318 550 1445 605 cibo
1474 553 1766 609 comedens
1788 594 1803 619 ,
1832 567 1921 608 ve-

344 645 491 700 niam
524 643 669 713 apud
710 642 881 695 Deum
913 642 1145 696 meritus
1175 651 1300 699 est:
1339 652 1435 697 aut
1464 653 1525 699 ut
1554 640 1607 698 vi
1633 654 1921 714 correptus

343 744 575 789 mortem
605 731 831 802 θαιιεὶιῖ
857 731 1145 802 Cupiditas
1170 732 1314 787 enim
1340 742 1396 789 et
1425 735 1507 790 ira
1539 735 1642 791 sub
1672 737 1921 791 animum

343 826 575 881 rationis
636 825 958 894 participem
1023 824 1288 895 subjectae
1349 839 1520 894 sunt;
1568 844 1679 882 non
1734 839 1792 883 ut
1852 830 1919 883 ad

342 920 635 990 voluptatis
693 919 1020 974 suavitatem
1077 919 1169 974 illa
1226 919 1524 984 delabens,
1561 936 1749 975 secum
1803 925 1919 991 ipsa

341 1014 671 1078 contrahat,
704 1013 819 1067 haec
858 1027 990 1067 vero
1028 1013 1099 1067 ad
1130 1013 1362 1067 ferinam
1415 1013 1684 1067 saevitiam
1737 1030 1921 1069 erum-

342 1120 513 1177 pens,
567 1120 755 1161 secum
787 1104 1062 1172 abducat,
1116 1107 1211 1160 sed
1265 1115 1325 1159 ut
1371 1105 1439 1159 ad
1482 1106 1809 1175 captandam
1868 1113 1924 1160 et

346 1197 652 1253 habendam
708 1196 1047 1253 honestatem
1102 1199 1433 1253 conveniant
1466 1209 1519 1252 et
1558 1200 1873 1268 conspircnt
1904 1218 1920 1255 :

342 1290 621 1360 cupiditas
646 1328 664 1353 ,
706 1299 767 1344 ut
798 1305 977 1359 equus
1010 1290 1178 1345 frenis
1213 1291 1351 1344 bene
1382 1291 1722 1359 moderatus,
1749 1293 1925 1345 subli~

345 1398 488 1437 mem
521 1382 753 1437 efferens
780 1422 795 1449 ,
824 1392 878 1437 et
905 1383 972 1437 ad
1010 1398 1135 1436 vere
1164 1382 1552 1437 desiderabilia
1585 1385 1872 1438 concitans
1905 1401 1921 1451 ;

345 1474 631 1541 ira,v'eluti
664 1491 966 1546 generosus
996 1477 1171 1541 canis,
1202 1492 1310 1531 una
1348 1492 1446 1545 pro
1478 1478 1545 1532 iis
1574 1489 1627 1531 et
1654 1478 1923 1532 adversus

344 1584 408 1624 ea
441 1586 565 1638 quae
590 1579 807 1638 oportet
831 1569 1158 1639 belligerans
1185 1580 1239 1623 et
1271 1585 1657 1639 propugnans;
1687 1577 1924 1637 utraque

345 1663 605 1716 nimirum
649 1677 680 1714 a
716 1662 932 1716 ratione
960 1679 1057 1731 per
1100 1664 1416 1718 diuturnam
1468 1664 1923 1718 consuetudinem

343 1757 413 1809 ad
460 1755 599 1809 bene
649 1755 953 1825 parendum
983 1765 1038 1810 et
1080 1756 1445 1811 obediendum
1495 1757 1704 1810 domita
1757 1766 1924 1825 atque

2026 564 2157 609 sunt
2212 570 2379 624 super
2438 564 2644 610 terram
2691 558 3030 621 mortificat,
3068 571 3119 613 et
3180 565 3377 618 animi»
3435 567 3603 620 vitam

2023 647 2172 699 omni
2199 660 2267 699 ex
2301 657 2455 715 parte
2485 646 2697 701 beatam
2732 646 2984 715 largitur,
3010 649 3106 703 sed
3137 654 3319 720 potius
3356 656 3605 710 vivificat

2022 744 2077 789 et
2106 736 2371 790 adversus
2400 736 2638 790 animam
2664 738 2969 793 exsuscitat
2994 739 3146 794 ?Aut
3176 743 3344 810 igitur
3370 759 3471 813 ego
3502 760 3605 800 ne-

2022 846 2130 900 que
2179 835 2491 899 sepulcrum
2515 868 2532 894 ,
2561 846 2738 901 neque
2783 841 2974 886 catena
3020 849 3140 889 sum
3164 876 3177 897 ,
3207 836 3480 905 siquidem
3536 837 3605 891 ad

2022 921 2246 975 delicias
2288 923 2578 991 corripior,
2606 933 2661 977 et
2686 939 2794 977 una
2825 925 3152 994 pertrahor:
3192 926 3605 985 inconsiderate

2023 1021 2077 1066 et
2114 1014 2347 1067 inaniter
2394 1015 2591 1069 talibus
2623 1016 2835 1071 cavillis
2882 1016 3117 1083 illudor;
3147 1028 3241 1073 aut
3272 1036 3606 1076 monumen-

2025 1113 2139 1158 tum
2175 1119 2361 1159 revera
2392 1113 2449 1160 et
2480 1115 2675 1160 catena
2722 1105 2848 1169 sim,
2880 1121 2947 1162 ao
2980 1122 3187 1177 magna:
3240 1108 3371 1164 hinc
3411 1112 3609 1168 incon-

2027 1196 2272 1251 liuentia
2301 1195 2540 1265 seipsam
2573 1212 2731 1251 mens
2760 1212 2909 1251 ream
2943 1197 3094 1265 facit,
3121 1201 3267 1270 quod
3300 1212 3355 1256 et
3395 1203 3606 1273 illigata

2027 1289 2155 1342 mihi
2204 1300 2257 1342 et
2298 1289 2614 1358 consepulta
2647 1290 2950 1353 delicietur,
2965 1301 3018 1346 et
3044 1293 3234 1348 vivens
3265 1306 3478 1348 mortua
3510 1298 3607 1361 sit,

2025 1397 2090 1436 ac
2121 1396 2285 1450 supra
2306 1382 2527 1436 modum
2563 1383 2866 1447 extollitur,
2897 1386 3108 1440 tametsi
3134 1402 3268 1441 crux
3294 1402 3395 1456 ego
3430 1389 3532 1445 sim
3554 1391 3607 1447 ei

2025 1475 2151 1528 data
2179 1492 2195 1533 :
2221 1476 2327 1530 hoc
2350 1476 2493 1530 enim
2525 1477 2749 1531 nomine
2784 1493 2871 1532 me
2903 1493 3124 1548 quoque
3153 1481 3327 1536 libens
3349 1484 3612 1551 appellat,

2029 1569 2278 1621 utetiam
2334 1569 2540 1623 dolium
2601 1579 2926 1639 pertusum,
2972 1571 3330 1626 dissimulans
3379 1584 3514 1643 quot
3558 1584 3618 1632 et

2028 1672 2364 1733 quantorum
2402 1663 2669 1718 bonorum
2722 1679 2824 1734 ego
2866 1664 2968 1718 sim
3017 1668 3510 1736 conceptaculum,
3552 1679 3616 1725 ut

2029 1773 2135 1811 non
2186 1758 2359 1811 multo
2412 1766 2533 1825 post
2566 1758 2635 1811 de
2685 1758 2872 1811 multis
2920 1773 3092 1827 pauca
3138 1759 3439 1829 degustans
3483 1778 3611 1823 sunt

346 1847 592 1901 cicurata
616 1886 629 1900 .
657 1844 859 1900 Verum
899 1862 1054 1901 mens
1087 1848 1291 1917 alioqui
1342 1848 1640 1904 temulenta
1677 1848 1843 1913 faeta,
1871 1856 1926 1902 et
1957 1826 2000 1881 Β
2029 1851 2551 1905 demonstraturum.
2584 1849 2640 1903 Si
2682 1864 2812 1904 vero
2865 1826 3150 1920 pertusum
3200 1826 3422 1922 quoque
3449 1870 3571 1908 sum
3596 1898 3614 1923 ,

344 1940 504 1995 valde
530 1955 643 1995 suae
670 1942 1013 1997 strenuitatis
1044 1942 1346 2014 negligens,
1390 1942 1739 1998 eﬁ'eminatur
1766 1940 1927 2010 quasi
1958 1994 1959 1997 η

345 2047 559 2095 vecors,
590 2042 645 2087 et
689 2034 961 2090 deteritur
983 2078 996 2102 ,
1027 2052 1090 2090 ac
1126 2048 1391 2104 quantum
1442 2051 1472 2089 a
1506 2032 1780 2088 constanti
1815 2034 1922 2087 im-

347 2124 645 2195 mobilique
679 2137 948 2182 concentu
976 2128 1211 2193 decedit,
1232 2128 1573 2183 tantumdem
1600 2127 1669 2181 ad
1698 2140 1922 2181 currum

347 2216 827 2281 perturbationum
858 2218 1068 2272 accedit
1102 2237 1117 2272 :
1153 2226 1530 2287 quantumque
1567 2216 1826 2286 paulatim
1857 2213 1928 2268 ab

347 2311 669 2380 imperando
698 2310 976 2375 desciscit,
1010 2322 1221 2367 tantum
1282 2314 1373 2368 illa
1421 2311 1674 2368 servituti
1711 2308 1924 2364 manci-

346 2414 531 2472 patur.
566 2402 758 2470 itaque
794 2406 944 2459 nulla
982 2408 1032 2460 vi
1081 2407 1329 2475 cogitur,
1356 2421 1454 2459 nec
1483 2406 1549 2459 ad
1586 2408 1924 2473 peccandum

346 2503 404 2548 et
435 2494 863 2564 delinquendum
889 2496 1057 2550 invita
1090 2496 1432 2565 rapitur,sed
1464 2495 1609 2565 quod
1634 2493 1925 2548 llerculem

348 2602 571 2657 passum
604 2586 775 2643 fuisse
826 2588 1127 2659 fecisseque
1182 2588 1356 2644 Grarci
1408 2605 1472 2644 ac
1529 2588 1742 2659 profani
1789 2588 1930 2643 scri—

348 2691 535 2751 ptores
584 2689 854 2737 testantur
888 2682 1113 2754 (ferunt
1164 2684 1309 2737 enim
1350 2684 1502 2739 illum
1569 2694 1689 2752 post
1723 2685 1931 2739 belluas

349 2782 406 2829 et
438 2774 736 2830 sceleratos
761 2776 1012 2832 homines
1041 2776 1400 2846 perdomitus,
1424 2786 1617 2848 postea
1652 2778 1925 2833 volentem

350 2867 515 2937 Lydae
561 2869 796 2934 feminae,
855 2870 1138 2937 Omphalae
1170 2872 1427 2936 nomine,
1459 2871 1759 2941 serviisse),
1788 2872 1929 2925 idem

355 2961 493 3016 mihi
521 2963 734 3017 videtur
773 2965 975 3019 mentis
1023 2965 1164 3018 ratio
1197 2965 1403 3035 perpeti
1435 3003 1451 3018 .
1481 2963 1615 3018 Nam
1647 2979 1769 3032 qua:
1802 2972 1934 3019 sunt

357 3057 412 3112 in
473 3057 693 3112 homine
749 3058 1006 3113 belluinie
1040 3058 1404 3127 malignaeq‘ue
1455 3057 1931 3127 perturbationes,

357 3164 484 3205 cum
542 3164 636 3205 cas
688 3151 792 3205 sub
833 3164 987 3205 suam
1044 3159 1368 3219 potestatem
1416 3148 1689 3216 subjicere
1720 3160 1931 3219 posset,

360 3243 541 3298 libens
598 3252 780 3298 tamen
842 3243 1108 3313 voluptati
1162 3243 1441 3313 animique
1502 3244 1935 3313 appetitionibus

355 3333 569 3388 servit:
608 3334 697 3389 vel
755 3334 919 3388 etiam
958 3344 1018 3388 ut
1066 3335 1202 3389 alter
1253 3334 1497 3403 primas,
1555 3350 1787 3404 magnus
1844 3334 1937 3389 ille

356 3426 590 3483 Samson
641 3429 709 3483 ab
744 3426 1080 3483 insidiatrice
1132 3425 1474 3497 muliercula,
1517 3427 1706 3482 eadem
1775 3428 1935 3482 volu-

356 3528 512 3592 ptate
542 3519 799 3589 decepta,
833 3534 992 3573 suum
1029 3534 1288 3589 magnum
1319 3517 1486 3572 robur
1506 3518 1734 3573 ridicule
1756 3518 1962 3587 prodit.

354 3616 411 3660 et
443 3606 611 3673 nuda,
634 3624 699 3661 ac
726 3620 837 3662 non
882 3607 994 3677 jam
1030 3609 1206 3677 ipsum
1256 3608 1422 3663 veluti
1458 3622 1668 3665 comam
1697 3609 1934 3677 jactans,

359 3699 525 3757 facile
548 3715 578 3754 a
625 3699 1133 3770 perturbationibus
1169 3702 1495 3771 alienigenis
1529 3701 1743 3772 captiva
1782 3701 1938 3755 duci-

360 3801 469 3858 tur,
498 3800 557 3848 et
586 3801 899 3849 excaecatur
929 3793 1107 3850 oculis
1142 3795 1209 3848 ad
1242 3793 1505 3850 honestas
1552 3809 1639 3849 res
1672 3801 1726 3847 et
1768 3793 1941 3847 bonas

359 3888 791 3961 perspicacibus,
818 3886 1156 3958 pistrinoque
1180 3887 1447 3958 illigatur,
1471 3896 1525 3943 et
1546 3887 1755 3942 circum
1788 3902 1945 3941 eum-

363 3978 487 4039 dem
517 3979 859 4050 voluptatum
922 3979 1152 4044 orbem,
1205 3995 1437 4048 quorum
1482 3979 1697 4033 initium
1748 3988 1834 4033 est
1888 3987 1942 4033 et

359 4074 530 4130 veluti
560 4075 818 4132 stimulus
849 4075 1059 4129 ventris
1088 4072 1377 4142 ingluvies,
1396 4073 1715 4128 innumeras
1741 4088 1942 4128 aerum-

362 4184 463 4224 nas
504 4169 819 4239 perpetiens
860 4166 1210 4221 convolvitur
1236 4205 1250 4229 ,
1284 4175 1339 4220 et
1368 4165 1525 4233 quasi
1555 4165 1779 4221 lascivis
1806 4180 1942 4235 pue-

366 4264 462 4325 ris,
501 4261 787 4330 cupiditati
839 4267 897 4312 et
928 4254 1226 4311 iracundia:
1260 4255 1499 4309 ludibrio
1530 4264 1613 4311 est
1637 4297 1651 4312 .
1680 4256 1757 4310 lta
1786 4272 1944 4313 meus

365 4368 561 4429 sponte
590 4374 647 4412 se
697 4355 855 4410 malis
909 4355 1241 4423 immergens
1262 4393 1276 4417 ,
1308 4354 1424 4421 ipsa
1462 4351 1568 4406 sibi
1599 4354 1945 4409 contumeliae

366 4465 539 4523 genus
590 4449 892 4515 intorquet,
944 4452 999 4497 et
1057 4440 1298 4510 undique
1348 4448 1605 4509 cooperta
1667 4439 1942 4507 miseriis,

1962 3199 2005 3253 C

2030 1952 2087 1998 at
2114 1952 2262 1998 certe
2292 1958 2557 1999 sensuum
2607 1946 2879 1999 meatibus
2929 1947 3157 2000 omnino
3189 1948 3615 2016 specularibus,

2032 2036 2277 2091 luciferis
2309 2046 2363 2091 et
2408 2038 2618 2092 nuntiis
2664 2040 3177 2109 comprehensionis
3219 2057 3398 2095 rerum
3421 2082 3437 2108 ,
3469 2043 3614 2098 utid

2029 2129 2193 2184 etiam
2226 2130 2409 2185 statim
2445 2133 2753 2201 apparebit,
2807 2133 2948 2202 quod
2984 2118 3083 2204 per
3133 2135 3233 2189 hos
3262 2134 3524 2190 hauriens
3558 2144 3616 2191 et

2034 2238 2156 2277 sese
2209 2224 2509 2280 refercicns
2550 2224 2601 2279 in
2645 2241 2731 2279 me
2764 2226 2930 2279 veluti
2988 2227 3323 2281 temulentiaa
3369 2228 3612 2295 pristina

2034 2316 2296 2369 vomitum
2349 2316 2627 2381 effundat,
2658 2329 2709 2372 et
2742 2319 3056 2386 turpissime
3086 2318 3458 2376 debacchetur
3481 2360 3495 2373 .
3532 2321 3615 2375 ’l‘u

2037 2418 2191 2459 meos
2223 2422 2440 2472 sensus,
2465 2419 2517 2463 ct
2549 2423 2738 2463 eorum
2770 2410 3059 2466 facultates
3091 2413 3397 2467 maledictis
3421 2429 3615 2478 vexas,

2035 2496 2326 2563 speluncas
2359 2510 2413 2553 et
2455 2500 2627 2556 lustra
2677 2500 2854 2557 ferina
2906 2504 3339 2574 cognominaus,
3373 2517 3613 2572 quorum

2034 2598 2202 2651 opera
2238 2589 2493 2645 maximis
2521 2591 2713 2645 affecta
2754 2593 3039 2649 beneflciis
3072 2595 3144 2647 ita
3188 2596 3403 2663 ingrato
3438 2602 3491 2647 et
3516 2594 3622 2647 im-

2033 2682 2266 2734 memori
2321 2686 2507 2737 animo
2552 2684 2885 2742 es?Nonne
2941 2686 3190 2746 discendi
3232 2687 3442 2742 artibus
3494 2696 3622 2739 lan-

2036 2784 2201 2839 quam
2233 2773 2515 2841 pontibus,
2558 2785 2616 2829 ut
2645 2777 2715 2830 ad
2750 2792 2837 2833 res
2868 2778 3322 2853 contemplandas
3358 2793 3483 2848 qua:
3511 2776 3619 2833 sub

2038 2862 2454 2938 intelligentiam
2496 2867 2769 2931 duntaxat
2796 2875 3002 2926 cadunt
3025 2872 3342 2941 trajiciaris,
3382 2886 3482 2926 usa
3507 2886 3569 2926 es
3591 2871 3617 2924 τ

2039 2954 2290 3019 Quonam
2330 2968 2492 3027 pacto
2527 2975 2623 3015 eas
2662 2962 2821 3018 initio
2852 2964 2972 3019 sine
3005 2965 3145 3019 meis
3177 2963 3433 3019 sensibus
3465 2978 3619 3017 com-

2042 3052 2336 3115 parasses?
2362 3052 2856 3109 Arithmeticamne
2904 3063 2999 3109 aut
3049 3056 3423 3109 harmonicam
3452 3056 3620 3109 disci-

2039 3140 2243 3207 plinam
2280 3142 2571 3200 habuisses
2610 3162 2878 3216 unquam,
2927 3147 3032 3201 nisi
3069 3146 3220 3204 auris
3271 3147 3617 3214 exstitisset;

2038 3244 2106 3283 an
2155 3245 2511 3287 numerorum
2550 3236 2957 3305 proportiones,
2995 3248 3089 3293 aut
3121 3238 3623 3309 geometriam,aut

2039 3324 2433 3393 astrologiam,
2484 3328 2589 3384 nisi
2650 3328 2834 3385 lumen
2882 3330 3165 3385 oculorum
3202 3330 3512 3385 eluxisset?
3551 3346 3621 3384 an

2039 3412 2347 3469 doctrinam
2385 3418 2448 3472 de
2481 3417 2732 3488 pulsibus
2765 3428 2820 3475 et
2871 3421 3125 3476 medendi
3157 3421 3443 3477 scientiam
3468 3462 3485 3487 ,
3515 3421 3621 3474 nisi

2038 3508 2292 3574 tangendi
2324 3518 2377 3563 et
2404 3512 2656 3579 gustandi
2696 3528 2894 3569 sensus
2929 3514 3023 3569 tibi
3050 3514 3193 3569 viam
3233 3513 3621 3585 patefecisset?

2039 3596 2172 3653 Meis
2212 3600 2376 3668 igitur
2407 3604 2663 3659 sensibus
2710 3604 2939 3671 ablatis,
2973 3607 3084 3661 tuis
3127 3606 3411 3661 convulsis
3446 3609 3625 3675 ponti-

2040 3692 2177 3756 bus,
2227 3693 2359 3762 quid
2420 3695 2515 3749 tibi
2584 3696 2861 3767 reliquum
2923 3697 3075 3751 aliud
3132 3700 3395 3768 supersit,
3458 3712 3625 3768 quam

2042 3785 2230 3851 humi,
2263 3796 2316 3841 et
2347 3787 2491 3841 inter
2527 3804 2614 3844 res
2656 3790 2946 3846 sensibiles
2986 3790 3223 3846 volutari
3247 3830 3261 3854 ,
3291 3778 3376 3845 vel
3406 3805 3475 3845 ne
3524 3791 3624 3862 llas

2042 3879 2263 3949 quidem
2316 3881 2369 3933 in
2401 3891 2575 3935 totum
2616 3884 2905 3954 attingere,
2941 3898 3122 3954 neque
3154 3892 3423 3953 quantum
3460 3892 3624 3936 terra

2043 3971 2411 4027 meditullium
2446 3983 2570 4039 est,
2606 3975 2715 4029 vita
2753 3977 3029 4031 sentiendi
3062 3984 3318 4047 compote
3350 3974 3497 4040 frui,
3525 3974 3625 4030 sed

2042 4065 2159 4120 sola
2197 4064 2243 4119 si
2281 4082 2365 4121 res
2402 4066 2475 4120 ita
2537 4064 2714 4131 ferat,
2745 4067 3056 4136 plantaria;
3090 4079 3143 4123 et
3192 4078 3307 4123 tum
3343 4082 3471 4121 vere
3520 4065 3626 4120 sub

2042 4166 2456 4211 monumentum
2486 4172 2868 4227 carceremquc
2900 4172 3104 4212 caecum
3126 4158 3363 4226 defossa,
3379 4159 3625 4213 materia:

2044 4250 2304 4307 sordibus
2369 4252 2693 4316 submersa,
2729 4260 2784 4305 et
2846 4250 3133 4321 profunda:
3177 4250 3397 4319 illigata
3465 4250 3625 4318 fisci,

2046 4357 2248 4398 crecam
2302 4342 2461 4412 talpae
2530 4351 2628 4396 aut
2677 4342 2984 4413 cnjuspiam
3045 4341 3405 4411 plantaminis
3454 4344 3626 4397 vitam

2045 4434 2257 4496 trahas.
2305 4450 2395 4490 ne
2445 4435 2648 4499 solum,
2706 4444 2763 4487 ut
2812 4435 2929 4502 ipsa
2990 4434 3198 4488 comice
3251 4432 3579 4503 perstringis
3609 4472 3626 4495 .

369 4522 629 4596 indecore
664 4535 919 4591 lascivit:
956 4533 1152 4588 deinde
1193 4532 1266 4588 ob
1296 4532 1399 4587 hoc
1446 4531 1820 4587 voluntarium
1855 4534 1940 4587 in-
1970 4553 2019 4612 ο
2046 4538 2287 4584 ostreato
2361 4527 2681 4582 indumento
2752 4524 3142 4580 circumdata?
3182 4522 3337 4579 Nunc
3404 4540 3533 4578 vero
3578 4532 3628 4577 te

366 4632 672 4691 fortonium
713 4630 779 4685 de
831 4643 892 4684 se
922 4635 1243 4696 conquesta,
1281 4640 1506 4697 sumque
1563 4624 1943 4695 deploratione

367 4724 696 4781 calamitatis
727 4721 1003 4787 defuncta,
1029 4718 1161 4774 mihi
1189 4718 1397 4773 crimen
1430 4718 1664 4772 intentat
1696 4726 1748 4772 et
1771 4716 1944 4771 malo-

368 4836 491 4877 rum
525 4833 744 4873 eausam
776 4816 1043 4879 attribuit,
1072 4823 1148 4878 et,
1174 4821 1233 4867 ut
1268 4811 1488 4876 videtis,
1515 4825 1706 4881 pmnas
1733 4809 1939 4879 exigit;

372 4929 438 4974 ac
487 4910 752 4969 conviciis
778 4922 1091 4978 aspergeus,
1112 4904 1241 4976 quid
1270 4920 1379 4959 non
1413 4905 1468 4959 in
1503 4918 1589 4958 me
1614 4902 1905 4958 cavillator
1924 4941 1941 4968 ,

372 5008 503 5080 quid
536 5022 647 5061 non
675 4988 866 5061 irridet
891 5001 916 5055 ?
946 5001 1274 5069 Sepulcrum
1307 5013 1394 5052 me
1424 5007 1618 5062 vocat,
1654 5005 1904 5051 catenam
1927 5033 1942 5059 ,

370 5104 562 5168 faecem
592 5101 778 5162 imam,
808 5106 862 5151 et
892 5112 958 5150 ex
989 5093 1305 5150 Chaldaicis
1338 5092 1520 5163 nugis,
1553 5091 1795 5147 materiae
1824 5105 1943 5143 sor-

2051 4632 2201 4677 certe
2240 4623 2617 4677 ctecutientem
2660 4621 2727 4675 ab
2757 4628 2882 4675 ortu
2910 4619 2975 4672 ad
3008 4618 3452 4687 cognoscendum
3492 4633 3630 4673 ocu-

2049 4715 2216 4769 latam
2261 4712 2390 4779 feci,
2431 4712 2497 4767 ad
2531 4710 2928 4781 philosophiam
2978 4709 3220 4772 admovi,
3256 4718 3309 4763 et
3339 4709 3628 4779 degustato

2051 4807 2280 4871 lumine,
2314 4821 2413 4877 per
2444 4806 2620 4875 ipsum
2662 4813 2721 4858 ut
2771 4814 2928 4859 terra:
2978 4802 3423 4865 concretionem,
3457 4802 3628 4856 maris

2055 4899 2410 4961 refusionem,
2441 4898 2565 4954 ραιΙί
2619 4898 3119 4969 eonglobatiouem,
3151 4905 3205 4950 et
3256 4893 3438 4947 omnia
3502 4910 3630 4962 qua:

2052 5003 2183 5048 sunt
2244 4993 2299 5049 in
2347 4992 2487 5049 coelo
2542 4992 2809 5047 miracula
2845 5000 3109 5061 tanquam
3160 4989 3215 5043 in
3271 4987 3498 5059 speculo
3536 4990 3629 5040 in-

2053 5087 2307 5153 tucreris,
2340 5087 2587 5141 concessi
2627 5105 2641 5140 :
2671 5094 2841 5155 utque
2889 5084 3137 5154 partibus
3171 5082 3437 5136 omnibus
3488 5093 3629 5133 con-

370 5199 466 5253 des
527 5204 581 5249 ct
638 5191 1006 5269 quisquilias,
1052 5187 1262 5244 dolium
1334 5194 1618 5259 pertusum
1646 5222 1661 5248 ,
1697 5197 1941 5238 crucem.
1995 5214 2023 5239 ο
2052 5183 2271 5238 cordem
2314 5189 2665 5245 concentum,
2700 5179 2795 5249 qui
2848 5175 3213 5231 inelIabilibus
3251 5174 3411 5229 sonis
3461 5171 3631 5241 opifi~

369 5290 532 5360 Atqui
578 5288 622 5344 si
657 5298 786 5341 vere
819 5300 941 5339 sum
999 5296 1100 5352 ego
1156 5288 1573 5334 monumentum
1599 5318 1615 5343 ,
1651 5277 1744 5348 qui
1785 5279 1843 5331 fit
1888 5285 1948 5331 ut

370 5400 478 5441 non
512 5382 642 5437 huic
687 5377 1046 5449 persuadeam
1079 5374 1146 5429 ad
1206 5374 1297 5428 Dei
1330 5371 1744 5428 similitudinem
1795 5372 1947 5425 cilic-

369 5485 480 5535 tam
536 5483 769 5531 mortem
818 5468 1063 5524 studiose
1111 5464 1397 5529 meditari,
1428 5463 1522 5518 sed
1567 5463 1634 5516 ad
1684 5462 1945 5527 delicias,

367 5567 514 5643 quod
544 5569 639 5631 ait,
660 5565 971 5634 pet-traham
992 5561 1016 5612 ?
1041 5560 1093 5615 si
1122 5559 1445 5628 catena,qui
1480 5558 1537 5611 lit
1569 5565 1626 5611 ut
1659 5572 1767 5612 non
1800 5570 1948 5611 com-

370 5661 614 5727 primens
667 5675 695 5711 a
750 5656 1022 5728 peccando
1074 5651 1511 5717 cohibeam,sed
1547 5650 1613 5704 ad
1654 5650 1945 5704 nefandam

371 5749 583 5807 inertia:
614 5750 883 5804 licentiam
916 5747 1206 5816 corripiant
1232 5745 1255 5799 ?
1290 5747 1418 5811 Quae
1441 5753 1633 5798 catena
1663 5758 1771 5796 non
1795 5750 1945 5796 arcet

376 5838 444 5900 ab
473 5838 681 5925 injuria
712 5852 765 5925 et
800 5840 1094 5909 maleﬁcio,
1114 5839 1209 5898 sed
1241 5854 1308 5897 eo
1336 5839 1581 5896 vinetum
1604 5835 1690 5899 vel
1710 5837 1943 5900 invitum

2053 5288 2171 5329 cem
2201 5273 2510 5328 conclamat
2538 5270 2869 5331 exaudieris,
2898 5277 2952 5323 et
2990 5282 3057 5322 ex
3091 5280 3276 5320 rerum
3308 5273 3627 5318 creatarum

2056 5354 2469 5436 magnitudine,
2517 5360 2958 5433 pulchritudine,
3021 5359 3290 5414 concinna
3346 5357 3631 5417 motione,

2055 5475 2284 5515 movens
2330 5458 2463 5514 illud
2518 5456 2843 5521 immobile,
2878 5463 2935 5507 et
2998 5454 3237 5526 primum
3302 5458 3357 5502 et
3416 5446 3637 5518 ipsissi-

2055 5568 2203 5606 mum
2261 5555 2464 5606 bonum
2513 5546 2827 5612 informari,
2869 5553 2922 5597 et
2979 5545 3045 5598 ad
3086 5542 3248 5612 cujus
3288 5540 3631 5608 exemplaris

2054 5643 2299 5713 primarii
2351 5642 2637 5712 imaginem
2679 5641 2817 5694 facta
2859 5636 3046 5701 fueris,
3075 5636 3395 5690 inemoriam
3462 5645 3635 5685 reno-

2054 5738 2186 5796 tavi.
2212 5736 2379 5807 Atqui
2421 5737 2525 5789 hoc
2581 5731 2903 5805 praeclarius
2941 5728 3073 5799 quid
3110 5728 3279 5782 menti
3330 5724 3506 5796 possit
3537 5736 3641 5778 ae-

2053 5832 2269 5900 cidere,
2305 5843 2471 5902 quam
2526 5844 2592 5885 ex
2626 5826 2693 5885 iis
2722 5840 2842 5900 qua:
2872 5823 3012 5883 meis
3039 5822 3297 5884 sensibus
3354 5819 3637 5877 hauriun-
