3962 6208
268 355 376 419 995

1591 361 2068 426 PROSOPOPCEI
2081 367 2167 426 1E.

3391 365 3499 433 986

271 479 384 534 "Ir.
448 467 617 523 Deum
677 470 965 539 reperire?
1037 470 1146 526 Nec
1202 472 1380 528 solum
1453 473 1530 528 ita
1595 490 1694 544 per
1751 481 2198 550 meAsubjectis
2236 481 2528 536 incudibus
2573 481 3012 550 obstrepentibus
3060 479 3369 535 fabricare:
3404 486 3498 533 aut

270 559 509 628 primum
563 558 629 613 ad
700 559 867 614 Deum
927 561 1211 626 ascemlit,
1268 563 1364 617 sed
1417 563 1582 618 etiam
1634 579 1665 619 a
1725 563 1834 618 Deo

269 651 551 712 delabens.
588 664 656 704 eo
701 665 796 719 per
851 667 938 707 me
972 669 1190 707 rursum
1228 654 1386 708 redit.
1418 654 1555 709 Nam
1604 670 1701 724 per
1751 670 1837 708 me

271 741 568 812 paenitendi
615 751 672 797 et
722 742 935 798 veniam
975 743 1300 812 impetrandi
1352 745 1530 799 locum
1585 744 1833 811 invenit;

271 833 318 888 si
357 833 505 887 enim
559 845 590 885 a
646 846 733 886 me
771 832 1044 901 disjuncta
1085 843 1138 885 ct
1179 842 1333 887 extra
1396 821 1595 903 corpus
1649 832 1836 896 fuerit,

269 939 341 980 ne
399 923 669 992 paenitere
721 922 940 991 quidem
1005 923 1212 992 peccati
1268 923 1500 992 primum
1549 923 1834 991 pctuerit.

272 1027 328 1074 ιιι
393 1029 566 1081 neque
641 1015 732 1083 qui
785 1014 1104 1072 deciderunt
1182 1016 1399 1085 angeli;
1481 1029 1627 1068 nunc
1697 1026 1826 1067 vero

271 1120 395 1159 mea
435 1106 745 1176 conjugatio
785 1105 888 1160 hoc
921 1121 1139 1182 quoque
1167 1106 1366 1160 bonum
1405 1107 1455 1160 ei
1496 1105 1686 1177 largita
1721 1112 1825 1159 est.

270 1198 518 1265 Quantas
564 1200 710 1251 enim
741 1207 795 1252 ct
840 1208 1192 1267 qu0tcunque
1237 1196 1602 1267 turpitudines
1654 1212 1838 1267 asper-

274 1290 444 1355 serit,
484 1305 561 1346 ea:
597 1290 732 1343 meis
787 1289 1080 1344 sudoribus
1110 1291 1400 1355 eluuntur,
1426 1297 1480 1342 et
1534 1290 1654 1344 nive
1710 1304 1837 1343 can-

275 1381 457 1436 didius
489 1381 868 1436 clariﬁcantur
899 1397 914 1445 ;
949 1395 1074 1434 nam
1123 1396 1288 1448 supra
1340 1380 1561 1435 herbam
1618 1393 1835 1434 omnem

273 1467 632 1531 abluentium,
669 1477 722 1520 ct
767 1478 964 1536 prater
1000 1470 1221 1537 hyssctpi
1269 1469 1520 1536 quamvis
1563 1471 1838 1537 aspersio-

276 1573 402 1614 nem
451 1567 630 1613 exstat
683 1574 746 1612 ea
792 1573 916 1628 qua
967 1559 1159 1614 diﬂluit
1205 1576 1235 1615 e
1271 1561 1441 1623 meis,
1476 1571 1534 1614 ut
1586 1560 1702 1629 ipsa
1756 1560 1838 1613 tli-

275 1652 455 1717 xerit,
494 1651 772 1721 speluncis
799 1689 815 1714 ,
851 1662 909 1704 ut
939 1666 1072 1720 ego,
1113 1651 1356 1706 fontibus
1395 1647 1682 1721 pellu‘cidis
1707 1691 1722 1714 ,
1755 1652 1836 1705 la-

274 1761 502 1816 cryma,
556 1744 767 1809 inedia,
825 1743 974 1798 humi
1029 1744 1248 1799 cubitus
1302 1745 1615 1813 prtedurus,
1681 1742 1836 1798 flexis

273 1811 506 1908 genibus
553 1836 865 1903 deprecatio
896 1873 913 1898 ,
951 1836 1004 1890 in
1035 1811 1500 1905 precibus—defixa
1535 1835 1831 1890 immobili-
1871 1811 1911 1866 Β

275 1939 364 1986 ter
417 1935 844 1996 constanterque
885 1927 1150 1992 intentio,
1185 1927 1420 1995 pectoris
1451 1929 1732 1995 percussio
1757 1967 1770 1989 ,
1808 1940 1839 1980 e

275 2024 501 2087 pectore
549 2016 808 2086 prodiens
839 2017 1022 2084 gravis
1075 2015 1278 2077 fumus,
1317 2017 1598 2072 interioris
1626 2015 1841 2070 inflam-

276 2109 540 2164 mationis
578 2107 862 2170 indicium,
895 2108 1111 2176 aliaque
1147 2123 1215 2161 ex
1247 2108 1448 2176 quibus
1487 2107 1841 2177 multipotens

275 2199 582 2270 paenitendi
644 2199 904 2254 miscetur
954 2199 1434 2254 medicamentum.
1465 2198 1571 2255 Tot
1610 2213 1842 2253 numero

277 2289 550 2345 bonorum
605 2290 734 2344 novi
759 2292 1054 2346 recondere
1111 2289 1395 2346 thesauros
1442 2305 1561 2359 ego,
1594 2305 1657 2343 ex
1695 2305 1846 2344 men-

279 2384 350 2437 tis
402 2397 539 2437 mea:
588 2381 865 2438 sententia
927 2389 1325 2452 pertusum.et
1373 2381 1511 2435 nihil
1554 2381 1845 2437 continens

275 2473 507 2530 dolium.
1249 2527 1280 2562 ο

349 2563 459 2618 Sed
491 2563 668 2632 inepte
698 2563 945 2620 fortassis
975 2574 1028 2618 et
1052 2571 1246 2634 praeter
1270 2562 1525 2618 decorum
1576 2562 1719 2633 apud
1748 2577 1848 2618 vos

275 2656 484 2727 quibus
553 2655 680 2710 talia
738 2656 865 2710 trita
917 2666 1080 2721 sunt,
1116 2655 1330 2726 singula
1385 2655 1614 2710 dicendo
1658 2670 1846 2725 perse-

274 2763 422 2821 quor
451 2765 469 2805 :
500 2747 692 2819 itaque
740 2747 1057 2804 summatim
1095 2755 1153 2802 et
1189 2747 1380 2817 paucis
1415 2747 1843 2810 ostendendum,

277 2841 430 2912 quod
471 2857 594 2912 quae
623 2839 757 2901 mihi
787 2855 820 2896 a
852 2851 1036 2894 mente
1066 2838 1200 2895 vitio
1236 2847 1546 2905 vertuntur,
1575 2855 1638 2894 ea
1665 2839 1848 2909 potius

278 2947 484 3002 passus
537 2932 642 2987 sim
694 2946 857 3002 quam
889 2930 1115 2986 fecerim
1152 2945 1317 3001 ;qu:e
1355 2940 1537 2986 autem
1580 2929 1722 2986 facio
1753 2945 1849 2983 na-

279 3036 407 3081 tura
436 3029 597 3090 duce,
627 3036 860 3094 qua-que
889 3022 1123 3079 coniicio
1149 3022 1269 3078 hate
1301 3033 1451 3079 sunt.
1491 3021 1846 3091 Philosophia

1937 574 2165 644 guttulis
2196 589 2225 626 a
2261 584 2405 628 terra
2435 573 2832 628 exsudantibus
2861 573 3099 628 collectis
3120 581 3308 640 stagna
3329 572 3498 628 conli-

1939 679 2062 720 cere
2085 704 2098 726 ,
2125 674 2215 718 aut
2259 673 2448 718 contra
2499 679 2673 720 savos
2733 673 2926 718 ventos
2951 702 2966 726 ,
2997 663 3242 717 furentes
3300 661 3498 716 fluctus

1939 756 2228 821 obluctari,
2261 771 2658 827 nonnunquam
2710 755 2872 808 etiam
2939 756 2993 806 in
3036 752 3362 821 profundum
3404 752 3501 804 de-

1938 863 2123 902 orsum
2174 860 2332 901 verso
2372 847 2582 914 capite,
2614 853 2808 898 natans
2869 849 3050 903 leror,
3107 850 3160 894 ct
3194 841 3500 893 militariter

1937 936 2224 1005 disiectum
2275 943 2327 989 et
2370 934 2600 989 scissum
2657 933 2862 987 ictibus
2917 931 3170 985 omnibus
3221 931 3399 993 obsto,
3430 945 3498 983 ne

1937 1028 2111 1082 dicam
2151 1025 2216 1080 ad
2255 1039 2390 1094 quas
2426 1025 2759 1078 exercendas
2809 1031 2954 1076 artes
3006 1038 3172 1076 vanas
3219 1031 3274 1076 et
3307 1022 3502 1076 inanes

1936 1119 1988 1174 \‘i
2044 1128 2290 1173 coactum
2348 1117 2624 1178 instituor,
2659 1130 2782 1168 cum
2829 1113 3316 1183 prrestigiatoribus
3342 1118 3496 1169 exse-

1936 1210 2158 1265 crandis
2195 1209 2472 1277 subjicior,
2503 1207 2804 1273 docent-que
2834 1205 3018 1258 funem
3055 1205 3312 1259 extremis
3347 1204 3495 1272 pedi-

1937 1302 2039 1354 bus
2088 1301 2351 1355 scandere
2398 1309 2451 1350 et
2508 1297 2823 1360 ambulare,
2858 1296 3113 1364 subjectis
3166 1296 3494 1364 pugionibus

1938 1391 2235 1460 tripudiare
2256 1428 2270 1452 ,
2306 1390 2481 1457 capite
2532 1388 2772 1442 demisso
2809 1387 2970 1442 salire
2993 1428 3006 1449 ,
3036 1385 3248 1455 lapillos
3283 1396 3335 1437 et
3365 1385 3495 1438 ferri

1937 1482 2236 1551 particulas
2293 1481 2596 1541 devorare;
2651 1487 2812 1546 atque
2878 1492 3057 1532 rerum
3089 1477 3159 1530 ita
3197 1475 3498 1530 diﬂieilium

1938 1585 2102 1640 atque
2156 1571 2568 1635 rnlserabilium,
2596 1578 2651 1624 et
2703 1569 2907 1638 alioqui
2950 1583 3302 1637 operosarum
3333 1563 3497 1634 quam

1939 1678 2050 1717 non
2106 1679 2135 1715 a
2184 1677 2349 1730 puero
2409 1661 2854 1715 exercitationem
2907 1657 3503 1727 conlicio?\’igentem

1939 1753 2210 1822 attingens
2277 1762 2490 1806 :etatem
2565 1766 2650 1804 me
2715 1751 2967 1819 pertinax
3018 1760 3070 1804 et
3151 1748 3500 1802 ambitiosum

1944 1855 2181 1918 praesto;
2214 1860 2331 1900 eam
2373 1844 2646 1898 excedens
2687 1853 2924 1908 :clatem,
2968 1843 3135 1895 nihilo
3187 1839 3380 1893 minori
3414 1856 3504 1892 co-

1943 1948 2073 1993 natu
2125 1938 2382 1998 elaboro;
2421 1934 2831 1989 corroboratum
2873 1944 2929 1988 et
2973 1948 3286 1994 senescens,
3349 1931 3505 1983 addi-

1944 2041 2101 2084 scere
2135 2043 2244 2081 non
2277 2041 2430 2082 cesso
2469 2026 2627 2081 etiam
2664 2025 2806 2097 quod
2858 2025 3168 2092 excogitatu
3204 2021 3512 2091 sapientius

1943 2120 2189 2188 sitquam
2212 2133 2330 2188 quae
2349 2117 2577 2189 juvenes
2597 2118 2895 2171 moliuntur
2916 2133 2930 2179 ;
2948 2127 3000 2168 et
3021 2123 3081 2168 ut
3104 2114 3156 2166 in
3182 2112 3499 2166 universum

1945 2210 2147 2272 dicam,
2186 2209 2322 2264 nihil
2351 2215 2433 2261 est
2465 2206 2612 2277 quod
2673 2216 2790 2262 arte
2848 2205 3049 2274 parari,
3083 2203 3226 2272 quod
3258 2202 3508 2256 doctrina

1948 2299 2084 2356 tradi
2131 2299 2335 2367 possit,
2368 2300 2432 2354 ad
2487 2298 2632 2367 quod
2681 2312 2786 2350 non
2835 2297 3078 2350 adducar
3101 2335 3117 2357 ,
3149 2295 3283 2347 nihil
3316 2293 3469 2346 factis
3492 2332 3512 2357 ,

1947 2395 2085 2450 nihil
2148 2395 2308 2448 dictis
2371 2395 2538 2447 menti
2594 2392 2794 2448 volenti
2849 2406 3179 2460 repugnans,
3219 2398 3278 2442 ut
3332 2403 3509 2458 neque

1947 2489 2304 2545 animantium
2336 2487 2702 2558 subjugalium
2745 2497 2797 2541 et
2846 2485 3265 2539 inanimatorum
3299 2482 3510 2535 instru-

1950 2591 2256 2636 mentorum
2296 2577 2792 2646 obsequentissinta
2847 2590 3095 2643 qumque.
3128 2575 3207 2627 An
3246 2573 3407 2627 etiam
3442 2568 3508 2622 ad

1948 2673 2197 2727 obeunda
2263 2668 2476 2722 virtutis
2529 2668 2740 2729 munia,
2791 2665 2900 2720 illis
2948 2665 3108 2734 longe
3154 2661 3507 2734 jucundiora.

1949 2763 2152 2828 facilia,
2182 2772 2389 2816 natura:
2438 2759 2815 2827 congruentia,
2849 2756 3096 2824 ineptum
3147 2763 3202 2807 et
3251 2754 3511 2806 adversa-

1953 2857 2116 2919 rium,
2147 2862 2200 2906 et
2259 2850 2425 2906 veluti
2494 2863 2826 2918 repugnans,
2859 2847 3207 2908 seditiosum,
3239 2842 3513 2898 hostiliter

1949 2959 2071 3000 sum
2121 2939 2422 2996 affectum?
2466 2941 2536 2992 At
2576 2939 2629 2992 id
2691 2937 2788 2992 tibi
2819 2936 3018 2991 dicenti
3066 2949 3173 2987 non
3228 2933 3512 2986 crederent

1950 3033 2147 3106 egregii
2184 3032 2415 3086 victores
2449 3029 2525 3084 illi
2557 3038 2825 3100 martyres
2847 3038 2899 3082 et
2929 3027 2983 3080 hi
3007 3026 3218 3095 judiees
3247 3023 3508 3077 virtutum

281 3117 438 3171 enim
477 3131 571 3185 per
611 3131 774 3186 quam
832 3115 898 3171 ad
935 3114 1104 3171 Deum
1151 3114 1563 3178 attollimur,in
1598 3115 1843 3170 contem-

1955 3127 2190 3182 cultores
2214 3162 2229 3187 ,
2260 3125 2351 3192 qui
2389 3136 2679 3192 corporum
2722 3119 3114 3175 certaminibus
3168 3117 3520 3184 incorporeo-

281 3205 584 3275 plationem
617 3214 671 3260 et
712 3204 983 3260 actionem
1045 3212 1230 3270 secta,
1267 3203 1539 3273 siquidem
1592 3208 1842 3256 contem-

279 3296 576 3374 platricem
627 3310 695 3351 ea
737 3295 902 3350 vitam
937 3293 1316 3364 amplexetur.
1350 3309 1448 3362 per
1499 3307 1587 3348 me
1627 3301 1843 3346 natura:

282 3401 457 3456 opera
517 3385 812 3456 perspicit,
843 3395 899 3442 et
929 3401 1029 3456 per
1085 3383 1491 3451 disciplinarum
1540 3392 1734 3453 pontes
1779 3380 1848 3435 ad

278 3491 382 3531 eas
412 3490 503 3531 res
536 3490 656 3546 quae
685 3477 894 3533 ratione
943 3473 1318 3547 intelliguntur
1342 3474 1734 3531 transmittitur
1753 3514 1769 3539 ,
1795 3484 1852 3528 et

281 3578 593 3639 postremo,
624 3568 770 3640 quod
799 3568 985 3633 aiunt,
1011 3567 1080 3622 ad
1123 3568 1299 3636 ipsum
1353 3566 1636 3645 theologia.-
1683 3566 1848 3622 limen

282 3659 530 3716 Volando
566 3659 909 3729 conquiescit
937 3676 953 3713 :
980 3659 1064 3714 sin
1106 3673 1215 3727 pra:
1260 3656 1663 3726 contemplandi
1715 3671 1851 3722 pons

284 3756 440 3810 tibus
461 3793 475 3816 ,
507 3751 698 3823 agendi
743 3751 944 3806 scalam
1002 3750 1190 3816 malit,
1228 3751 1314 3803 ltic
1346 3750 1510 3804 etiam
1563 3749 1744 3819 magis
1766 3763 1854 3803 me

287 3843 578 3901 laboribus
651 3839 888 3911 propriis
942 3838 1253 3904 aedificans,
1310 3852 1504 3891 omnes
1575 3834 1850 3890 actionum

285 3938 494 4006 gradus
528 3932 757 3987 invenit.
786 3929 993 3996 Dicam,
1024 3928 1174 4000 quod
1219 3927 1476 3983 omnibus
1509 3928 1736 3990 eminet,
1755 3941 1852 3995 per

288 4042 383 4081 me
423 4025 492 4080 ab
525 4023 732 4094 angelis
783 4021 1062 4091 paululum
1103 4021 1410 4076 diminutus
1469 4020 1673 4086 homo,
1715 4019 1857 4073 mul-

290 4130 409 4175 tum
457 4131 620 4186 supra
649 4115 871 4184 angelos
903 4114 1127 4170 excellit
1161 4113 1322 4184 (quis
1359 4112 1506 4167 enim
1539 4111 1852 4182 angelorum

287 4211 471 4277 possit
501 4223 622 4278 qua
662 4205 808 4262 Deus
858 4221 1054 4276 passus
1092 4214 1214 4270 est,
1241 4215 1298 4260 et
1335 4213 1392 4259 ut
1421 4205 1589 4258 homo
1623 4212 1852 4256 mortem

290 4299 504 4355 imitari
557 4298 952 4370 potuit?)per
1005 4313 1092 4352 me
1141 4299 1581 4368 utiquecmsum,
1619 4303 1854 4356 tortum,

289 4390 559 4445 laniatum
585 4429 601 4456 ,
632 4393 688 4444 εἰ
714 4397 992 4458 postremo
1043 4388 1205 4443 morti
1253 4387 1548 4451 traditum,
1579 4397 1634 4440 et
1669 4383 1857 4438 divino

1956 3227 2076 3266 rum
2135 3220 2362 3265 naturas
2421 3219 2775 3278 exsuperant.
2815 3207 3013 3262 Verum
3064 3215 3276 3274 tempus
3321 3215 3426 3269 est,
3458 3214 3520 3258 ut

1955 3318 2142 3358 eorum
2178 3317 2298 3370 qua:
2331 3301 2569 3354 diximus
2611 3313 2824 3354 summa
2870 3299 3049 3367 capita
3100 3285 3516 3363 recenseamus,

1956 3404 2012 3449 et
2049 3392 2441 3463 Opportuuiora
2469 3393 3005 3460 congruentioraque
3040 3402 3447 3458 percurramus.

2026 3485 2345 3541 Accusatrix
2382 3467 2511 3537 mea
2557 3497 2713 3536 mens
2767 3483 3015 3538 convicta
3064 3489 3170 3546 est,
3212 3479 3353 3533 nihil
3399 3479 3524 3534 sani

1955 3579 2092 3633 vitio
2123 3586 2357 3638 vertere,
2393 3575 2488 3630 sed
2525 3574 2726 3628 frustra
2774 3575 3060 3640 insurgere
3112 3573 3268 3636 tnihi,
3303 3579 3357 3626 et
3400 3584 3524 3638 qua

1958 3669 2234 3738 inculpata
2291 3674 2420 3721 sunt
2478 3644 2776 3720 accusandi
2825 3663 3006 3717 studio
3052 3671 3106 3717 et
3158 3662 3525 3727 calumniose,

1960 3775 2192 3829 quaeque
2221 3757 2355 3810 ntihi
2393 3755 2785 3825 permittuntur
2809 3767 2838 3806 a
2891 3761 3106 3817 natura,
3135 3751 3375 3826 culpare.
3415 3750 3525 3805 De-

1962 3848 2215 3904 fensione
2271 3859 2395 3899 mea
2448 3841 2826 3912 comprobavi,
2856 3841 3058 3894 nullam
3125 3849 3222 3894 aut
3263 3838 3527 3908 injuriam

1960 3949 2055 3996 aut
2084 3936 2470 3995 contumeliam
2497 3949 2590 3989 mea
2623 3934 2859 3988 dominae
2888 3931 3173 3998 famulum,
3193 3932 3528 4001 imperatrici

1962 4033 2292 4102 obsequens,
2325 4029 2758 4083 instrumentum
2791 4025 2841 4079 ei
2895 4038 3015 4093 qua
3045 4037 3145 4078 suo
3185 4037 3270 4076 me
3296 4024 3528 4077 arbitrio

1963 4130 2169 4185 utatur,
2232 4119 2437 4173 inferre
2478 4117 2764 4185 potuisse:
2813 4115 2906 4169 sed
2962 4115 3135 4182 ipsam
3192 4113 3375 4181 potius
3423 4127 3522 4167 sua

1963 4210 2214 4267 socordia
2252 4216 2673 4278 torpescentem,
2709 4213 2762 4258 et
2803 4201 3174 4274 imbecillitate
3201 4203 3524 4257 mollescen.

1967 4316 2098 4369 tem,
2127 4303 2326 4357 malam
2353 4300 2582 4354 evadere
2615 4313 2629 4363 ;
2658 4306 2714 4349 et
2739 4311 2861 4351 cum
2896 4296 3230 4364 Oportuisset
3262 4295 3527 4363 integere,

1967 4395 2110 4448 hanc
2137 4392 2302 4446 etiam
2338 4403 2525 4458 poenas
2569 4387 2805 4456 exigere.
2841 4382 2885 4440 0
2918 4384 3296 4439 calamitosum
3341 4394 3392 4437 et
3423 4384 3525 4435 nti~

259 4481 515 4552 -col'p0ri
570 4478 880 4535 Servaloris
920 4478 1324 4534 conformatum
1358 4479 1454 4536 :in
1487 4493 1598 4547 quo
1647 4483 1702 4530 οι
1729 4489 1857 4545 pec-
1889 4488 1934 4544 D
1971 4480 2155 4539 serum
2196 4497 2284 4537 me
2313 4482 2326 4535 ι
2355 4479 2486 4546 Quis
2529 4486 2732 4546 parcet,
2793 4477 2917 4545 quis
2973 4476 3342 4540 miserebitur,
3400 4489 3525 4527 eum

285 4581 479 4628 catum
526 4570 928 4636 condemnavit,
962 4569 1100 4623 utin
1125 4569 1282 4623 nobis
1329 4568 1420 4623 Dei
1448 4567 1661 4638 justitia
1707 4580 1857 4621 com-

288 4664 564 4734 plcretur.
584 4662 852 4728 Quoniam
887 4671 1067 4717 autem
1102 4668 1158 4716 et
1211 4675 1364 4715 mens
1412 4660 1742 4716 sciscitatur
1788 4671 1858 4710 ex

293 4773 418 4822 me,
458 4755 681 4824 quando
743 4769 961 4826 quaque
1011 4761 1172 4809 atate
1221 4753 1325 4808 sibi
1377 4754 1685 4823 subjectum
1735 4763 1859 4805 esse

291 4849 531 4920 possim,
559 4861 660 4916 ego
696 4847 832 4904 nihil
891 4853 1208 4902 cunctatum
1256 4845 1331 4898 ita
1383 4844 1703 4914 simpliciter
1768 4855 1862 4896 re-

297 4943 588 5014 spondebo
619 4961 634 4999 :
666 4942 962 5012 Ecquando
1000 4955 1106 4996 non
1142 4953 1363 5008 possum
1385 4978 1401 5002 ,
1434 4954 1652 5008 quaque
1704 4944 1863 4992 aetate

289 5050 420 5091 sum
477 5033 864 5103 inobsequens,
896 5033 1010 5100 ipsa
1045 5031 1161 5085 sive
1207 5029 1410 5084 bonum
1437 5067 1453 5094 ,
1485 5029 1600 5085 sive
1631 5042 1861 5099 pravum

291 5122 391 5186 sit,
420 5136 510 5176 me
555 5120 808 5177 ducendo
868 5129 1022 5176 vocet
1053 5119 1158 5173 ?ut
1195 5133 1264 5173 ex
1314 5118 1526 5173 artibus
1575 5117 1863 5188 perspicue

292 5214 494 5281 liquet.
524 5213 752 5268 Nactum
788 5213 1092 5266 litterarum
1141 5208 1441 5265 studiosam
1497 5219 1550 5264 et
1581 5218 1859 5264 amantem

301 5304 613 5359 honestatis
662 5312 928 5371 mentem,
957 5305 1280 5374 paadagrigos
1322 5318 1523 5374 sequor
1545 5342 1561 5368 ,
1591 5302 1866 5373 magistris

300 5399 473 5466 pareo
499 5431 515 5458 ,
557 5395 610 5448 in
677 5395 884 5450 scholis
935 5405 991 5450 et
1032 5395 1324 5451 auditoriis
1384 5395 1603 5450 assideo
1631 5431 1658 5460 ,.
1693 5405 1746 5448 et
1797 5394 1866 5449 de

296 5481 624 5538 liberalibus
649 5483 959 5552 disciplinis
990 5494 1046 5539 et
1075 5484 1342 5540 doctrinis
1374 5485 1503 5554 quid
1538 5484 1862 5539 inculcatum

301 5588 416 5627 non
467 5574 752 5642 exprimo?
783 5575 998 5630 Russus
1029 5591 1147 5631 sum
1188 5590 1290 5648 ego
1325 5587 1558 5630 mentem
1609 5590 1866 5629 exercen-

298 5663 390 5720 dis
424 5665 638 5720 artibus
693 5665 1052 5724 illiberalibus
1098 5678 1278 5738 aptam
1309 5667 1611 5722 sortitum?
1656 5665 1866 5722 Doccor

299 5758 504 5816 iterum
539 5757 828 5830 mdilicare,
858 5771 953 5816 aut
985 5760 1252 5833 lapidibus
1306 5768 1538 5829 struere,
1576 5768 1670 5816 aut
1717 5770 1866 5818 stans

1971 4579 2138 4636 etiam
2190 4585 2423 4647 cognata
2482 4588 2638 4629 meus
2691 4581 2746 4628 et
2805 4587 3017 4627 mecum
3083 4571 3372 4640 conjugala
3422 4586 3530 4625 non

1969 4661 2280 4731 miseretur,
2316 4680 2492 4734 neque
2526 4664 2663 4720 meis
2713 4659 3157 4717 albictationibus
3202 4661 3398 4714 referta
3442 4674 3531 4714 sa-

1973 4761 2137 4814 tietur
2161 4759 2186 4810 ?
2212 4757 2305 4812 sed
2335 4762 2530 4824 praeter
2564 4769 2626 4808 ea
2662 4767 2785 4822 qua;
2825 4767 2971 4806 nunc
2998 4751 3210 4821 patior,
3241 4751 3371 4805 etin
3427 4761 3530 4820 po.

1968 4858 2173 4906 sterum
2204 4844 2381 4916 patiar
2425 4843 2544 4914 ejus
2571 4857 2734 4913 opera
2755 4885 2770 4910 ,
2800 4842 3026 4911 insuper
3061 4843 3209 4896 aliud
3240 4845 3529 4900 recentius

1969 4939 2272 5009 excogitat,
2324 4937 2741 5006 inquisitiones,
2784 4935 2906 4990 lites
2963 4943 3019 4988 et
3081 4935 3462 4993 contentiones
3511 4955 3532 5005 ς

1969 5031 2288 5095 tribunalia,
2319 5029 2468 5083 diros
2491 5036 2745 5092 tortores,
2766 5027 2925 5097 quasi
2959 5041 3066 5080 non
3109 5042 3171 5082 ea
3209 5044 3330 5096 qua:
3364 5029 3530 5084 miso~

1971 5138 2093 5177 rum
2116 5121 2294 5192 patior
2315 5120 2430 5190 ipsa
2453 5127 2711 5189 peccante
2729 5115 3021 5172 sufﬁciant.
3050 5118 3138 5172 Dei
3161 5119 3530 5187 aequalitatem

1949 5211 2214 5270 'fastuosa
2249 5211 2579 5284 concupivit,
2609 5218 2662 5264 et
2691 5209 2874 5264 statim
2909 5224 3009 5278 ego
3045 5210 3374 5263 mortalitate
3405 5223 3534 5262 sum

1973 5308 2354 5374 interceptum,
2389 5312 2442 5356 et
2475 5303 2541 5356 ad
2566 5299 2842 5370 pulverem
2874 5294 3100 5354 matrem
3133 5312 3482 5353 reversurum
3513 5315 3526 5351 :

1974 5412 2042 5450 ne
2081 5411 2203 5463 qua:
2233 5393 2424 5448 media:
2458 5390 2827 5445 interveniunt
2858 5390 3200 5444 calamitates
3229 5395 3283 5441 et
3334 5387 3536 5439 obsce-

1975 5489 2174 5542 nitates
2211 5498 2528 5548 memorem,
2562 5482 2886 5544 nuditatem,
2935 5479 3165 5534 ficulnea
3202 5477 3534 5539 velamenta,

1974 5589 2029 5635 et
2067 5578 2316 5633 coriacea
2362 5574 2705 5637 indumenta,
2739 5572 3112 5627 aculeatarum
3170 5571 3452 5640 spinarum
3481 5577 3538 5624 et

1977 5668 2300 5722 tribulorutn
2345 5665 2515 5718 acies.
2559 5660 2763 5717 Invidia
2818 5678 3013 5717 rursus
3076 5661 3453 5732 conflagravit,
3483 5671 3538 5716 et

1975 5758 2110 5816 mihi
2145 5755 2270 5814 tabe
2303 5753 2632 5826 liquefactus
2710 5754 2892 5810 vultus
2958 5754 3239 5812 concidit:
3271 5754 3362 5812 ubi
3409 5767 3549 5809 vero
