3912 6188
547 316 653 379 937

1778 317 2165 378 GREGORII
2203 318 2530 380 PALAMIE
3587 330 3661 395 983

551 433 776 486 fratrem
822 448 988 486 exosa
1049 430 1270 484 fratrem
1339 441 1425 486 est
1462 447 1595 486 ausa
1665 434 1963 499 trucidare,
2010 437 2183 504 egoA
2215 433 2528 488 inhumanis
2585 418 2957 490 dtemduibus,
3010 445 3274 497 exponor.
3333 431 3506 486 Mecum
3566 435 3665 491 hanc

550 527 729 581 statim
757 526 1041 578 tremulum
1080 533 1131 578 et
1153 520 1555 591 queribundum
1574 539 1638 580 ac
1667 527 1925 595 imposito
1949 526 2109 596 signo

551 626 796 670 natatum
831 627 883 669 et
926 615 1235 669 convictum
1278 615 1532 685 vagabar.
1567 616 1800 686 [inpegit
1855 632 2009 671 mens
2048 617 2104 671 in

548 709 967 776 legislationem.
994 709 1077 761 vel
1107 707 1469 776 prophetiam,
1502 707 1588 762 vel
1617 708 1909 762 sacerdotii
1932 708 2110 778 digni-

550 811 740 862 tatem,
789 813 842 853 et
898 799 1031 854 mihi
1086 800 1481 854 maledicentia:
1550 801 1816 870 supplicia
1882 799 2110 855 ﬁrmiter

549 894 888 960 inhibentur,
923 910 986 949 ac
1013 893 1194 949 statim
1227 895 1498 964 leprosum
1524 894 1750 949 elﬁcior.
1779 892 1898 964 Ipsa
1919 893 2111 961 angelo

551 986 729 1040 fausta
778 985 1050 1040 nuntianti
1113 985 1410 1050 dillidit,et
1470 1001 1590 1040 mea
1651 985 1833 1055 lingua
1894 985 2112 1040 silentio

551 1075 935 1144 compeditur;
966 1076 1081 1130 hate
1118 1086 1238 1130 astu
1297 1073 1510 1129 feminae.
1548 1075 1718 1130 mala!
1755 1075 1978 1145 decepta
2008 1083 2110 1140 est,

551 1177 606 1222 et
670 1183 771 1235 ego
827 1182 1094 1234 exerceor,
1146 1176 1201 1222 et
1254 1167 1309 1221 in
1362 1166 1650 1236 pistrinum
1712 1167 1996 1222 detrudor.
2052 1163 2110 1219 in

549 1275 724 1328 pauca
785 1259 953 1314 multa
1021 1258 1340 1313 contraham
1376 1268 1514 1312 :aut
1563 1273 1683 1313 sum
1740 1271 1864 1312 cum
1931 1265 2114 1311 mente

550 1348 860 1419 colligatum
885 1350 1075 1404 humili
1108 1365 1170 1404 ac
1203 1350 1474 1407 illiberali.
1503 1357 1556 1404 et
1587 1357 1744 1403 nocte
1771 1348 1968 1414 dieque
1994 1361 2116 1402 sus-

553 1442 700 1497 tineo
761 1441 1055 1496 continuos
1109 1441 1350 1504 labores,
1386 1441 1451 1496 ad
1502 1439 1875 1510 quotidianum
1930 1439 2112 1493 cibum

554 1547 790 1600 eumque
820 1546 1043 1600 parcunt
1095 1540 1150 1584 et
1202 1541 1444 1597 tenuem,
1488 1533 1553 1584 ad
1609 1531 1826 1592 laenam,
1858 1527 1940 1581 vel
1985 1526 2115 1582 sub-

554 1623 801 1678 strictam
828 1623 1120 1692 quamdam
1149 1631 1205 1677 et
1228 1622 1444 1677 brevem
1470 1621 1733 1687 tunicam,
1761 1619 1846 1674 vel
1871 1616 2114 1688 tegendis

553 1715 798 1768 humeris
830 1715 1082 1782 penulam
1125 1712 1549 1782 comparandam
1587 1719 1728 1765 :aut
1767 1725 1892 1764 cum
1943 1708 2112 1762 vitam

2211 524 2472 580 vitiorum
2497 523 2817 594 tragmdiam
2854 530 2976 592 agat
3009 521 3098 574 ille
3127 522 3472 577 vocalissimus
3494 524 3664 592 Aposto-

2209 617 2319 677 lus,
2352 631 2495 684 quae,
2533 625 2716 668 mente
2743 627 2937 666 omnes
2977 613 3214 669 habenas
3263 621 3315 667 et
3337 612 3470 667 frena
3494 615 3668 680 laxante,

2212 708 2268 763 in
2305 721 2390 762 me
2442 704 2717 776 peccando
2764 704 3052 757 conferunt
3103 712 3410 760 scortatores
3453 705 3668 770 immanes,

2212 805 2266 852 et
2299 805 2568 866 quotquot
2603 805 2792 849 contra
2824 793 3097 848 naturales
3129 809 3255 848 usus
3284 795 3614 857 accenduntur,
3635 805 3671 848 ut

2213 900 2303 943 me
2356 886 2658 956 ignominia
2711 891 2902 939 notent
2961 883 3214 938 insolenti
3262 900 3275 937 :
3329 898 3516 951 quoque
3559 885 3672 936 nmio

2213 977 2446 1048 pessime
2461 975 2865 1044 corrumpendi.
2886 989 2970 1028 me
2993 973 3247 1042 templum
3269 971 3356 1026 Dei
3377 986 3675 1042 corrumpunt,

2215 1081 2443 1137 meaque
2481 1066 2721 1121 membra
2753 1080 2873 1135 quae
2899 1073 3028 1118 sunt
3084 1061 3285 1117 Christi
3315 1062 3544 1124 membra,
3568 1078 3678 1116 scor-

2215 1170 2395 1214 torum
2455 1157 2696 1231 membra
2736 1155 2963 1210 faciunt.
2997 1155 3266 1210 Caeterum
3318 1169 3418 1206 non
3444 1152 3518 1206 his
3569 1169 3681 1207 mrns

2215 1250 2488 1305 nullorum
2530 1266 2634 1305 non
2687 1250 2950 1303 malorum
2996 1261 3203 1302 memor
3251 1254 3481 1300 contenta
3513 1244 3682 1306 est,sed

2215 1357 2312 1398 vos
2341 1342 2564 1412 supplex
2617 1350 2770 1410 rogat
2795 1349 2850 1393 et
2893 1339 3212 1402 obtestatur,
3248 1347 3305 1391 ut
3342 1335 3436 1390 sibi
3477 1335 3683 1388 licentiam

2214 1433 2354 1488 dctis
2407 1434 2591 1488 utendi
2651 1448 2738 1486 me
2791 1445 2893 1486 suo
2943 1430 3204 1495 arbitrio,
3252 1426 3541 1496 torquendi,
3586 1425 3687 1479 tame

2217 1523 2463 1590 necandi,
2499 1524 2552 1576 in
2580 1523 2806 1578 exitium
2840 1520 3056 1576 Satanae
3106 1517 3369 1574 tradendi.
3397 1516 3554 1571 Nescit
3585 1516 3686 1570 enim

2217 1615 2455 1683 sapiens,
2489 1629 2549 1668 se
2585 1614 2742 1684 plane
2771 1613 3130 1683 desipientem
3184 1611 3240 1664 in
3268 1626 3330 1664 ea
3378 1608 3581 1662 incidere
3603 1622 3688 1674 qua

2219 1716 2342 1761 sunt
2407 1706 2458 1759 in
2518 1705 2805 1774 proverbio
2839 1703 3115 1773 :Capram
3183 1701 3320 1755 ferre
3374 1713 3472 1753 non
3505 1712 3689 1765 possunt,

553 1808 936 1874 voluptuosam
1000 1805 1386 1874 amplexante,
1439 1812 1494 1855 et
1539 1802 1709 1855 multo
1752 1798 2118 1856 deterioribus
2148 1801 2193 1855 Β
2220 1798 2352 1853 Inibi
2381 1798 2573 1852 bovem
2605 1796 2886 1865 imponite.
2936 1794 3073 1850 Nam
3125 1794 3172 1849 si
3216 1807 3336 1861 qua:
3382 1791 3430 1843 in
3487 1790 3608 1843 nobis
3644 1804 3690 1841 ex

557 1897 713 1952 malis
755 1896 1141 1966 adligandum
1179 1894 1410 1966 singulis
1443 1893 1592 1948 boris
1636 1891 2040 1962 inexplebiliter
2062 1891 2115 1944 in

553 1997 798 2042 ventrem
863 1985 1151 2050 iufcrcior,
1199 1994 1254 2040 et
1285 1983 1590 2039 immodicis
1639 1983 1808 2045 cibis,
1861 1981 2114 2051 potibus,

556 2076 722 2130 rebus
753 2073 1000 2128 venereis
1022 2074 1304 2128 distendor
1334 2081 1388 2126 et
1420 2087 1646 2141 rumpor
1675 2089 1690 2138 ;
1715 2071 1956 2139 hincque
1989 2078 2120 2138 quot

556 2167 866 2219 morborum
897 2165 1209 2235 agminibus
1242 2164 1494 2218 obluctor
1521 2163 1535 2215 !
1593 2163 1703 2216 Aut
1731 2162 1876 2216 enim
1914 2160 1980 2214 ad
2010 2160 2121 2214 lec-

555 2269 669 2312 tum
729 2258 1087 2321 decumbens,
1133 2267 1228 2310 aut
1289 2265 1347 2310 ut
1385 2256 1615 2310 attonita
1662 2253 1907 2324 quaedam
1962 2253 2118 2306 ruina

556 2352 873 2418 laugucsco,
902 2358 996 2402 aut
1025 2349 1172 2403 febre
1220 2347 1576 2417 colliquesco,
1606 2359 1702 2400 aut
1733 2343 2118 2399 articularibus

556 2441 760 2496 morbis
792 2441 985 2508 pedum
1024 2450 1079 2494 et
1127 2456 1388 2494 manuum
1430 2448 1728 2508 torqueor:
1762 2446 1876 2490 tum
1904 2445 1958 2490 et
1993 2449 2119 2489 car-

554 2532 806 2586 nilicibus
847 2532 1072 2587 medicis
1127 2531 1482 2586 mercenariis
1528 2529 1832 2585 curandum
1881 2523 2119 2582 medica-

556 2621 753 2675 mentis
767 2629 822 2675 et
839 2619 1180 2688 laniandum,
1201 2633 1593 2691 nonnunquam
1619 2618 1784 2672 etiam
1816 2616 2118 2671 tortoribus

2216 1889 2532 1945 inordinata
2566 1889 2798 1942 materia
2830 1887 3204 1956 'aegritudines
3257 1884 3601 1942 aduaseuntur,
3622 1894 3688 1935 eas

2215 1987 2277 2036 ut
2335 1981 2495 2036 decet
2549 1979 2937 2050 philosophum
2993 1992 3102 2034 non
3161 1975 3299 2041 fert,
3340 1973 3628 2043 indignatur,
3657 1982 3692 2022 et

2213 2073 2400 2143 gravia
2427 2087 2487 2128 se
2515 2071 2624 2142 pati
2683 2079 2904 2138 censet,
2947 2069 3077 2139 quid
3129 2084 3236 2123 non
3296 2075 3432 2123 esset
3476 2079 3628 2134 passa.
3661 2062 3693 2114 si

2217 2178 2434 2218 mecum
2470 2163 2548 2218 ira
2583 2163 2766 2217 divina
2817 2161 3160 2217 calamitates
3214 2159 3386 2212 illatas
3429 2155 3692 2224 accepisset.

2217 2256 2271 2310 in
2306 2255 2450 2310 fastu
2495 2253 2683 2310 inﬂata
2717 2253 2984 2323 superbit.
3047 2251 3249 2306 Verum
3302 2251 3409 2304 lucc
3460 2262 3519 2301 ex
3565 2253 3694 2298 vestro

2217 2346 2522 2416 dependent
2553 2345 2806 2410 arbitrio,
2830 2353 2884 2398 et
2912 2341 3183 2411 quidquid
3206 2339 3374 2394 visunt
3401 2336 3535 2390 vobis
3560 2333 3696 2392 luerit,

2215 2436 2271 2490 in
2327 2451 2392 2492 eo
2454 2446 2713 2506 tanquam
2776 2435 2830 2488 in
2901 2433 3084 2487 divina
3141 2431 3419 2491 sententia,
3479 2435 3572 2479 tum
3615 2437 3698 2491 qua

2216 2528 2482 2596 facienda,
2519 2536 2634 2584 tum
2665 2507 2910 2599 ειυέιιοιι
2941 2525 3192 2582 facienda
3215 2525 3323 2581 sint
3341 2519 3613 2576 deliniente,
3631 2528 3698 2566 nos

2221 2635 2446 2692 quoque.
2475 2621 2908 2691 acquiescemus.

1701 2867 2078 2937 JUDICUM
2127 2869 2652 2938 SENTENTIA.

629 3012 862 3066 Vestras.
883 3008 1172 3075 utriusque
1201 3002 1442 3058 vlcissim
1474 3015 1598 3056 eum
1639 3001 1918 3056 orationes
1947 3000 2109 3054 audi-

560 3106 820 3165 verimus,
855 3111 1028 3162 tuam,
1061 3113 1217 3153 mens
1254 3095 1488 3153 rationis
1507 3096 1806 3164 particeps,
1841 3093 1987 3164 quod
2020 3093 2116 3148 tibi

557 3199 837 3257 subditum
868 3205 972 3258 est,
1007 3201 1065 3250 ut
1091 3193 1510 3260 intemperatum
1539 3198 1592 3244 et
1613 3188 1932 3242 inobediens
1959 3201 2121 3242 accu-

558 3292 734 3348 santis
766 3308 782 3340 :
818 3299 962 3342 tuam
996 3299 1212 3349 rursus,
1239 3299 1367 3353 pars
1412 3281 1580 3338 animi
1631 3282 1848 3336 ratione
1905 3295 2118 3342 carens,
2152 3314 2195 3369 ο

561 3381 904 3437 defendentis
932 3388 982 3433 te
1010 3377 1145 3432 nihil
1165 3376 1481 3444 delinquere
1505 3373 1793 3427 utauimus
1813 3371 2123 3439 intelligens

565 3485 767 3528 temere
816 3469 1183 3525 calumniatur
1231 3483 1244 3518 :
1307 3466 1462 3520 nobis
1497 3462 1680 3518 atitem
1724 3463 1793 3516 de
1839 3462 2125 3528 utriusque

562 3564 909 3620 orationibus
940 3559 1166 3613 arbitria
1207 3555 1452 3612 facienda
1482 3563 1631 3619 sunt,
1651 3563 1704 3607 et
1737 3549 2126 3606 controversiae

561 3655 835 3716 sedandae,
855 3669 921 3708 ne
949 3652 1150 3706 frustra
1181 3659 1423 3704 nostram
1441 3642 1910 3714 etcontemplandi
1941 3642 2124 3695 studio

561 3748 802 3802 debitam
846 3745 1010 3799 vitam
1046 3740 1532 3811 interruperimus,
1569 3738 1658 3791 hic
1686 3737 1963 3798 sedentes,
2009 3733 2123 3802 jam

557 3839 798 3892 dicimus
827 3851 947 3904 qua:
976 3849 1041 3888 ex
1072 3834 1248 3898 longis
1303 3830 1696 3901 experimentis
1741 3837 1796 3882 et
1849 3841 1877 3879 a
1924 3824 2124 3879 divinis

560 3926 858 3996 Scripturis
896 3935 1150 3981 accurate
1177 3923 1495 3978 didicimus.
1547 3921 1700 3976 Hanc
1751 3920 1938 3986 itaque
1997 3932 2125 3970 sen-

560 4020 787 4074 tentiam
822 4017 1048 4073 ferimus
1077 4033 1092 4069 :
1125 4015 1182 4071 Si
1209 4017 1391 4070 carnis
1425 4028 1677 4076 sensum,
1701 4026 1734 4064 ο
1761 4025 1937 4072 mens,
1965 4023 2126 4062 accu-

559 4122 670 4168 ses,
700 4115 758 4160 ut
793 4106 960 4160 rebus
985 4103 1234 4158 honestis
1266 4116 1330 4155 ac
1382 4100 1568 4154 virtuti
1607 4095 1994 4153 consentaneis
2030 4097 2126 4149 ad-

560 4197 886 4260 versarium,
921 4206 974 4250 et
1003 4195 1103 4250 tibi
1132 4192 1426 4248 obediendi
1456 4191 1740 4259 impotem,
1803 4186 2125 4256 imprudens

563 4293 618 4344 in
655 4289 1082 4343 Manichaeorum
1143 4284 1458 4352 Opinionem
1490 4281 1797 4345 delaberis;
1851 4279 2128 4333 existima-

561 4390 694 4437 runt.
720 4381 866 4435 enim
925 4374 1244 4432 exsecrandi
1307 4372 1409 4437 illi,
1441 4370 1842 4439 intelligentem
1877 4368 2123 4423 animum

561 4471 837 4541 opificiqu
867 4481 988 4522 esse
1024 4465 1176 4529 boni,
1209 4462 1439 4518 rationis
1475 4469 1777 4529 expertem,
1834 4459 1962 4512 mali
1993 4477 2007 4512 :
2068 4468 2124 4512 et

562 4565 767 4619 idcirco
801 4575 976 4631 neque
997 4559 1251 4614 virtutem
1282 4569 1592 4626 capessere,
1613 4561 1707 4608 aut
1733 4564 1888 4622 grata
1926 4561 1979 4604 et
2011 4552 2126 4620 opi-

2227 2984 2529 3071 perantiam
2579 3016 2828 3064 accusas,
2865 3010 2924 3056 ut
2955 3009 3024 3052 ne
3059 2999 3293 3068 teipsam
3323 2991 3470 3065 quasi
3500 3001 3587 3043 non
3611 2982 3704 3038 insi-

2227 3097 2441 3165 pienter
2470 3095 2792 3158 modereris,
2819 3093 2914 3149 sed
2941 3093 3134 3146 divino
3166 3091 3263 3145 tibi
3295 3099 3499 3142 munere
3533 3091 3702 3136 conces-

2227 3202 2350 3241 sum
2397 3187 2786 3241 administrum
2837 3193 3103 3254 perpetuo
3156 3176 3529 3248 eriminareris,
3568 3169 3705 3236 culpas

2225 3279 2372 3347 quod
2405 3278 2599 3332 merito
2625 3277 2958 3346 culpandum
2987 3290 3098 3328 non
3131 3283 3235 3327 est.
3255 3273 3332 3326 An
3362 3284 3458 3322 non
3487 3267 3706 3347 imperator

2225 3344 2440 3429 doctor,
2473 3344 2735 3433 magister
2764 3364 3149 3431 cujuscunque
3171 3361 3220 3414 is
3259 3355 3437 3416 fuerit,
3470 3349 3553 3420 ipsi
3589 3344 3704 3433 ratio;-

2225 3472 2353 3511 nem
2383 3431 2636 3521 reddunt,
2664 3465 2719 3510 et
2750 3446 2944 3524 poenas
2967 3453 3129 3504 luunt
3174 3464 3362 3503 eorum
3403 3457 3526 3514 quae,
3553 3437 3623 3507 qui
3659 3431 3706 3484 ab

2225 3549 2362 3618 ipsis
2395 3549 2692 3613 ducuntur,
2726 3547 3126 3617 magistrorum
3160 3542 3364 3597 incuria
3394 3548 3540 3605 atque
3584 3524 3703 3595 θεειί·

2225 3641 2407 3712 gentia
2439 3641 2705 3710 peccant?
2727 3637 2784 3693 Id
2817 3654 2887 3694 ne
2915 3639 3200 3706 sapientes
3231 3634 3440 3704 quidem
3466 3619 3707 3682 cxterosla-

2227 3733 2332 3787 tuit
2357 3750 2373 3786 ε
2397 3733 2667 3802 siquidem
2698 3731 3159 3800 phil080phorum
3187 3725 3335 3796 apud
3366 3723 3481 3776 illos
3529 3712 3704 3802 ιιυίιιέξυι

2225 3824 2630 3878 adolescentem
2666 3797 3026 3890 conSpieatus
3058 3817 3428 3872 lascivientem
3469 3816 3517 3862 et
3543 3797 3710 3869 ﬂagitio-

2227 3932 2372 3979 sum,
2404 3915 2611 3968 nullum
2643 3913 2698 3968 in
2719 3927 2844 3968 eum
2874 3910 3228 3966 maledictum
3253 3891 3491 3967 contulit,
3521 3897 3597 3952 sed
3634 3904 3707 3960 pl!-

2225 4010 2497 4078 dagogum
2532 4008 2828 4078 percussit,
2860 4003 3118 4074 inquiens
3147 4019 3162 4057 :
3207 3999 3352 4067 Quid
3381 3995 3511 4050 enim
3529 3989 3630 4078 talia
3645 3984 3710 4076 do-

2227 4097 2362 4153 ces?
2396 4098 2494 4151 Sin
2525 4103 2709 4150 autem
2743 4094 2920 4155 dicas,
2952 4105 3215 4161 magnum
3248 4087 3403 4152 illum
3432 4076 3637 4132 Paulum,
3675 4068 3709 4117 in

2231 4193 2473 4262 Epistula
2507 4207 2670 4260 quam
2706 4187 3083 4241 ari-Romanos
3125 4179 3370 4248 scripsit,
3422 4181 3601 4229 carnem
3646 4172 3708 4262 ac-

2229 4249 2444 4342 cdsare,
2469 4249 2589 4334 aridi
2625 4279 2760 4349 quid
2783 4279 2930 4340 velit,
2959 4287 3012 4331 et
3051 4275 3117 4329 ad
3151 4271 3282 4339 quid
3339 4267 3450 4322 haec
3490 4249 3706 4349 Aposlillus

2230 4372 2509 4439 loquatur.
2538 4369 2672 4421 Nam
2700 4375 2826 4420 ante
2850 4364 3068 4418 Domini
3101 4362 3398 4416 adventum
3427 4365 3475 4406 et
3501 4358 3616 4439 mor-5
3636 4347 3710 4439 ter:

2229 4428 2408 4512 ribilis
2438 4465 2580 4519 erat,
2617 4453 2900 4512 terribilis.
2935 4459 2992 4505 et
3011 4448 3207 4502 mortis
3231 4441 3502 4513 imperium
3535 4428 3706 4519 habent:

2229 4559 2517 4618 propterea
2543 4555 2594 4598 et
2624 4543 2762 4611 apud
2797 4540 2992 4594 Isaiam
3019 4538 3242 4591 aiebant
3277 4550 3292 4586 :
3333 4551 3351 4583 ι
3377 4525 3636 4583 E-lamusct
3655 4512 3686 4561 lii

566 4657 690 4712 ficio
713 4656 858 4712 bono
888 4651 1268 4709 convenientia
1296 4650 1501 4705 sentire
1530 4661 1711 4718 posse.
1745 4644 1840 4697 Siu
1865 4644 1980 4711 ipsa
2015 4643 2116 4698 hoc
2153 4641 2193 4694 D
2224 4637 2436 4698 bamus,
2467 4648 2590 4689 cras
2613 4633 2760 4687 enim
2797 4628 3089 4683 moriemur
3118 4624 3165 4680 ³.
3215 4641 3236 4671 ι

565 4766 675 4806 non
692 4751 796 4813 ais,
825 4749 917 4805 sed
949 4747 1208 4803 eﬂrenem
1236 4751 1290 4802 et
1319 4743 1710 4811 obsequentem
1743 4738 1866 4804 ejus
1920 4736 2117 4789 intern-

643 4923 662 4954 ³
697 4926 800 4979 ιω.
836 4939 968 4990 xm,
1005 4923 1089 4976 15.
