3912 6188
217 373 380 440 ⁴989

1351 521 1400 526 ...,,
1433 517 1540 526 ﬂ...
1575 521 1634 525 ...ν
1649 519 1756 526 .-,-..,.

1557 537 1708 546 ...νο-..-
1715 537 1786 545 ..-

1359 373 1535 433 νιΤΑ
1579 373 1643 434 S.
1680 369 1914 430 PETRI
1951 368 2391 431 ΑῚἮΟΝΙΤΕ.

930 723 1390 874 VlTA
1490 716 2168 873 SANGTI
2285 717 2856 870 PETRI

1401 1032 1840 1082 ANACIIORETB
1881 1029 1949 1076 IN
1975 1028 2190 1074 MONTE
2205 1030 2374 1076 ATHO

627 1200 1176 1297 AUCTORE
1286 1192 1906 1290 GREGOBIO
1978 1193 3125 1288 THESSALONICENSI.

1844 1411 1918 1443 cur.

1043 1561 1114 1624 C.
1154 1554 1570 1622 JANNINGI
1596 1547 2289 1618 COMMENTARIUS
2339 1547 2756 1613 PREVIUS.

1337 1722 1479 1786 (Acta
1501 1721 1596 1772 SS.
1625 1713 1853 1769 Bnltand.
1875 1712 2034 1772 Junii,
2063 1722 2102 1766 ι.
2122 1715 2188 1776 Π,
2211 1717 2293 1767 die
2336 1673 2442 1781 12.)-

226 1846 294 1941 ’ς
335 1864 800 1941 I.Cultus_sacer.
843 1859 1130 1941 Palwstra.
1163 1861 1315 1941 litans
1361 1857 1548 1909 Athos.
1599 1850 1830 1918 Tempus

1945 1847 2114 1902 minus
2136 1850 2284 1903 omni
2325 1865 2388 1904 ex
2423 1866 2579 1920 parte
2627 1852 2782 1908 nobis
2807 1855 3027 1924 probari
3061 1857 3195 1910 Acta
3243 1856 3512 1928 Onnphrii

604 1933 660 1986 in
684 1947 744 1986 eo
779 1941 979 1986 actum.
1015 1928 1128 1983 Iter
1161 1927 1479 1981 Romanum.

321 2051 386 2103 4.
421 2047 640 2120 Egimus
679 2041 784 2101 hoc
825 2045 945 2114 ipso
987 2042 1074 2099 die
1100 2043 1168 2096 η
1196 2042 1263 2096 de
1297 2048 1491 2096 sancto
1525 2033 1833 2104 Onuphrio,

265 2143 363 2210 qui
423 2141 474 2195 in
512 2141 748 2209 quadam
770 2135 1064 2194 solitudine
1110 2133 1330 2203 Εἵριί
1380 2133 1546 2186 vitam
1592 2129 1738 2184 solus
1775 2134 1829 2178 et

258 2237 480 2304 ignotus
521 2229 771 2285 oumibus
819 2228 1121 2283 diutissime
1168 2223 1474 2295 protraxit,
1515 2221 1678 2289 paulo
1710 2227 1838 2272 ante

258 2335 494 2380 mortem
539 2337 568 2374 a
612 2337 716 2376 non
755 2319 973 2374 nemine
1001 2317 1258 2372 divinitus
1306 2317 1580 2374 inventus,
1635 2319 1689 2366 et
1717 2319 1838 2378 post

257 2423 492 2470 mortem
524 2412 790 2481 sepultus,
822 2425 947 2466 cum
988 2409 1257 2464 inventori
1293 2421 1394 2462 suo
1423 2405 1618 2460 seriem
1648 2419 1832 2458 rerum

257 2525 290 2563 a
325 2521 387 2564 se
420 2516 693 2574 gestarum
727 2514 884 2558 antea
909 2498 1486 2570 retulisset.Typicum
1523 2495 1709 2551 Sancti
1737 2494 1838 2548 Sa-

257 2603 368 2666 liae,
404 2599 648 2655 Venetiis
671 2613 816 2653 anno
848 2596 990 2652 1602
1024 2597 1374 2664 impressum,
1403 2591 1686 2660 Onuphrio
1709 2606 1840 2645 con-

250 2695 444 2765 jungit
495 2695 683 2748 eodem
739 2691 826 2746 uie
888 2688 1232 2760 (crediderim
1283 2688 1354 2740 ob
1421 2683 1835 2742 similitudinem

259 2784 690 2849 anachoreseos)
713 2781 959 2846 Petrum,
986 2795 1014 2833 a
1046 2788 1230 2834 monte
1256 2777 1424 2841 Atho,
1449 2788 1606 2844 quem
1641 2773 1840 2842 longis-

256 2878 403 2933 simo
425 2875 648 2930 incoluit
683 2883 947 2944 tempore,
965 2871 1278 2926 Athonitam
1313 2868 1644 2939 appellatum
1669 2885 1685 2922 :
1710 2880 1840 2936 con-

249 2968 439 3039 jungit
472 2977 649 3021 autem
679 2974 972 3034 utrumque
1002 2965 1088 3018 bis
1127 2965 1308 3018 verbis
1337 2979 1352 3015 :
1385 2961 1479 3023 Εἰς
1503 2959 1604 3022 τὰς
1645 2957 1712 3028 ιβ’
1740 2955 1836 3008 τοῦ

253 3060 414 3114 ὁσίου
443 3058 658 3124 Πατρὶς
685 3057 844 3127 ἡμῶν
883 3055 1228 3124 Ὀνουφρίου,
1269 3054 1365 3108 καὶ
1409 3051 1506 3105 τοῦ
1548 3050 1699 3103 ὁσίου
1727 3048 1844 3103 Πα-

253 3151 386 3220 τρδς
434 3150 591 3218 ἡμῶν
642 3149 848 3218 Πέτρου
898 3145 992 3199 τοῦ
1054 3144 1368 3198 Ἀθωεθίτοοδ.
1407 3142 1507 3196 Die
1552 3141 1616 3196 12
1660 3137 1834 3201 Junii,

251 3242 430 3298 uncti
455 3241 634 3294 Patris
660 3241 825 3294 nostri
849 3237 1106 3306 Onuphrii
1123 3278 1138 3301 ,
1166 3248 1217 3290 et
1249 3238 1418 3289 sancti
1450 3235 1626 3288 Patris
1658 3235 1828 3287 nostri

253 3334 416 3390 Petri
469 3332 760 3388 Athonitw.
822 3330 1106 3385 Consentit
1157 3326 1506 3396 Horologium
1566 3326 1836 3391 Graecum,

252 3427 407 3497 quod
461 3425 647 3478 eadem
703 3423 931 3477 totidem
989 3420 1169 3475 verbis
1204 3419 1411 3484 relert;
1463 3427 1518 3472 et
1566 3417 1837 3482 Molanus,

254 3517 458 3571 unicus
509 3515 651 3584 quod
707 3514 876 3567 sciam
917 3511 1059 3580 apud
1115 3509 1340 3565 Latinos
1401 3509 1834 3580 tuartyrologus,

254 3607 354 3675 qui
405 3606 523 3676 ejus
569 3603 900 3658 mentionem
939 3603 1090 3658 facit.
1139 3603 1272 3657 Cum
1295 3611 1474 3657 autem
1518 3603 1610 3657 hic
1645 3601 1834 3656 eadem

251 3698 484 3752 outitiuo
513 3695 700 3750 Latine
731 3695 992 3765 proferat,
1019 3711 1136 3764 qua:
1169 3695 1369 3750 Mena’a
1404 3703 1457 3750 et
1488 3694 1835 3762 Horologium

252 3789 473 3850 Graece,
506 3802 566 3841 ex
595 3786 858 3840 alterutro
897 3785 1114 3842 illorum
1151 3799 1248 3840 sua
1306 3783 1659 3845 transtulerit.
1694 3783 1841 3834 Mar-

254 3876 585 3946 tyrologium
625 3890 840 3945 quoque
891 3875 1190 3929 Moscorum
1249 3873 1516 3943 Onupbrii
1576 3872 1737 3928 simul
1784 3880 1839 3925 et

252 3968 409 4022 Petri
473 3967 742 4032 meminit,
792 3969 1091 4037 eodemque
1149 3967 1235 4022 die
1281 3976 1335 4020 et
1384 3966 1437 4020 in
1493 3981 1598 4019 una
1642 3963 1836 4019 tabella

258 4072 564 4136 utrumque
591 4061 866 4130 proponit,
891 4059 1388 4130 figuratutncodem
1406 4073 1632 4126 prorsus
1651 4056 1833 4124 modo,

257 4152 320 4208 id
353 4165 438 4207 est
492 4163 674 4208 erecte
723 4163 952 4218 stantes,
985 4153 1194 4222 capillis
1245 4167 1350 4205 non
1388 4151 1679 4205 admodum
1715 4164 1838 4218 pro-

261 4243 475 4308 missis,
505 4242 676 4296 barba
706 4241 884 4310 ampla
937 4256 1033 4310 per
1077 4252 1269 4311 pectus
1317 4239 1586 4296 deﬂuente
1617 4255 1835 4294 crurum

261 4345 446 4398 tenus,
483 4333 689 4387 circum
712 4331 951 4386 verenda
991 4330 1274 4387 frondibus
1303 4332 1539 4397 cinctos,
1579 4342 1834 4386 cancrum

260 4426 444 4482 nudos
470 4442 488 4479 :
518 4425 594 4479 uti
621 4424 805 4479 videre
823 4434 908 4478 est
933 4423 985 4478 in
1016 4424 1345 4479 Kalendario
1364 4424 1692 4489 Moscorum,
1713 4435 1838 4480 ante

1939 1940 2201 2003 diximus,
2229 1941 2485 2012 pleraque
2507 1941 2596 1996 hic
2633 1958 2739 1996 non
2769 1943 3036 1999 obtinent.
3068 1943 3240 2001 Notus
3262 1950 3512 2004 estenint

1941 2042 2137 2087 auctor
2167 2032 2304 2089 Vitae
2332 2031 2503 2100 Petri,
2539 2037 2624 2090 vir
2656 2036 2904 2092 eruditus
2929 2047 3098 2107 atque
3143 2041 3516 2110 archiepisco—

1936 2139 2060 2194 pus,
2093 2125 2184 2193 qui
2219 2135 2274 2180 et
2307 2127 2466 2182 aliam
2504 2128 2630 2182 olim
2668 2127 2931 2195 scriptam
2963 2131 3138 2186 Vitam
3167 2142 3403 2186 testatur
3452 2149 3514 2190 se

1935 2217 2138 2272 vidisse
2176 2228 2230 2272 et
2275 2219 2575 2275 habuisse:
2633 2229 2796 2279 notus
2853 2225 3008 2280 locus
3069 2226 3500 2293 anachoreseos,

1939 2321 2098 2362 mons
2127 2311 2323 2374 Athos,
2354 2313 2490 2367 nihil
2534 2314 2586 2368 in
2617 2315 2737 2369 Vita
2770 2315 3032 2372 audacius
3067 2328 3159 2372 aut
3188 2319 3512 2375 insolentius

1937 2399 2142 2455 dictum
2166 2404 2689 2473 scriptumveznihil
2727 2406 3008 2462 insolitum
3043 2419 3139 2463 aut
3163 2411 3513 2468 inauditum:

1938 2492 2160 2547 nihilex
2205 2497 2370 2550 variis
2399 2499 2840 2552 consarcinatum
2874 2517 2889 2553 :
2933 2502 3068 2554 nihil
3115 2505 3272 2556 alteri
3302 2513 3521 2558 contra-

1939 2583 2102 2649 rium,
2139 2586 2240 2640 nisi
2275 2585 2414 2642 forte
2455 2588 2509 2642 in
2545 2603 2772 2644 numero
2806 2605 2902 2657 per
2937 2606 3178 2647 errorem
3235 2594 3342 2650 tale
3385 2598 3515 2666 quid

1941 2679 2262 2746 reperiatur.
2311 2679 2579 2735 Convenit
2628 2684 2848 2750 quidem
2900 2682 3024 2738 Vita
3054 2686 3168 2740 haec
3217 2702 3340 2742 cum
3396 2689 3516 2744 Vita

1939 2770 2114 2829 sancti
2147 2768 2431 2838 Ouuphrii,
2463 2773 2527 2825 de
2552 2788 2657 2839 quo
2711 2775 2868 2830 modo
2895 2816 2910 2840 ,
2963 2785 3018 2829 et
3063 2792 3268 2835 sancta:
3329 2781 3517 2838 Maria:

1901 2920 1914 2933 ,
1939 2861 2289 2932 .Egyptiacaa,
2319 2864 2384 2917 de
2405 2879 2508 2932 qua
2548 2865 2606 2916 ll
2642 2867 2843 2932 Aprilis
2866 2871 3075 2938 egimus
3102 2891 3117 2939 ;
3146 2875 3292 2942 quod
3321 2889 3515 2931 omnes

1942 2954 2188 3008 nitantur
2233 2955 2391 3008 unius
2454 2955 2720 3010 duntaxat
2775 2959 3014 3014 hominis
3073 2966 3401 3020 auctoritate
3453 2983 3518 3022 ac

1942 3047 2226 3102 relatione.
2260 3046 2364 3102 Sed
2424 3043 2776 3118 Onuphriana
2810 3051 2939 3107 aliis
2973 3053 3188 3108 duabus
3223 3054 3328 3110 ﬁde
3379 3058 3520 3112 mul-

1947 3148 2059 3194 tum
2083 3141 2436 3208 cedit;qu0d
2491 3143 2758 3199 certiores
2805 3147 3271 3213 circumstantias,
3317 3151 3519 3204 certio-

1942 3246 2138 3300 resque
2165 3242 2416 3287 auctores
2445 3234 2526 3287 hat
2555 3235 2794 3288 habeant
2815 3251 2978 3305 quam
3005 3237 3115 3292 illa:
3152 3237 3306 3304 Quod
3346 3239 3514 3296 Maria

1941 3329 1996 3376 et
2023 3322 2218 3375 Petrus
2257 3323 2337 3375 bis
2384 3324 2590 3379 inventi
2631 3323 2835 3381 fuerint
2886 3329 3118 3384 diversis
3155 3332 3513 3399 temporibus,

1940 3411 2108 3464 seruet
2144 3411 2272 3478 vivi,
2307 3413 2507 3468 iterum
2555 3419 2778 3480 mortui,
2806 3428 2862 3473 et
2907 3421 3103 3476 Petrus
3137 3423 3356 3490 quidem
3404 3425 3515 3494 jam

1939 3511 2186 3557 mortuus
2217 3519 2247 3556 a
2295 3505 2522 3560 testibus
2543 3517 2809 3576 quatuor;
2842 3526 2950 3564 non
3003 3513 3128 3566 item
3181 3514 3515 3584 Onuphrius.

1939 3590 2090 3657 Quod
2126 3593 2336 3650 illorum
2368 3596 2608 3666 reliquiae
2637 3598 2886 3668 legantur
2944 3603 3247 3670 antiquitus
3285 3609 3519 3660 transla-

1939 3691 2028 3748 tae,
2065 3698 2128 3738 ac
2160 3687 2325 3740 certis
2355 3688 2488 3743 locis
2513 3689 2815 3744 honoriﬁce
2851 3695 3516 3765 recomlitaeluissczquod

1940 3775 2005 3828 de
2028 3774 2394 3845 Onuphrianis
2440 3781 2618 3833 minus
2643 3793 2858 3838 constat

2009 3869 2062 3921 5.
2107 3868 2512 3926 Celeberrimus
2549 3884 2601 3926 et
2626 3874 2757 3928 olim
2801 3876 2901 3930 fuit
2951 3888 3003 3929 et
3038 3895 3196 3934 nunc
3238 3890 3323 3934 est
3360 3897 3515 3936 mons

1937 3957 2131 4023 Athos,
2162 3960 2410 4026 palaestra
2449 3963 2547 4014 viri
2580 3965 2794 4029 sancti,
2847 3966 2898 4021 in
2943 3969 3142 4023 ﬁnibus
3190 3970 3516 4026 Macedonia:

1938 4049 2098 4114 situs,
2132 4051 2220 4106 ubi
2250 4052 2392 4106 inter
2417 4053 2592 4107 sinum
2623 4053 3024 4124 Strymonieum
3057 4061 3124 4114 ad
3177 4063 3510 4129 aquilonem,
3581 4055 3584 4058 ’

1938 4152 1990 4195 et
2021 4141 2344 4210 Singiticum
2379 4145 2444 4197 ad
2481 4147 2788 4213 meridiem,
2826 4166 2844 4199 ι
2883 4165 2990 4204 non
3023 4155 3416 4220 promontorio,
3456 4163 3519 4208 ut

1940 4234 2053 4296 alii,
2093 4249 2280 4290 verum
2321 4245 2467 4290 totus
2498 4249 2698 4303 exstat,
2727 4248 2949 4309 totoque
2995 4241 3150 4312 longe
3192 4243 3355 4297 dorso
3394 4260 3518 4314 pro—

1939 4328 2081 4382 cedit
2112 4330 2164 4383 in
2198 4330 2439 4398 pelagus,
2469 4349 2489 4381 ι
2531 4342 2588 4384 ut
2613 4331 2750 4386 Mela
2786 4333 3045 4402 loquitur,
3074 4351 3374 4404 paucorum
3402 4348 3517 4392 sta-

1941 4417 2152 4471 diorum
2201 4417 2404 4472 isthuto
2461 4422 2764 4476 continenti
2823 4423 3081 4491 junctus;
3136 4441 3241 4494 quo
3271 4429 3434 4481 etiam
3485 4441 3514 4482 a

259 4531 475 4576 tomum
531 4518 764 4586 primum
824 4514 974 4571 Maii.
1031 4515 1204 4581 Adde,
1267 4516 1464 4583 templo
1507 4531 1538 4568 a
1592 4515 1908 4581 liilelibusc
1946 4507 2153 4570 Xerxe,
2218 4509 2416 4564 bellum
2467 4511 2671 4566 Graecis
2725 4512 3014 4578 inferente,
3048 4515 3177 4570 olim
3232 4516 3516 4584 perfosso;

256 4621 478 4668 structo
514 4608 862 4674 honoratum,
892 4622 1075 4662 annue
1107 4607 1246 4662 l'esto
1275 4622 1335 4662 ac
1368 4606 1547 4676 populi
1571 4621 1836 4660 concursu

256 4699 624 4764 celebratum,
657 4714 754 4754 nec
780 4714 885 4753 non
924 4699 1200 4753 miraculis
1263 4698 1316 4751 in
1369 4698 1476 4750 vita
1523 4706 1687 4767 atque
1720 4705 1839 4766 post

258 4804 500 4848 mortem
529 4791 732 4844 clarum
765 4789 939 4845 fuisse
970 4789 1186 4844 Petrum
1212 4829 1228 4855 ,
1258 4789 1334 4844 uti
1357 4798 1578 4844 constat
1616 4805 1683 4844 ex
1713 4789 1838 4844 Vita

260 4899 418 4935 unm.
460 4880 550 4935 49.

333 4971 392 5023 2.
429 4968 588 5023 Hisce
617 4969 870 5039 permoti,
901 4968 1259 5038 proponimus
1300 4977 1353 5024 et
1373 4983 1470 5024 nos
1493 4966 1594 5024 hoc
1615 4969 1733 5038 ipso
1753 4968 1840 5024 die

262 5063 512 5127 Petrum,
560 5072 617 5116 et
656 5061 873 5131 quidem
905 5049 1200 5130 .Onuphrio
1224 5060 1496 5131 (quamvis
1542 5059 1636 5114 illo
1673 5059 1840 5113 multo

261 5156 457 5224 junior
484 5169 602 5208 esse
623 5153 836 5222 debeat)
863 5153 1107 5222 proxime
1129 5153 1476 5222 conjunctum
1516 5167 1532 5207 :
1557 5150 1682 5219 quia
1707 5152 1836 5205 dum

265 5246 407 5300 nihil
440 5246 574 5300 certi
623 5247 688 5300 de
721 5254 968 5313 tempore
995 5258 1102 5313 quo
1129 5243 1349 5308 vixerit,
1388 5241 1544 5298 nobis
1579 5251 1836 5298 constat:

264 5337 359 5390 cui
390 5336 572 5406 potius
630 5351 752 5390 eum
807 5334 1226 5404 conjungamus,
1253 5349 1415 5406 quam
1461 5333 1548 5388 cui
1595 5333 1842 5389 instituto

265 5425 397 5479 vitae
430 5439 690 5495 perquam
713 5423 930 5488 similis,
972 5437 1036 5476 ac
1095 5435 1378 5492 propterea
1409 5423 1509 5480 abs
1557 5426 1841 5482 ritualibus

264 5515 429 5570 libris
468 5515 794 5585 conjunctus
841 5514 1031 5579 etiam,
1071 5524 1129 5568 ut
1170 5514 1424 5581 vidi—mus,
1457 5515 1594 5570 fuit?
1631 5517 1706 5573 Ex
1738 5518 1842 5573 hac

260 5616 454 5661 tamen
507 5607 864 5663 similitudine
907 5607 1030 5660 vita:
1051 5615 1104 5660 et
1155 5607 1538 5678 conjunctione
1579 5610 1840 5666 Actorum

268 5699 478 5753 nemini
507 5699 749 5770 suspicio
788 5699 946 5766 debet
986 5699 1142 5764 oriri,
1171 5701 1326 5767 quasi
1369 5717 1471 5770 par
1499 5701 1664 5757 etiam
1705 5701 1841 5758 ﬁdes

270 5791 558 5862 utriusque
589 5792 736 5848 Actis
763 5792 1062 5848 adhibenda
1098 5792 1186 5850 sit.
1230 5793 1366 5851 Nam
1401 5807 1713 5864 argumenta
1743 5811 1839 5850 cur

1946 4600 2236 4668 veliﬁcatus
2281 4602 2464 4667 Athos,
2514 4605 2589 4656 uti
2631 4606 2776 4658 canit
2816 4607 3134 4667 Iuvenalis.
3177 4618 3232 4662 et
3262 4626 3419 4666 tuens
3451 4628 3513 4665 ex

1945 4694 2253 4761 peninsula,
2299 4694 2475 4748 insula
2511 4697 2776 4764 tantisper
2810 4699 2985 4752 factus
3020 4699 3142 4753 fuit.
3186 4701 3521 4758 Describitur

1947 4786 2088 4840 idem
2145 4787 2316 4840 Athos
2369 4787 2421 4838 in
2467 4785 2685 4841 Menaeis
2715 4787 2803 4843 die
2833 4789 2868 4842 5
2910 4787 3060 4855 Julii,
3097 4792 3186 4844 ubi
3218 4793 3284 4847 de
3323 4806 3518 4849 sancto

1947 4875 2265 4940 Athanasio,
2293 4877 2458 4946 ’ορος
2481 4876 2684 4945 ὑψηλόν
2709 4893 2770 4929 τε
2797 4878 2890 4930 καὶ
2922 4879 3217 4949 ἐπίμηκες,
3250 4884 3344 4936 ἐπὶ
3377 4886 3522 4938 πολὺ·

1946 4966 2046 5034 τῆς
2079 4966 2351 5036 Θαλάσσης
2380 4966 2590 5037 διῆκον,
2613 4968 2690 5033 ὼς
2714 4968 2889 5038 αὐχήν
2909 4986 2993 5033 τις
3017 4971 3336 5037 ὑπόστενος.
3356 4974 3530 5030 Mons-

1949 5058 2090 5113 altus
2121 5071 2169 5112 et
2203 5060 2558 5130 prmgrandis,
2593 5060 2750 5130 longe
2787 5064 2965 5131 spatio
2999 5062 3052 5117 in
3092 5081 3240 5120 mane
3269 5082 3524 5135 θείνοντε-ο

1948 5162 2086 5214 ctus,
2139 5152 2301 5206 ueluti
2342 5160 2628 5221 angustum
2666 5150 2887 5218 collum,
2939 5169 3050 5224 qua
3087 5167 3244 5224 parte
3300 5158 3518 5212 scilicet

1948 5244 2249 5302 continenti
2287 5244 2669 5301 committitur.

2018 5336 2074 5391 4.
2114 5335 2192 5390 De
2231 5336 2422 5391 eodem
2479 5345 2663 5392 monte
2722 5337 3103 5408 religiosisque
3147 5338 3268 5407 ejus
3317 5338 3521 5395 incolis-

1952 5429 2116 5484 multa
2143 5427 2488 5483 laudabiliter
2515 5437 2778 5483 memorat
2815 5430 2914 5484 sub
2949 5428 3164 5484 initium
3189 5430 3368 5483 saeculi
3411 5445 3521 5484 xm

1948 5520 2293 5577 Innocentius
2323 5517 2388 5574 ill
2424 5534 2581 5589 papa,
2609 5519 2853 5576 scribens
2897 5519 2965 5573 ad
3011 5517 3521 5576 Saucti'Athanasi'r

1950 5612 2129 5688 (cujus
2151 5611 2385 5666 nominis
2423 5611 2746 5681 prtecipuum
2801 5610 2913 5666 illic
2962 5611 3353 5666 monasterium
3405 5617 3522 5680 est)

1949 5713 2284 5773 exterasque
2310 5702 2531 5756 abbates
2563 5712 2616 5754 et
2647 5701 2939 5756 monachos
2969 5699 3165 5756 Montis
3193 5705 3366 5758 sancti
3399 5699 3521 5760 sive-

1953 5799 2100 5862 Athi,
2147 5810 2346 5867 eosque
2386 5794 2487 5850 sub
2535 5792 2678 5848 beati
2722 5790 2866 5848 Petri
2924 5801 2978 5851 et
3031 5807 3129 5850 sua
3177 5797 3551 5876 protect-ioue.
