3962 6208
417 339 517 417 ssi

1680 334 2064 395 GBEGORII
2108 332 2431 395 PALAM/E

3549 328 3662 392 99?.

405 455 706 522 suscipiens
754 467 819 507 ac
877 450 1155 522 privilegia
1197 449 1554 503 confirmans.
1596 447 1687 500 Sic
1727 446 1869 499 enim
1900 448 1971 499 alt
2007 453 2047 505 Α
2083 447 2301 500 nomine
2335 445 2634 499 Turcarnm
2679 451 2910 513 tyranno
2955 437 3247 509 quotannis
3273 436 3584 490 ex-vinetts
3610 447 3666 489 et

408 547 633 617 epistola
687 544 789 598 168
840 543 963 597 libri
1018 558 1106 596 xvi
1150 558 1164 594 ε
1207 559 1223 588 ι
1259 540 1553 592 dielatioue
1607 537 1899 590 illustrium
1924 545 1978 588 et

407 653 726 706 magnorum
768 636 1005 688 virorum
1033 643 1218 689 nostro
1262 641 1345 688 est
1367 629 1696 698 apostolatui
1727 627 1975 680 declara-

411 741 546 793 tum,
575 727 720 796 quod
754 726 841 780 ille
871 725 963 794 qui
999 734 1082 778 est
1126 737 1283 777 mons
1328 722 1522 774 domus
1567 717 1804 780 Domini,
1836 730 1978 785 pra:-

409 827 628 886 paratus
668 817 719 869 iu
762 815 968 868 vertice
1012 807 1314 872 montium,
1340 822 1396 864 ttt
1440 810 1507 862 ad
1552 823 1673 863 eum
1705 804 1980 862 confluant

407 922 596 961 omnes
652 914 862 973 gentes,
904 905 1138 958 Sanctus
1189 901 1443 956 videlicet
1498 909 1835 960 sanctorum,
1886 893 1977 964 qui

409 997 666 1053 Ecclesiae
712 995 1063 1049 fundamenta
1105 994 1160 1046 in
1189 992 1395 1047 sanctis
1437 988 1714 1043 montibus
1745 986 1980 1041 colloca-

405 1090 513 1153 vit;
555 1096 789 1141 montem
821 1096 1084 1150 vestrum,
1123 1098 1286 1152 super
1328 1096 1478 1135 mare
1515 1080 1700 1144 situm,
1727 1079 1791 1132 ad
1825 1076 1980 1130 inha-

405 1176 688 1231 bitandum
718 1179 831 1232 suis
881 1177 1129 1231 fidelibus
1151 1173 1449 1244 praeelegit,
1482 1172 1573 1241 qui
1609 1171 1861 1227 effectum
1891 1169 1976 1222 sui

407 1271 646 1324 nominis
668 1270 980 1322 etnmninis
1015 1269 1066 1321 in
1095 1282 1154 1322 se
1179 1265 1411 1330 habens,
1449 1265 1575 1318 licet
1605 1263 1791 1317 aridus
1821 1261 1894 1315 sit
1924 1268 1980 1314 et

406 1379 586 1428 asper,
638 1370 690 1416 et
750 1361 1044 1415 fertilitatis
1079 1361 1252 1429 gratia
1281 1359 1596 1422 destitutus,
1653 1363 1736 1408 est
1797 1364 1976 1407 tamen

408 1452 550 1504 inter
599 1452 734 1504 alios
789 1451 973 1506 tnundi
1039 1459 1249 1504 montes
1310 1449 1546 1503 maxima
1609 1444 1977 1516 spiritualium

407 1539 650 1594 ubertate
681 1541 999 1594 mirabiliter
1035 1539 1373 1593 fecundatus.
1405 1537 1537 1590 Nam
1569 1551 1690 1590 cum
1726 1533 1980 1588 trecentis

409 1633 754 1687 meuasteriis
787 1641 840 1686 et
873 1632 1102 1701 gloriosa
1161 1623 1536 1698 religiosorum
1571 1630 1811 1681 virorum
1839 1626 1980 1680 mul-

408 1725 660 1789 titudine,
719 1734 925 1778 arctam
983 1735 1036 1779 et
1083 1739 1375 1793 pauperem
1435 1724 1600 1776 vitam
1640 1719 1976 1780 ducentium,

405 1817 733 1882 decoratur;
780 1827 928 1872 tanta
970 1833 1145 1885 uSque
1181 1819 1341 1872 modo
1373 1815 1614 1870 refloruit
1657 1811 1978 1868 excellentia

409 1912 734 1974 honestatis,
763 1921 909 1964 tanta
941 1911 1213 1981 religionis
1239 1911 1451 1965 eximia:
1478 1909 1723 1963 claritate
1749 1904 1979 1970 refulsit,

407 2011 468 2056 ut
499 2003 564 2055 de
593 2004 710 2071 ipso
736 2018 859 2055 cum
889 2001 1056 2056 Jacob
1108 2011 1252 2057 recte
1288 2001 1456 2070 possit
1510 2001 1630 2068 quis
1672 1999 1855 2051 dicere
1889 1994 1983 2050 ad-

407 2092 658 2146 mirando
682 2131 696 2146 .
733 2090 878 2147 Vere
905 2101 1128 2148 sanctus
1162 2102 1245 2147 est
1275 2091 1378 2145 iste
1405 2090 1576 2153 locus,
1604 2087 1728 2158 quia
1775 2087 1860 2140 hic
1889 2098 1980 2142 est

408 2185 602 2240 domus
638 2186 749 2247 Dei,
785 2195 838 2237 et
877 2184 1121 2252 quaedam
1166 2180 1564 2252 quodammodo
1605 2187 1759 2250 porta
1817 2175 1977 2239 cmli;

413 2279 502 2331 ubi
539 2277 830 2332 multitudo
864 2276 1108 2332 caelestis
1139 2276 1435 2337 exercitus,
1459 2283 1714 2340 tanquam
1772 2277 1983 2323 castro-

413 2386 531 2422 rum
587 2369 732 2425 acies
789 2369 1037 2424 ordinata
1062 2377 1116 2421 et
1148 2379 1334 2437 parata
1370 2347 1633 2419 suscitare
1663 2361 1982 2422 Leviathan,

407 2463 700 2518 victoriose
751 2471 954 2533 pugnat
1003 2460 1201 2529 iugiter
1266 2473 1388 2512 cum
1443 2459 1701 2518 dracone,
1747 2451 1984 2523 psallens

411 2553 642 2609 Domino
688 2555 985 2623 sapienter.
1021 2551 1250 2620 Propter
1287 2549 1433 2618 quod
1464 2548 1579 2617 jam
1617 2546 1816 2600 dudum
1840 2544 1982 2599 fama

410 2647 572 2702 vestri
615 2646 871 2709 nominis,
901 2659 1022 2714 quze
1047 2645 1224 2698 fuerat
1267 2643 1438 2697 ell'usa
1472 2642 1613 2695 sicut
1647 2641 1825 2692 oleum
1883 2637 1986 2692 cir-

411 2753 777 2808 cumquaque,
805 2737 1004 2792 multos
1044 2737 1270 2806 pepulos
1300 2735 1366 2789 ad
1401 2751 1461 2789 se
1497 2733 1722 2788 traxerit
1757 2732 1812 2785 in
1845 2732 1985 2785 odo-

412 2843 529 2883 rem
570 2839 968 2900 unguentorum
998 2838 1323 2889 vestrorum,
1355 2826 1500 2894 ipsos
1527 2837 1748 2878 currere
1782 2818 1984 2875 faciens

414 2939 444 2975 a
475 2921 740 2984 remotis;
809 2919 1175 2974 Ecclesiarum
1230 2916 1438 2985 praelati
1509 2923 1560 2968 et
1629 2916 1985 2983 imperatores

415 3012 1004 3080 Constantinopolitani
1037 3010 1324 3078 pluresque
1355 3007 1630 3078 principes
1665 3005 1980 3070 saeculares,

413 3122 514 3178 per
541 3104 819 3174 privilegia
851 3118 950 3156 sua
983 3101 1172 3165 multa,
1202 3100 1330 3155 olim
1354 3097 1799 3152 tanuelibertatis
1815 3110 1985 3166 praee—

2088 536 2300 591 olivetis
2328 535 2442 590 suis
2482 533 2722 603 pendunt
2772 547 2824 586 vr
2873 531 3035 584 millia
3077 528 3359 582 obolorum
3395 526 3663 582 Turcico-

2077 644 2220 684 rum.
2252 627 2403 680 Mons
2431 629 2475 680 is
2494 642 2521 680 a
2549 622 2872 680 Christianis
2898 623 3084 690 Ἀγιον
3103 621 3244 689 ὅρος.
3277 621 3378 673 hoc
3401 627 3485 673 est
3506 617 3662 671 Mons

2079 729 2302 775 sanctus
2324 719 2544 778 dicitur,
2573 734 2601 771 a
2629 715 2855 769 Rutenis
2887 712 3087 767 Suvata
3119 707 3351 782 [Sviata]
3383 711 3541 763 hora.
3578 728 3600 760 ι

2150 808 2206 862 6.
2237 807 2558 861 Praedictum
2587 821 2783 860 nomen
2817 805 3011 871 ’Ἀγιον
3041 802 3167 873 ὅρος
3193 801 3261 854 ab
3296 800 3385 854 illo
3414 802 3659 854 virorum

2078 901 2454 970 religiosorum
2485 909 2628 954 ccetu
2657 910 2707 952 et
2733 898 2936 951 sanctis
2957 894 3443 950 exercitationibus
3477 894 3666 947 adhin-

2080 997 2219 1048 sisse
2244 991 2383 1045 Atho
2427 999 2582 1058 putat
2629 989 2936 1052 Bellonins;
2980 1002 3102 1041 cum
3144 987 3324 1054 potius
3374 983 3661 1039 sanctitati

2080 1083 2226 1140 Petri
2273 1082 2656 1138 ascribeudum
2679 1123 2692 1144 ,
2730 1083 2794 1135 ab
2823 1082 3048 1150 ipsaque
3079 1077 3309 1142 Deipara
3341 1077 3388 1130 ei
3419 1077 3658 1130 inditum

2079 1179 2173 1243 sit,
2204 1179 2279 1231 uti
2317 1194 2466 1230 num.
2499 1177 2556 1228 ll
2605 1176 2656 1227 in
2695 1172 2818 1226 Vita
2856 1173 3072 1240 legitur.
3109 1170 3336 1235 Quando
3365 1178 3545 1222 autem
3571 1169 3660 1222 sic

2082 1268 2307 1338 coeperit
2338 1265 2599 1336 appellari
2647 1273 2760 1317 tum
2787 1272 3042 1317 constare
3064 1261 3282 1330 poterit,
3321 1258 3543 1329 quando
3587 1259 3662 1314 de

2081 1371 2345 1430 tempore,
2379 1373 2485 1430 quo
2509 1371 2804 1412 conversus
2841 1365 2923 1409 est
2962 1354 3177 1418 Petrus,
3209 1351 3502 1407 constabit.
3527 1351 3662 1405 Flo-

2085 1455 2191 1508 ruit
2220 1455 2273 1506 in
2305 1468 2373 1506 eo
2404 1461 2610 1512 monte,
2662 1458 2858 1518 praeter
2906 1449 3126 1503 Petrum
3182 1455 3448 1508 nostrum,
3494 1451 3662 1498 notus

2083 1546 2240 1600 nobis
2273 1527 2632 1599 sanctimonia
2665 1542 2792 1598 vita!
2825 1540 3160 1594 Athanasius
3189 1537 3431 1607 quidam,
3475 1537 3661 1606 patria

2082 1633 2972 1707 Trapezuntius,Constantinopoli
2996 1631 3191 1687 litteris
3206 1631 3372 1700 probe
3389 1629 3663 1696 eruditus,

2085 1732 2286 1785 montis
2315 1729 2556 1800 Cymime
2589 1728 2641 1782 in
2693 1726 2822 1781 Asia
2870 1727 3131 1795 primum,
3168 1724 3360 1778 deinde
3410 1721 3537 1776 Albi
3600 1722 3662 1774 in

2011 1845 2054 1902 Β
2086 1821 2392 1877 Macedonia
2430 1835 2585 1875 sacer
2618 1827 2864 1874 ascetes:
2892 1818 2985 1888 qui
3021 1819 3076 1871 in
3101 1817 3259 1881 huius
3297 1816 3557 1870 interiora
3587 1828 3663 1869 ex

2085 1913 2263 1964 divina
2314 1912 2640 1966 revelatione
2687 1909 2904 1964 tandem
2960 1909 3206 1975 secessit,
3268 1926 3288 1959 ‹
3325 1906 3662 1976 ibidemque,

2087 2012 2305 2073 rogatus
2333 2019 2358 2055 a
2396 2001 2702 2071 Nicephoro
2733 2000 2936 2064 Phoca,
2961 2000 3163 2054 militia:
3187 1999 3386 2068 pariter
3414 2014 3476 2053 ac
3506 1998 3660 2052 domi

2085 2097 2139 2152 in
2196 2096 2400 2165 palatio
2445 2095 2794 2164 imperatoris
2823 2094 2993 2154 claro,
3049 2093 3260 2163 ipsique
3309 2102 3498 2147 saneto
3541 2091 3660 2157 jam

2085 2197 2208 2243 ante
2223 2186 2564 2242 familiariter
2583 2193 2710 2240 noto
2732 2194 2787 2241 et
2817 2185 3071 2240 amicitia:
3104 2183 3316 2238 vinculo
3342 2183 3656 2248 coniuncto,

2085 2280 2180 2335 Dei
2210 2279 2366 2334 Matri
2399 2279 2743 2349 magnilicum
2775 2294 2906 2333 sane
2944 2278 3198 2346 templum
3231 2277 3508 2340 condidit,
3542 2275 3663 2332 cel-

2085 2374 2272 2440 lasque
2301 2371 2559 2440 plurimas
2593 2378 2647 2423 et
2679 2370 2946 2424 maximas
2977 2369 3044 2422 ad
3087 2383 3239 2423 usum
3270 2384 3334 2422 ac
3368 2367 3642 2422 habitatio

2087 2477 2206 2517 nem
2232 2462 2457 2515 fratrum
2522 2476 2551 2515 a
2601 2460 2970 2515 fundamentis
3018 2460 3296 2526 excitavit,
3349 2469 3402 2514 et
3446 2459 3662 2513 lauram

2086 2555 2316 2622 denique
2364 2552 2653 2608 multorum
2686 2567 2941 2622 capacem
2995 2552 3236 2614 molitus.
3281 2552 3531 2623 migravit
3587 2552 3661 2605 ad

2084 2643 2394 2712 Dominum,
2435 2663 2454 2697 ι
2494 2647 2568 2702 uti
2603 2645 2804 2701 Menaea
2839 2644 3132 2714 loquuntur
3162 2643 3227 2697 ad
3268 2642 3410 2696 diem
3441 2642 3474 2695 5
3499 2640 3660 2696 Julii.

2154 2737 2210 2792 7.
2248 2737 2516 2792 Conltcies
2557 2751 2718 2807 porro
2749 2752 2814 2792 ex
2854 2745 3013 2791 actate
3058 2734 3348 2804 Nicephori
3387 2735 3660 2804 praedicti,

2085 2842 2227 2884 anno
2251 2828 2357 2884 965
2396 2828 2682 2898 imperium
2725 2844 2883 2884 suum
2923 2828 3060 2893 orsi,
3095 2828 3456 2882 Athanasium
3489 2829 3660 2882 istam

2085 2920 2188 2975 sub
2217 2936 2415 2974 annum
2432 2920 2537 2975 950
2569 2919 2815 2975 floruisse
2839 2920 2892 2973 in
2927 2929 3107 2974 monte
3133 2919 3305 2986 Atho;
3331 2929 3492 2986 atque
3517 2919 3662 2975 adeo

2082 3011 2192 3082 jam
2233 3022 2390 3067 antea
2449 3013 2647 3067 ibidem
2680 3012 2814 3067 alios
2843 3012 3006 3066 vitam
3053 3011 3273 3067 duxisse
3329 3012 3657 3077 solitariam,

2087 3121 2210 3161 cum
2233 3115 2287 3161 et
2325 3106 2440 3174 ipse
2473 3104 2678 3175 legatur
2716 3105 2768 3159 in
2807 3103 3025 3160 Menaeis
3060 3104 3178 3160 loco
3209 3105 3375 3160 citato
3400 3145 3415 3168 ,
3450 3105 3659 3158 seniori

415 3196 678 3250 mittentia
706 3208 802 3246 νοῦ
831 3192 1104 3252 (imarum.
1147 3201 1205 3242 ιη
1232 3198 1354 3257 P0Sl
1383 3188 1572 3252 Deum.
1603 3187 1690 3242 cui
1732 3187 1984 3239 νοιθυθῐη
2008 3171 2055 3234 C
2086 3200 2440 3255 Anacboretae
2483 3171 2594 3254 lllic
2616 3213 2674 3254 se
2719 3199 3039 3268 discipulum
3091 3198 3400 3253 tradidisse.
3472 3197 3664 3252 Potest

414 3304 512 3342 vos
557 3287 729 3341 libere
777 3283 1048 3344 famulari,
1079 3281 1277 3336 nullius
1327 3295 1565 3348 unquam
1595 3278 1792 3334 essetis
1822 3277 1988 3346 juris-

413 3377 642 3432 dictioni
675 3375 926 3442 subjecti.
974 3393 991 3425 ι
1019 3372 1099 3427 lta
1130 3371 1392 3442 pontifex,
1432 3371 1536 3425 alia
1575 3370 1772 3426 deinde
1800 3383 1987 3438 prose-

412 3487 585 3542 quens
619 3473 685 3527 de
714 3470 950 3524 violento
976 3469 1247 3537 praedone,
1270 3465 1374 3534 ζῳιί
1408 3465 1804 3518 monachorum
1833 3465 1988 3533 quie-

417 3573 526 3618 tem
554 3561 809 3626 turbavit,
831 3559 1087 3627 expilavit
1109 3557 1393 3620 ecclesias,
1411 3556 1671 3624 quosdam
1694 3543 1988 3612 crudeliter

413 3657 576 3709 etiam
597 3653 871 3709 interemit
892 3669 908 3718 ;
928 3667 1031 3708 nec
1061 3666 1168 3706 non
1193 3651 1501 3719 suscipiens
1527 3659 1638 3703 tum
1669 3651 1985 3717 monachos,

423 3758 534 3802 tum
565 3755 802 3799 montem
853 3747 1031 3816 ipsum
1071 3745 1172 3800 sub
1203 3758 1300 3800 sua
1331 3753 1385 3800 et
1435 3743 1614 3799 sancti
1655 3743 1799 3798 Petri
1856 3757 1984 3812 pro-

423 3841 678 3894 lectione.

492 3934 546 3988 5.
578 3934 694 3986 Alia
753 3931 984 3987 subinde
1039 3931 1244 3988 montis
1300 3929 1470 3985 facies
1519 3929 1730 3983 exstitit
1785 3929 1988 3984 secutis

417 4025 788 4093 temporibus,
841 4024 1300 4078 monasteriorum
1351 4022 1649 4092 prtesertim
1717 4035 1985 4088 numero,

420 4119 559 4170 forte
617 4115 670 4168 in
719 4113 1033 4168 schismatis
1081 4127 1331 4182 paruam,
1378 4111 1774 4168 incredibiliter
1805 4111 1987 4167 immi-

418 4217 574 4266 nuto.
624 4207 754 4261 Nam
781 4208 873 4276 qui
894 4206 1094 4260 saeculo
1120 4206 1385 4274 superiori
1422 4215 1661 4260 montem
1697 4208 1988 4274 perambu-

419 4301 572 4362 lavit,
601 4308 856 4352 accurate
878 4296 1114 4350 lustrans
1159 4295 1340 4349 omnia
1373 4294 1727 4364 pluribusque
1775 4295 1986 4350 descri-

417 4390 548 4445 hens
603 4389 790 4442 Petrus
840 4385 1136 4450 Bellonius,
1186 4385 1263 4438 ait
1318 4384 1454 4438 libro
1490 4400 1590 4439 suo
1638 4382 1681 4449 l,
1729 4398 1850 4454 cap.
1895 4385 1985 4450 10,

419 4481 581 4534 trium
614 4478 820 4532 dierum
863 4476 1058 4529 itinere
1084 4473 1138 4527 in
1177 4473 1591 4542 longitudinem,
1621 4473 1828 4528 dimidii
1859 4489 1986 4529 vero

418 4574 471 4627 in
518 4569 858 4623 latitudinem
921 4575 1144 4634 patere:
1176 4580 1205 4618 a
1257 4565 1386 4620 solis
1439 4565 1716 4634 Calogeris
1746 4563 1892 4635 (sunt
1950 4566 1985 4621 ii

417 4659 670 4719 monachi
702 4657 926 4714 caelibes
955 4660 1096 4726 apud
1148 4655 1390 4726 Graecos)
1422 4656 1714 4712 inhabitari
1741 4671 1756 4710 :
1794 4657 1986 4728 viginti

421 4754 522 4808 tria
555 4751 636 4808 vel
656 4763 888 4821 quatuor
915 4765 1020 4804 non
1047 4748 1277 4818 amplius
1303 4749 1986 4817 monasteria,variislocis

418 4845 548 4908 sita,
573 4846 871 4898 numerari.
903 4840 1228 4897 Monasteria
1257 4841 1372 4911 ipsa
1405 4841 1606 4897 habere
1636 4843 1691 4897 in
1717 4843 1986 4911 adjunctis

418 4938 518 4992 sibi
554 4938 762 5005 templis
788 4949 972 4989 sacras
1002 4934 1282 5004 reliquias,
1311 4935 1378 4987 ad
1422 4949 1623 5003 easque
1646 4933 1985 5005 frequentem

417 5029 534 5083 ﬁeri
565 5025 1148 5095 concursum.Templa
1181 5040 1395 5095 quoque
1425 5027 1542 5095 ipsa
1561 5028 1775 5096 egregie
1796 5037 1986 5083 ornata

415 5129 471 5174 et
498 5127 775 5173 exstructa
816 5131 976 5184 esse,
1027 5126 1188 5188 atque
1237 5116 1366 5170 inibi
1413 5117 1701 5186 Calogeros
1756 5118 1985 5187 singulis

415 5212 487 5266 die
507 5212 605 5266 bus
639 5210 884 5279 liturgias
917 5223 1135 5272 canere,
1167 5209 1349 5262 omnia
1373 5207 1564 5262 Graeco
1590 5223 1840 5264 sermone
1865 5225 1990 5278 pro-

415 5301 676 5356 ferentes.
729 5298 833 5353 Sed
893 5299 959 5352 de
991 5298 1290 5366 Calogeris,
1317 5297 1407 5364 qui
1447 5297 1557 5351 illic
1593 5298 1658 5350 ad
1692 5311 1789 5351 sex
1818 5297 1986 5353 millia

417 5393 676 5446 dicuntur
707 5389 926 5456 degere,
961 5388 1035 5440 uti
1073 5396 1128 5440 et
1172 5387 1238 5440 de
1278 5387 1398 5439 aliis
1434 5389 1536 5440 huc
1575 5387 2004 5454 pertinentibus

414 5482 617 5535 videsis
651 5479 951 5532 Bellunium
992 5478 1164 5546 ipsum
1187 5515 1203 5540 ,
1238 5487 1295 5531 et
1349 5489 1470 5546 qua)
1500 5477 1738 5534 Joannes
1769 5478 1985 5550 Langus

413 5574 484 5627 ad
517 5573 613 5627 lib.
639 5588 692 5626 xt
716 5571 1034 5640 Nicephori,
1062 5585 1178 5639 cap.
1213 5571 1302 5635 38,
1330 5571 1412 5627 sic
1442 5581 1593 5625 notat.
1624 5588 1639 5626 :
1681 5591 1700 5624 t
1737 5573 1908 5630 Hodie
1929 5576 1985 5630 in

418 5660 560 5714 Atho
613 5671 790 5714 monte
834 5661 908 5714 εἰ
957 5660 1184 5732 insignia
1231 5673 1356 5716 sunt
1393 5665 1719 5718 monasteria
1773 5665 1986 5720 Graeco-

393 5767 537 5835 't‘um
571 5754 957 5812 monachorum
979 5755 1188 5811 ordinis
1215 5756 1387 5812 sancti
1421 5755 1626 5823 Basilii,
1649 5772 1768 5828 quac
1799 5759 1984 5815 tributi

2090 3300 2270 3343 tamen
2324 3289 2392 3344 ab
2457 3289 2738 3346 Athanasil
2795 3290 3132 3359 temporibus
3182 3289 3453 3344 celebrior
3487 3288 3666 3344 factus

2086 3390 2143 3437 et
2169 3382 2338 3451 magis
2363 3382 2731 3451 frequentatus
2753 3382 2918 3436 fuisse
2947 3397 3102 3437 mons
3132 3381 3252 3448 iste,
3293 3391 3402 3436 tum
3437 3393 3663 3452 pr0pter

2087 3473 2428 3529 sanctitatem
2465 3474 2633 3543 ipsius
2668 3474 2986 3539 Athanasii,
3017 3485 3127 3528 tum
3161 3483 3379 3544 propter
3412 3474 3662 3529 auctori-

2089 3574 2252 3620 tatem
2281 3565 2594 3635 Nicepltori,
2628 3567 2726 3621 viri
2757 3567 3017 3636 opulenti,
3049 3568 3242 3622 deinde
3293 3567 3658 3638 imperatoris,

2093 3670 2203 3712 tum
2239 3658 2403 3712 etiam
2446 3668 2664 3728 propter
2701 3660 3092 3715 monasterium
3115 3668 3168 3714 et
3198 3659 3405 3714 lauram
3449 3659 3660 3712 utrius-

2090 3763 2195 3817 que
2251 3763 2354 3818 ope
2413 3759 2808 3806 constructam.
2861 3751 3032 3818 Quam
3101 3751 3307 3805 lauram
3370 3751 3414 3804 si
3468 3750 3663 3804 dixero

2089 3841 2386 3896 etiamnum
2419 3851 2652 3906 exstare,
2670 3841 3024 3911 eamdemque
3049 3856 3171 3897 esse
3193 3856 3355 3912 quam
3387 3840 3662 3896 Bellouius

2090 3929 2373 3993 describit,
2421 3929 2514 3985 lib.
2547 3947 2586 3995 ι,
2614 3946 2738 3998 cap.
2768 3932 2835 3986 57
2859 3972 2874 3997 ,
2907 3919 3160 3986 fortaSSis
3188 3933 3321 3999 erit,
3358 3931 3447 3999 qui
3483 3931 3668 3986 consi-

2089 4017 2293 4074 deratis
2321 4018 2544 4074 Bellouii
2570 4019 2747 4076 verbis
2773 4021 2901 4076 mihi
2938 4023 3284 4077 asseutiatur.
3322 4040 3340 4073 ι
3385 4020 3663 4075 Monaste-

2090 4108 2254 4174 rium,
2305 4111 2481 4179 inquit
2526 4111 2644 4177 ille,
2672 4111 2804 4178 Agia
2845 4110 3020 4165 Laura
3077 4121 3471 4180 nuncupatum,
3523 4112 3666 4166 inter

2089 4200 2294 4270 reliqua
2329 4202 2496 4257 totius
2529 4204 2726 4258 montis
2770 4205 3097 4259 monasteria
3127 4204 3282 4259 facile
3299 4205 3666 4273 principatum

2090 4292 2320 4359 obtinet,
2357 4301 2518 4362 atque
2549 4295 2617 4349 ad
2664 4295 2875 4350 radices
2901 4295 3192 4350 celsissimi
3219 4295 3336 4366 jugi
3368 4296 3539 4363 (quod
3567 4311 3666 4350 ve-

2090 4397 2185 4438 rus
2216 4398 2371 4439 mons
2398 4384 2570 4439 Athos
2599 4384 2703 4455 est)
2743 4385 2903 4440 situm
2943 4396 3049 4451 est,
3079 4401 3186 4454 qua
3217 4397 3366 4455 parte
3415 4385 3662 4439 Lemnon

2017 4501 2064 4558 ι)
2094 4487 2319 4544 spectat.
2344 4495 2362 4528 ι
2405 4475 2554 4531 Gerit
2577 4477 2722 4531 enim
2744 4479 3128 4532 monasterium
3164 4478 3285 4541 hoc,
3309 4477 3486 4530 solum
3522 4478 3666 4530 inter

2090 4568 2268 4623 omnia
2313 4585 2341 4623 a
2387 4568 2626 4624 Bellonio
2667 4579 3020 4632 enumerata,
3067 4584 3262 4623 nomen
3311 4567 3487 4622 Laura
3524 4585 3541 4623 :
3575 4567 3664 4620 cui

2089 4659 2331 4713 additum
2365 4660 2560 4714 deinde
2607 4669 2784 4728 potest
2813 4657 2980 4714 fuisse
3023 4659 3183 4727 Ἀγία
3214 4675 3310 4715 seu
3347 4669 3554 4722 sancta,
3580 4657 3667 4712 vel

2090 4763 2118 4802 a
2149 4748 2452 4803 luudatoris
2482 4750 2761 4803 Athanasii
2819 4749 3109 4804 sanctitate
3133 4791 3148 4814 ,
3179 4749 3259 4804 vel
3301 4764 3328 4800 a
3368 4750 3669 4801 sanctitate

2091 4841 2259 4909 ipsius
2300 4842 2638 4904 monasterii,
2672 4841 2814 4911 quod
2839 4850 2895 4896 et
2929 4841 3035 4896 situ
3079 4839 3394 4910 partieulari
3426 4853 3663 4892 tenera-

2090 4932 2253 4986 bilius
2303 4945 2386 4987 est
2413 4933 2552 4997 aliis,
2591 4943 2644 4986 et
2693 4933 2779 4987 cui
2827 4931 2931 4985 alia
2984 4932 3120 4986 forte
3168 4931 3348 4985 omnia
3393 4931 3667 4998 originem

2092 5039 2245 5079 suam
2275 5036 2440 5094 atque
2481 5025 2617 5080 adeo
2663 5027 2824 5079 etiam
2854 5025 3254 5078 venerationem
3292 5023 3544 5077 debeant.
3566 5022 3670 5076 Est

2091 5127 2351 5186 praeterea
2382 5118 2763 5172 monasterium
2803 5118 2922 5181 hoc,
2950 5117 3023 5170 uti
3047 5115 3177 5170 illud
3208 5115 3666 5179 Athanasiauum,

2092 5205 2144 5260 in
2174 5207 2370 5260 montis
2417 5217 2569 5275 parte
2609 5206 2855 5260 interiori
2908 5215 2964 5261 et
2993 5207 3164 5274 magis
3197 5205 3301 5257 alta
3331 5220 3490 5272 quam
3535 5205 3668 5257 reli-

2091 5313 2219 5368 qua,
2253 5298 2366 5354 fere
2407 5299 2457 5352 in
2491 5298 2762 5353 littoribus
2789 5297 2906 5351 sitat
2934 5307 3028 5350 aut
3057 5311 3244 5366 parum
3281 5295 3404 5349 inde
3432 5304 3666 5357 remota,

2094 5392 2168 5445 uti
2204 5400 2432 5444 testatur
2453 5388 2745 5444 Bellonius.

2163 5483 2215 5536 8.
2245 5481 2348 5536 Sed
2398 5486 2680 5537 redeamus
2727 5482 2793 5535 ad
2842 5480 3088 5543 Petrum,
3121 5479 3209 5547 qui
3253 5479 3475 5533 omnino
3509 5480 3668 5548 prior

2093 5574 2394 5630 Athanasio
2423 5575 2621 5629 Athum
2647 5576 2936 5630 incoluisse
2970 5565 3158 5630 debet.‘
3173 5573 3290 5640 Quo
3327 5573 3470 5628 enim
3500 5587 3666 5642 pacto

2097 5682 2194 5737 per
2239 5681 2412 5721 annos
2455 5667 2568 5722 fere
2609 5667 3020 5738 quinquaginta,
3071 5682 3205 5738 quos
3247 5666 3358 5721 illic
3413 5665 3670 5734 exegisse

2106 5759 2327 5824 dicitur,
2358 5759 2525 5815 latere
2560 5761 2803 5816 omnium
2833 5760 3052 5816 oumiuo
3083 5758 3266 5814 oculos
3293 5757 3578 5828 peruissct,
3610 5751 3668 5816 si
