3912 6188
235 279 338 343 903

1284 291 1465 351 VITA
1503 292 1563 353 S.
1606 294 1838 355 PETRI
1872 298 2299 359 ATiIONlTrE.

3299 256 3309 267 ’
3370 304 3478 369 sat

228 419 335 461 tam
374 407 626 477 frequens
657 408 1050 468 habitatoribus
1077 423 1201 470 tunc
1225 416 1414 473 fuisset
1436 426 1613 487 mons,
1640 423 1802 488 φησι.
1836 429 1879 482 Α
1913 434 2018 479 tam
2049 428 2099 479 in
2132 427 2317 480 Asiam
2346 426 2461 481 vela
2495 425 2759 492 facturos,
2790 447 2808 479 ι
2833 427 2907 481 uti
2930 436 3183 482 narratur
3214 432 3473 487 num.10.

224 514 348 555 esse
392 512 507 569 post
534 502 891 557 Athanasium
921 506 1123 575 coepit?
1154 508 1293 574 Quid
1323 511 1488 565 etiam
1530 513 1631 567 sibi
1660 512 1795 575 vult,

230 595 372 661 quod
401 595 608 661 primus
637 596 835 650 athleta
860 598 970 653 illic
1002 602 1207 669 degerit
1250 602 1441 658 Petrus
1465 646 1479 669 ,
1511 605 1585 656 uti
1613 605 1799 659 Prolo—

226 702 353 755 gus;
376 694 429 737 et
450 687 592 754 quod
625 686 851 756 Deipara
876 688 1050 743 locum
1077 692 1225 745 illum
1248 694 1410 748 Petro
1428 697 1793 761 constituerit,

228 790 285 832 ut
324 779 427 832 sibi
480 778 710 833 electum
760 794 857 847 pro
902 782 1154 838 instituto
1202 788 1519 853 monastico,
1554 790 1628 842 uti
1677 788 1797 844 Vita

224 870 341 938 ipsa
373 886 523 924 num.
552 871 611 923 il
658 872 886 925 narrat?
927 873 1069 929 Sane
1117 877 1306 932 isthaec
1349 890 1534 947 aperte
1575 880 1794 946 docent,

223 962 463 1031 priorem
497 964 797 1017 Athanasio
820 966 1018 1020 Athum
1050 967 1343 1025 incoluisse
1364 971 1581 1025 Petrum
1607 983 1795 1040 :atque

223 1052 435 1105 utinam
469 1062 678 1119 tempus
707 1068 923 1123 quoque
951 1056 1336 1113 intermedium
1367 1062 1659 1116 docerent!
1690 1062 1795 1117 Sed

224 1139 353 1192 illud
388 1141 513 1194 hinc
528 1143 852 1207 Sperandnm
881 1160 985 1199 non
1015 1149 1339 1213 est,uullum
1373 1151 1629 1207 indicium
1662 1167 1798 1221 prte-

224 1231 473 1286 bentihus
512 1233 693 1297 Actis,
761 1237 903 1290 umle
971 1238 1022 1291 in
1078 1241 1323 1295 notitiam
1394 1244 1617 1307 sreculi,
1689 1259 1795 1312 quo

224 1321 407 1376 ﬂoruit
459 1323 674 1388 Petrus,
713 1328 884 1381 veniri
915 1329 1104 1396 possit.
1165 1333 1278 1384 lmo
1330 1350 1427 1387 nec
1479 1336 1604 1388 sciri
1662 1336 1795 1389 satis

222 1425 399 1479 certo,
448 1419 686 1482 quandiu
726 1419 779 1471 in
818 1420 963 1473 Atho
1021 1422 1238 1485 vixerit,
1280 1439 1345 1478 ex
1389 1425 1540 1480 Actis
1590 1436 1792 1496 potest,

224 1506 387 1560 aliter
408 1517 570 1576 atque
590 1509 749 1563 aliter
770 1502 1010 1565 Subinde
1030 1512 1391 1580 loquentibus.
1426 1516 1553 1569 Nam
1584 1534 1731 1573 num.
1760 1521 1794 1574 ὅ

222 1600 506 1668 assignant
537 1604 857 1657 anaehoresi
883 1607 1003 1673 ejus
1043 1608 1097 1659 in
1138 1618 1321 1662 monte
1347 1624 1519 1662 annos
1557 1613 1792 1679 amplius

221 1694 640 1765 quinquaginta,
664 1696 752 1761 qui
780 1697 1011 1750 num.“
1029 1700 1391 1753 extenduntur
1410 1705 1476 1754 ad
1498 1719 1664 1756 annos
1683 1705 1788 1757 55:

1903 515 1973 570 Ut
2016 519 2299 570 commode
2327 518 2515 571 isthmc
2538 519 2698 572 verba
2726 520 3117 588 intelligantur,
3141 525 3475 588 separandos

1902 609 1988 661 hic
2013 617 2099 662 est
2136 619 2328 677 portus
2362 608 2429 661 ab
2455 609 2611 671 urbe,
2639 625 2703 663 ac
2742 614 2975 677 spatium
3006 611 3147 663 inter
3180 621 3470 681 utrumque

1902 699 2118 766 aliquod
2188 698 2527 767 interjectum
2573 700 2783 766 concipi
2837 700 3038 754 debet:
3090 702 3232 767 quod
3288 699 3473 755 Roma:

1898 805 2053 843 novae
2076 804 2171 844 seu
2192 790 2684 858 Constantinopoli,
2707 791 2794 845 tibi
2826 802 3015 857 portus
3051 806 3175 859 pars
3205 792 3351 845 urbis
3371 799 3472 857 est,

1899 881 2190 933 convenire
2213 895 2315 933 non
2342 888 2535 950 potest;
2560 890 2735 947 potest
2756 892 2932 935 autem
2961 880 3145 935 Romze
3170 883 3357 945 veteri,
3380 898 3472 934 cu-

1895 972 1986 1040 jus
2006 980 2191 1040 portus
2217 950 2496 1026 duodecim
2526 972 2639 1025 fere
2662 973 2809 1026 mille
2834 986 3030 1039 passus
3050 974 3117 1026 ab
3142 974 3272 1027 urbe
3294 987 3475 1025 semo-

1901 1072 1986 1117 tus
2019 1073 2120 1126 est,
2152 1050 2266 1117 sive
2300 1078 2395 1132 per
2430 1063 2581 1117 illum
2620 1063 2769 1119 Ostia
2805 1064 3083 1131 Tiberina,
3118 1065 3234 1119 sive
3280 1064 3475 1118 Portus

1899 1152 2162 1223 Augusti,
2194 1154 2357 1207 etiam
2392 1153 2663 1208 Romanus
2712 1154 3015 1224 appellatus
3042 1193 3074 1219 ,,
3111 1155 3460 1224 intelligatur.

1898 1247 2157 1307 Rursum,
2196 1248 2320 1300 hinc
2380 1247 2712 1301 solventibus
2739 1247 2789 1299 in
2816 1247 3026 1309 Asiam,
3061 1249 3166 1301 iter
3196 1264 3290 1314 per
3340 1250 3473 1301 Cre-

1901 1346 2009 1391 tam
2060 1339 2265 1390 institui
2327 1348 2477 1392 recta
2538 1347 2895 1404 potest;nou
2960 1341 3086 1391 item
3133 1339 3473 1392 solventibus

1896 1428 2390 1496 Constantinopoli.
2447 1430 2514 1479 ah
2551 1429 2674 1481 Asia
2719 1430 2833 1481 solo
2895 1428 3133 1496 Bosporo
3202 1428 3473 1483 Thracico

1897 1520 2184 1588 dirempta.
2226 1518 2470 1585 Denique
2499 1535 2649 1573 num.
2687 1519 2773 1582 15,
2808 1536 2931 1573 cum
2960 1520 3113 1574 navis
3144 1536 3362 1574 cursum
3390 1537 3476 1575 re-

1897 1612 2021 1666 licta
2056 1612 2216 1665 Creta
2244 1621 2669 1682 prosequeretur
2690 1654 2703 1676 ,
2735 1625 2904 1683 atque
2942 1630 3007 1666 ex
3046 1614 3338 1681 improviso
3370 1613 3473 1665 im-

1897 1703 2114 1756 mobilis
2177 1702 2547 1768 consisteret,
2598 1703 2825 1772 juhetur
2895 1705 3268 1757 sinistrorsum
3329 1701 3471 1757 ﬂecti

220 1795 277 1839 at
314 1800 467 1838 num.
509 1785 597 1846 56,
636 1787 794 1838 annis
832 1785 903 1840 46
934 1790 1194 1842 duntaxat
1249 1791 1299 1842 in
1346 1806 1531 1845 eremo
1582 1790 1805 1848 transa-'
1830 1764 1869 1816 Β
1900 1809 2088 1848 versus
2125 1794 2326 1847 Athnm
2365 1803 2624 1849 montem.
2659 1794 2753 1849 Est
2798 1806 2977 1849 autem
3008 1797 3184 1849 Athus
3210 1794 3380 1848 Roma
3420 1794 3475 1847 in

220 1874 345 1937 ctis,
378 1873 573 1928 dicitur
610 1875 863 1929 inventus
904 1877 1070 1931 fuisse
1118 1895 1146 1931 a
1200 1890 1475 1946 venatore,
1509 1884 1707 1950 vivus;
1740 1894 1795 1938 et

219 1976 368 2017 anno
421 1973 542 2033 post
599 1980 726 2027 uno,
767 1978 1034 2033 mortuus,
1076 1970 1155 2024 sic
1190 1978 1249 2023 ut
1290 1973 1358 2025 Π
1421 1972 1529 2025 illic
1581 1985 1791 2026 tantum

221 2056 544 2125 expleverit.
593 2057 790 2110 Verum
842 2075 963 2113 cum
1014 2062 1121 2143 dpo
1163 2064 1373 2130 priores
1423 2065 1629 2117 muneri
1688 2080 1791 2117 non

224 2147 366 2205 male
407 2148 548 2202 inter
578 2164 635 2205 se
665 2152 996 2204 coaeordent
1022 2190 1037 2215 ,
1068 2153 1258 2205 cedere
1300 2155 1406 2209 illis
1434 2157 1789 2221 posteriorem

221 2237 445 2290 unicum
482 2254 578 2307 par
606 2249 688 2293 est
719 2279 736 2304 ,
795 2240 1007 2309 dicique
1040 2242 1273 2307 debebit,
1322 2255 1414 2319 apt
1456 2260 1699 2300 errorem
1740 2247 1792 2300 in

221 2343 511 2382 numerum
536 2330 839 2398 irrepsisse,
867 2344 960 2386 aut
980 2334 1194 2401 longius
1215 2350 1375 2403 quam
1399 2338 1523 2389 anni
1559 2338 1788 2404 spatium

221 2419 391 2487 (quod
437 2431 617 2473 tamen
669 2423 800 2476 Acta
836 2425 1054 2493 negant)
1098 2425 1241 2478 inter
1278 2426 1484 2479 abitum
1524 2428 1795 2481 venatoris

220 2526 249 2563 e
274 2519 462 2565 monte
489 2526 553 2565 ac
581 2512 809 2566 reditum
830 2514 1123 2569 eilluxisse.
1142 2516 1331 2572 Posset
1359 2519 1608 2593 fortassis
1632 2520 1793 2573 etiam

221 2602 516 2665 sustineri,
574 2607 712 2671 quod
768 2605 1002 2662 Sanctus
1053 2622 1224 2664 annos
1302 2609 1371 2663 47
1437 2611 1796 2665 determinate

218 2695 422 2748 vixerit
463 2696 516 2748 in
576 2708 801 2752 monte:
856 2715 950 2753 sex
1006 2716 1154 2767 vero,
1187 2702 1278 2770 qui
1329 2704 1792 2771 superadduntur,

220 2786 602 2854 intelligendos
629 2803 851 2851 esse,ex
892 2801 1070 2846 mente
1101 2793 1258 2861 primi
1308 2791 1439 2847 Vita:
1484 2796 1792 2863 scriptoris,

224 2877 295 2929 de
322 2878 483 2933 annis
536 2878 641 2934 illis
680 2881 770 2947 qui
818 2883 885 2936 ab
933 2882 1088 2938 initio
1154 2886 1524 2941 conversionis
1580 2888 1631 2940 in
1692 2887 1795 2951 itu,

222 2982 379 3021 mora
421 2971 723 3055 .redituque
766 2972 1035 3037 Romano,
1072 2991 1245 3043 usque
1276 2977 1339 3030 ad
1380 2978 1595 3031 initium
1640 2980 1792 3031 habi-

1893 1887 2076 1938 Asiam
2140 1885 2523 1953 navigantibus
2557 1902 2585 1935 a
2635 1896 2789 1954 parte
2830 1887 3074 1950 sinistra,
3104 1900 3225 1939 cum
3288 1886 3477 1939 eodem

1894 1975 2279 2042 navigantibus
2312 1974 2781 2044 Constantinopoli
2804 1976 3116 2030 necessario
3138 1975 3480 2043 relinquatur

1895 2086 1923 2121 a
1956 2069 2164 2123 dextra.

1934 2154 1962 2226 §
2004 2156 2073 2210 Il.
2118 2155 2257 2212 Vita:
2294 2168 2503 2227 auctor,
2544 2161 2818 2219 inventor,
2856 2174 2987 2211 nova
3028 2157 3196 2211 versio
3237 2162 3439 2214 nostra.

1969 2254 2056 2307 li.
2094 2253 2171 2307 Ex
2212 2269 2276 2309 eo
2307 2255 2449 2323 quod
2478 2254 2708 2308 Romam
2762 2263 2998 2308 veterem
3065 2250 3341 2320 profectus
3399 2249 3474 2304 sit

1897 2344 2113 2409 Petrus,
2143 2332 2511 2411 uti'vidimus,
2548 2346 2729 2414 ibique
2761 2345 3003 2398 habitum
3034 2342 3305 2410 acceperit
3351 2356 3472 2395 mo-

1898 2439 2186 2503 nasticmn,
2219 2437 2363 2493 omni
2393 2437 2706 2492 schismatts
2734 2435 3066 2500 suspicione,
3092 2449 3253 2503 quam
3282 2433 3477 2500 aliquis

1896 2530 2140 2598 objicere
2194 2538 2397 2597 posset,
2451 2529 2750 2591 eximitur;
2821 2526 3033 2579 tametsi
3092 2524 3479 2578 schismaticus

1899 2630 2061 2689 atque
2088 2622 2372 2674 haereticus
2408 2620 2568 2673 fuerit
2622 2621 2686 2681 is,
2723 2620 2817 2690 qui
2854 2617 3031 2672 Vitam
3076 2634 3237 2684 quam
3265 2617 3479 2670 edimus

1897 2729 1991 2767 sua
2021 2712 2335 2781 paraphrasi
2364 2712 2594 2765 ornavit.
2629 2710 2725 2765 Est
2746 2722 2923 2765 autem
2968 2712 3013 2765 is
3050 2712 3341 2781 Gregorius
3372 2711 3477 2763 l’a-

1899 2802 2086 2865 lamas,
2120 2803 2561 2871 archiepiscopus
2594 2802 3121 2863 Thessalonicensis.
3173 2803 3472 2868 scriptione

1899 2911 2210 2966 sua,qnam
2262 2906 2451 2951 contra
2500 2896 2729 2950 Beccum
2789 2894 3155 2964 patriarcham
3216 2892 3321 2947 (ΣΡ.
3355 2893 3481 2961 Spi-

1902 2987 2061 3041 ritum
2095 2995 2344 3040 sauctum
2372 3003 2399 3039 a
2424 2985 2586 3040 Patre
2616 2996 2779 3054 atque
2798 2984 2934 3038 Filio
2955 2983 3115 3037 simul
3149 2986 3469 3049 procedere,

225 3064 450 3118 talionis
484 3076 769 3131 montanm,
799 3068 1099 3124 eiiiuxerint
1127 3089 1143 3138 ;
1174 3074 1252 3126 sic
1280 3082 1337 3126 ut
1364 3083 1534 3128 totum
1559 3074 1796 3131 melioris
1825 3079 1868 3136 C
1903 3094 2023 3134 cum
2086 3077 2293 3132 Latinis
2369 3077 2585 3132 fortiter
2652 3086 2928 3138 tuentem,
3004 3074 3290 3142 publicavit
3313 3116 3326 3133 .
3378 3089 3479 3128 sa:-

221 3158 352 3211 vita:
381 3160 611 3225 Spatium
646 3163 769 3214 anni
807 3163 875 3216 55
897 3168 1208 3219 numerandi
1234 3167 1363 3221 sint.

298 3250 352 3304 9.
394 3250 574 3305 Nihilo
603 3257 836 3311 certiora
870 3257 1025 3309 nobis
1061 3257 1125 3310 de
1152 3256 1300 3312 Petri
1333 3259 1454 3314 loco
1492 3261 1655 3315 natali
1685 3270 1795 3317 tra-

221 3344 365 3395 dunt
398 3343 558 3408 Acta,
590 3360 749 3413 quam
786 3349 851 3401 de
881 3348 1082 3400 saeculo
1106 3363 1211 3418 quo
1234 3348 1451 3405 vixerit.
1484 3350 1644 3407 Num.
1669 3351 1703 3406 6
1724 3352 1800 3407 le-

222 3437 380 3503 gitur
402 3437 693 3489 excitatum
726 3439 775 3492 iu
802 3441 973 3507 patria
1012 3440 1126 3507 ejus
1163 3442 1359 3495 bellum
1401 3441 1565 3497 fuisse
1611 3455 1797 3498 contra

219 3528 437 3583 Arabes
463 3548 477 3594 ;
505 3532 646 3599 quod
683 3532 880 3584 indicio
906 3534 1119 3601 quidem
1142 3550 1259 3589 esse
1290 3536 1548 3603 possit,in
1586 3536 1797 3590 illorum

220 3619 487 3673 confiniis
519 3632 703 3673 natum
746 3624 942 3676 alicubi
966 3623 1133 3679 fuisse
1166 3624 1417 3689 Petrum;
1441 3628 1532 3680 sed
1562 3626 1801 3696 quibus?

221 3713 738 3768 Oecidentalibusue
797 3730 862 3768 an
920 3718 1472 3785 septentriooalihus,
1516 3734 1582 3770 an
1635 3717 1804 3770 aliis?

194 3804 331 3859 ‘Est
380 3806 590 3859 Arabia:
619 3808 953 3862 contermina
987 3809 1268 3862 Pohesuna
1304 3827 1317 3861 :
1364 3821 1513 3877 parte
1546 3811 1627 3863 sui
1656 3825 1801 3862 eam-

224 3900 353 3949 dem
388 3897 603 3964 attingit
657 3896 809 3967 Syria
846 3915 858 3950 :
903 3899 1135 3951 Arabum
1178 3899 1515 3953 incursiones
1570 3899 1800 3951 subinde

224 3999 288 4041 ct
308 3990 435 4040 Asia
494 3989 675 4041 minor
706 3990 894 4043 sensit.
942 3990 1292 4057 SUSpiccmur
1323 3992 1483 4059 igitur
1519 4006 1581 4045 ex
1620 3993 1800 4059 aliqaa

227 4082 463 4134 istarum
503 4085 819 4151 regionum,
861 4098 923 4137 ac
979 4085 1245 4152 prtccipue
1283 4100 1345 4136 cx
1380 4085 1638 4138 alterutra
1669 4088 1803 4137 dua-

228 4188 357 4225 rum
410 4173 731 4240 primarum,
762 4175 1073 4228 oriundum
1123 4174 1288 4229 fuisse
1333 4174 1573 4245 Petrum,
1631 4178 1804 4231 donec

228 4264 456 4318 aliunde
512 4263 709 4317 clarior
766 4264 1000 4319 fortasse
1049 4266 1139 4320 lux
1205 4265 1459 4335 alfulgeat
1494 4266 1801 4334 aliquando.

229 4353 489 4409 Excilalo
523 4356 604 4424 (ut
635 4357 890 4427 diximus)
929 4356 1089 4421 bello,
1141 4358 1191 4410 in
1242 4374 1487 4426 campum
1521 4376 1639 4413 eum
1686 4360 1809 4414 aliis
1841 4386 1883 4440 Β
1916 4351 2085 4406 Roma
2123 4352 2448 4419 profectum,
2478 4353 2530 4405 in
2558 4352 2716 4406 Creta
2742 4351 2999 4404 miracula
3033 4361 3312 4419 operatum
3346 4366 3489 4418 esse,
3520 4426 3529 4435 ἱ
3602 4348 3615 4365 ’

231 4449 512 4517 processit
540 4446 754 4514 Petrus,
793 4459 1089 4517 captusque
1117 4451 1168 4502 in
1204 4452 1457 4504 Arabiam
1494 4451 1803 4516 abducitur,

228 4548 288 4593 et
315 4540 532 4594 carceri
566 4539 927 4607 mancipatur.
961 4538 1091 4594 Inde
1118 4555 1244 4594 vero
1275 4542 1529 4594 divinitus
1560 4553 1801 4608 ereptus,

230 4630 474 4683 Romam
536 4630 637 4683 iter
671 4630 935 4695 instituit;
985 4644 1214 4700 eamque
1256 4632 1545 4702 ingressus,
1599 4649 1626 4684 a
1672 4647 1807 4701 pon-

230 4725 389 4776 tifice
419 4725 772 4775 monasticum
804 4723 1041 4777 induitur
1090 4724 1326 4778 habitum
1364 4736 1417 4777 et
1464 4726 1690 4778 docetur
1727 4726 1809 4776 in-

226 4818 511 4867 stitutum.
592 4813 808 4868 Utinam
873 4815 959 4869 hic
1026 4823 1216 4869 auctor
1276 4816 1548 4883 pontificis
1611 4830 1807 4869 nomen

225 4907 633 4972 expressisset!
660 4905 902 4961 Certiora
940 4906 1066 4960 inde
1114 4906 1371 4974 temporis
1430 4906 1625 4957 indicia
1664 4906 1809 4959 nacti

229 4996 567 5064 fuissemus,
618 5014 680 5052 ac
716 4998 920 5054 certius
964 4997 1404 5052 distinxissetnus
1430 5034 1447 5057 ,
1514 4996 1812 5051 Romamne

231 5101 466 5147 novam,
501 5101 567 5139 an
611 5094 843 5141 veterem
878 5086 1152 5155 profectus
1191 5084 1354 5139 fuerit
1379 5084 1593 5139 Petrus.
1613 5083 1814 5149 Quant-

232 5180 327 5232 vis
386 5179 503 5232 sine
564 5180 655 5233 illo
699 5180 900 5234 indicio
954 5179 1125 5231 ausim
1158 5189 1426 5237 asserere,
1464 5176 1689 5229 Romam
1728 5176 1813 5228 hic

233 5268 647 5336 intelligendam
666 5285 785 5324 esse
822 5279 1080 5330 veterem,
1105 5269 1263 5337 idque
1288 5284 1349 5322 ex
1377 5269 1493 5336 ipso
1523 5267 1815 5336 navigatio-

231 5361 336 5414 nis
369 5375 529 5415 cursu
556 5364 801 5415 ostendo.

146 5430 157 5447 ]
318 5450 410 5504 10.
450 5450 583 5505 Nam
616 5453 700 5506 ubi
734 5452 907 5505 Roma
942 5452 1239 5506 discessum
1275 5450 1596 5512 medital’ttr,
1632 5447 1816 5517 inqui-

231 5543 455 5599 sitorus
494 5545 693 5608 locum,
730 5545 1006 5613 proposito
1031 5544 1134 5598 sibi
1155 5542 1399 5595 instituto
1418 5550 1814 5608 opportunum;

239 5653 265 5687 σ
310 5633 579 5711 Inciditin
610 5627 824 5703 nautas,
853 5637 960 5702 jam
982 5646 1201 5704 paratos
1245 5635 1530 5687 discedere
1562 5647 1628 5686 ex
1658 5633 1813 5695 urbe,

237 5743 357 5783 nec
387 5729 555 5780 multo
587 5740 707 5797 post
736 5743 765 5782 e
807 5739 961 5796 portu
994 5728 1286 5790 soluturos,
1337 5734 1499 5794 atque
1529 5739 1624 5792 per
1653 5723 1815 5821 .Cre-

1907 3171 2030 3226 culo
2061 3187 2149 3226 xiv
2179 3169 2459 3235 famosus;
2504 3183 2602 3223 nec
2631 3184 2733 3222 non
2781 3167 3039 3221 famosior
3072 3167 3183 3227 illa,
3219 3182 3319 3235 qua
3350 3182 3480 3221 cou-

1907 3263 2113 3318 futatus
2162 3264 2278 3332 ipse
2305 3248 2518 3331 'postea
2577 3261 2677 3314 iuit
2728 3276 2755 3311 a
2816 3258 3076 3313 cardinali
3136 3258 3479 3323 Bessarioue,

1906 3355 2061 3411 Becci
2094 3366 2254 3422 atque
2299 3354 2581 3409 catholica:
2612 3355 2869 3406 doctrina!
2897 3353 2963 3405 de
3016 3349 3252 3418 Spiritus
3304 3351 3482 3403 sancti

1908 3447 2257 3514 processione
2311 3447 2530 3515 egregio
2579 3443 2888 3497 defensore.
2944 3442 3245 3497 lncoluisse
3302 3455 3480 3495 autem

1907 3549 1962 3592 ct
1992 3538 2106 3605 ipse
2133 3536 2383 3590 Palamas
2418 3537 2633 3589 videtur
2656 3544 2890 3587 montem
2917 3534 3139 3599 Athum,
3173 3534 3482 3601 priusquam

1911 3627 2356 3694 archiepiscopus
2390 3640 2577 3678 creare
2608 3640 2706 3688 ur;
2762 3624 2940 3689 ibique
2968 3621 3148 3674 Vitam
3176 3625 3310 3675 hanc
3344 3624 3479 3675 scri-

1912 3720 2107 3785 psisse,
2139 3728 2191 3769 et
2224 3731 2320 3783 pro
2365 3716 2627 3768 concione
2664 3714 2729 3766 ad
2764 3714 3056 3767 monachos
3093 3712 3287 3765 ibidem
3314 3713 3485 3766 habi-

1914 3819 2091 3863 tantes
2112 3810 2332 3861 dixisse.
2358 3808 2643 3875 Colligitur
2670 3807 2720 3860 id
2749 3819 2814 3859 ex
2852 3804 3104 3872 Prologo,
3134 3806 3219 3856 ubi
3252 3805 3484 3871 Athum,

1909 3901 2121 3955 huncce
2158 3910 2431 3960 montem,
2466 3909 2519 3951 et
2544 3897 2784 3962 Petrum,
2818 3907 3115 3951 nostratem
3152 3904 3314 3964 atque
3346 3897 3487 3950 indi-

1919 4010 2114 4061 genam
2152 3991 2413 4060 appellat,
2440 3991 2528 4057 qui
2567 3990 2650 4042 hic
2676 3999 2963 4051 terrarum,
2996 4002 3189 4053 nempe
3215 3988 3265 4040 in
3298 3996 3486 4042 monte

1913 4086 2013 4141 hoc
2036 4086 2200 4149 Atho,
2229 4084 2492 4136 habitavit
2528 4092 2688 4149 atque
2720 4080 2914 4134 ibidem
2965 4080 3194 4150 primum
3225 4088 3483 4147 tropa‘um

1912 4180 1978 4230 de
2010 4176 2155 4229 vieto
2186 4177 2429 4228 dzemone
2463 4174 2656 4226 erexit.
2681 4171 2755 4227 Ut
2809 4185 2937 4224 vero
2992 4171 3162 4239 magis
3213 4171 3489 4223 eximatur

1912 4265 2219 4333 suspicione
2264 4262 2577 4318 schismatis’
2610 4263 2824 4325 Petrus,
2853 4263 3147 4314 notandum
3178 4270 3279 4324 est,
3310 4276 3485 4330 ipsum

1915 4458 2015 4495 nec
2061 4458 2182 4495 cum
2216 4441 2327 4495 ullo
2380 4442 2596 4507 exinde,
2631 4450 2828 4509 praeter
2864 4448 3130 4503 vectores,
3162 4439 3485 4493 collocntum

1915 4534 2084 4587 fuisse
2143 4548 2312 4601 usque
2373 4532 2440 4585 ad
2495 4532 2854 4600 penultimnm
2918 4530 3039 4583 vita)
3095 4544 3206 4584 sum
3248 4547 3488 4601 annum;

1915 4630 2155 4694 adeoque
2194 4641 2315 4680 cum
2361 4627 2575 4679 nemine
2616 4625 2811 4693 egisse,
2845 4626 2936 4694 qui
2969 4640 3093 4678 eum
3127 4626 3193 4679 ad
3248 4627 3485 4680 schisma

1912 4719 2225 4787 pertrahere
2274 4718 2528 4785 potuerit.
2567 4716 2640 4772 Ut
2688 4716 2820 4771 nihil
2859 4719 3060 4779 dicam,
3110 4719 3249 4787 quod
3297 4718 3487 4773 incola

1914 4811 2149 4877 ejusdem
2186 4807 2389 4863 montis
2422 4809 2693 4872 monachi,
2730 4809 2866 4861 uniti
2902 4809 3102 4862 fuerint
3152 4811 3326 4863 adhuc
3380 4809 3487 4865 Ro-

1915 4917 2087 4955 manae
2118 4900 2368 4954 Ecclesiae
2396 4899 2597 4954 saeculo
2633 4912 2764 4965 xm;
2792 4900 3007 4968 quando
3056 4901 3329 4954 humiliter
3359 4916 3485 4970 sop-

1917 4994 2191 5062 plicarnnt
2241 4991 2558 5046 Innocentio
2620 4978 2686 5044 lli
2758 5006 2907 5060 papa:
2962 5000 3021 5045 ut
3072 4992 3348 5046 libertates
3383 4993 3485 5046 sibi

1917 5099 2043 5138 suas
2101 5084 2472 5145 confirmaret,
2522 5097 2688 5151 seque
2741 5081 2842 5135 sub
2892 5080 3033 5135 beati
3071 5079 3214 5135 Petri
3273 5097 3335 5135 ac
3389 5096 3483 5133 sua

1920 5174 2084 5241 ipsius
2119 5188 2267 5242 papa:
2314 5172 2649 5241 protectione
2700 5172 2976 5239 suscipere
3007 5171 3361 5241 dignaretur:
3406 5169 3486 5221 uti

1917 5273 1969 5317 et
2031 5265 2231 5317 factum
2288 5274 2369 5317 est
2399 5278 2491 5331 per
2541 5262 2860 5331 rescriptum
2897 5262 3138 5331 ejusdem
3195 5261 3487 5330 puutilieis,
3535 5276 3539 5280 ’

1919 5352 2282 5422 Epistolarum
2328 5354 2447 5421 ejus
2503 5352 2642 5406 libro
2680 5366 2800 5414 xvr,
2851 5351 3010 5421 epist.
3064 5348 3163 5403 168
3204 5350 3487 5401 insertum.

1918 5446 2073 5512 Quod
2104 5446 2148 5499 si
2174 5443 2367 5497 deinde
2393 5442 2720 5497 schismatici
2754 5442 2875 5495 facti
2926 5452 3050 5494 sunt
3077 5440 3325 5493 monachi
3388 5436 3489 5503 illi,

1921 5539 1997 5590 uti
2051 5535 2151 5588 fuit
2195 5537 2310 5603 ipse
2371 5534 2657 5597 Palamas,
2690 5535 2823 5603 quid
2881 5518 2931 5584 id
2985 5532 3163 5593 faciat,
3208 5540 3266 5583 ut
3326 5530 3486 5583 etiam

1924 5626 2319 5680 schismaticus
2369 5625 2650 5693 iudicetur
2680 5622 2875 5693 fuisse
2904 5620 3122 5683 Petrus,
3153 5628 3303 5672 tanto
3338 5620 3491 5689 prius

1926 5729 2213 5782 mortuus,
2252 5732 2373 5772 cum
2408 5717 2542 5770 nihil
2573 5716 2792 5769 omnino
2841 5714 2981 5781 quod
3029 5712 3264 5767 schisma
3318 5713 3494 5779 sapiat
