3912 6188
217 335 321 398 997

1280 330 1459 391 VlTA
1493 329 1549 390 S.
1595 327 1822 387 PETRI
1861 324 2294 386 ΑΤΗΟΝΠἙ.

3367 326 3474 393 9'38

215 446 730 512 καταπαλαίσαντα,
791 446 887 499 καὶ
939 447 1201 515 τρόπαιον
1255 445 1509 498 ἐνταυθοῖ
1571 443 1789 512 πρῶτον

1913 454 2160 494 errarum
2216 436 2589 492 adversarium
2637 437 2934 508 proﬂigavit
2963 479 2981 506 ,
3029 439 3252 512 ejusque
3295 441 3478 502 furore

215 541 314 608 τῆς
361 539 573 592 ἐκείνου
624 537 744 589 καθ’
805 536 962 606 ἡμῶν
1008 537 1286 606 στήσαντα
1319 535 1536 605 μανίας,
1571 534 1664 586 καὶ
1702 533 1791 584 τὸν

212 632 306 685 τοῦ
350 629 520 682 καλοῦ
572 630 772 698 σπόρον
817 630 897 691 είς
932 628 1124 696 καιρὸν
1170 629 1278 697 ἄρα
1329 626 1789 694 καταϐαλόμενον,

213 722 338 774 ἐπεὶ
393 724 488 773 καὶ
546 719 756 787 ἁνεςρύη
807 721 904 772 καὶ
951 719 1257 787 τέθραπται
1318 721 1412 771 καὶ
1459 719 1789 785 εὐφόρησεν,

209 813 284 875 ὡς
312 813 409 863 νῦν
450 815 514 862 ἐκ
544 813 652 862 τῶν
687 810 984 881 ὁρωμένων
1008 810 1186 876 ἔξεστι
1213 813 1378 862 παντὶ
1413 810 1678 880 συνορᾷν.

283 1069 349 1139 β’.
395 1068 485 1132 Ὠς
522 1069 618 1136 μὲν
646 1063 738 1120 οὖν
795 1068 888 1120 τὸν
919 1068 1240 1136 τηλικοῦτον
1270 1067 1513 1136 ἀρχηγὸν
1542 1067 1634 1118 καὶ
1659 1067 1791 1136 ἡμῖν

211 1162 348 1230 πρὸς
391 1161 459 1214 τὰ
495 1159 724 1213 τοιαῦτα
777 1159 995 1226 ὁδηγὸν,
1036 1160 1134 1225 τῆς
1180 1159 1244 1211 ἐκ
1283 1160 1390 1212 τῶν
1435 1157 1675 1212 ἐπαίνων
1707 1175 1792 1228 γι-

212 1253 480 1321 γνομένης
525 1251 761 1319 ἀμοιϐῆς
793 1250 1003 1302 δικαιόν
1055 1250 1204 1301 ἐστιν
1241 1249 1401 1320 εἴπερ
1431 1249 1552 1301 τινὰ
1589 1249 1791 1318 τυγχά-

213 1361 342 1406 νειν,
381 1346 581 1404 πάντες
610 1343 674 1394 ἂν
730 1344 1000 1410 συμφαῖεν
1025 1357 1038 1370 ·
1074 1343 1198 1410 ἐμοὶ
1246 1340 1300 1394 δὲ
1353 1343 1530 1395 πάντα
1561 1359 1619 1394 τε
1656 1342 1792 1405 ἐξει-

214 1434 333 1482 πεῖν
386 1431 455 1481 τὰ
508 1430 604 1482 τοῦ
653 1430 867 1498 ἀνδρὸς,
926 1437 1024 1484 καὶ
1071 1433 1137 1485 τὰ
1194 1433 1332 1502 πρὸς
1377 1433 1532 1498 ἀξίαν
1579 1433 1792 1500 ἑκάστῳ

209 1521 417 1573 τούτων
472 1521 763 1573 ἀποδοῦναι
899 1520 1069 1590 ἐγγὺς
1125 1521 1234 1574 τῶν
1290 1521 1449 1574 πάντ’
1489 1522 1789 1578 ἀδυνάτων.

221 1613 399 1680 Ἀγὼν
459 1613 566 1682 γὰρ
617 1613 691 1674 ὡς
747 1612 926 1665 ἔοικεν
1000 1614 1195 1684 ἐκείνῳ
1247 1614 1476 1682 γέγονε,
1541 1631 1792 1684 προεισε-

206 1705 426 1769 νεγκεῖν
453 1706 572 1765 ταῖς
605 1703 742 1772 πρὸς
771 1703 908 1756 Θεοῦ
937 1706 1047 1766 τοῖς
1093 1704 1324 1767 δικαίοις
1354 1705 1793 1774 ὲπαγγελμέναις

1899 547 2009 600 quo
2040 530 2097 584 in
2132 546 2228 584 nos
2256 529 2620 584 bacchabatur
2657 530 2890 596 lrcnato,
2923 533 3154 600 primmu
3189 533 3383 586 ibidem
3410 535 3476 588 de

1902 625 1992 696 illo
2033 635 2288 691 tropcum
2337 623 2544 687 erexit,
2581 637 2646 676 ac
2681 625 2938 676 virtutum
2991 627 3196 678 semina
3235 634 3474 696 tempore

1899 724 2206 784 opportuno
2268 721 2428 769 terra:
2479 714 2761 768 mandavit
2819 732 2833 768 :
2916 719 3356 788 quandoquidem
3419 729 3477 778 et

1901 812 2056 857 enata
2094 805 2225 872 sitit,
2285 813 2340 858 et
2389 803 2762 872 adoleverint,
2795 815 2849 859 et
2900 806 3094 863 uberes
3149 811 3478 877 protulerint

1902 893 2108 950 fructus
2132 913 2145 960 ;
2171 896 2248 949 uti
2286 910 2430 949 nunc
2452 895 2628 952 cuivis
2682 912 2746 950 ex
2780 897 2846 961 iis
2872 913 2992 967 (pne
3019 900 3190 956 oculis
3223 884 3475 973 usurpat,

1901 987 2252 1043 manifestum
2281 998 2388 1044 eat.

1969 1077 2023 1132 2.
2057 1079 2422 1146 Quamobrem
2460 1082 2863 1148 consenserint,
2891 1094 3041 1153 puto,
3093 1099 3283 1138 omnes
3315 1094 3371 1139 et
3400 1102 3474 1138 te-

1901 1186 2068 1240 quum
2113 1171 2437 1241 judicarint,
2485 1184 2544 1228 ut
2574 1184 2764 1232 tantus
2799 1176 2913 1240 vir,
2963 1175 3056 1247 qui
3116 1191 3214 1232 nos
3266 1177 3332 1233 ad
3367 1187 3474 1232 tam

1903 1261 2158 1330 sublimia
2199 1264 2366 1327 ducit,
2399 1267 2680 1332 praemium
2719 1268 2861 1333 quod
2895 1282 2963 1320 ex
3008 1267 3321 1323 laudatione
3353 1285 3478 1335 pro-

1903 1365 2106 1419 manat,
2160 1358 2207 1410 si
2266 1358 2390 1424 quis
2439 1358 2612 1422 alius,
2650 1369 3037 1427 consequatur.
3095 1360 3206 1429 Ego
3263 1374 3390 1414 vero
3423 1371 3482 1414 ut

1901 1455 2098 1497 cuncta
2135 1461 2256 1515 quae
2288 1448 2464 1515 ipsum
2495 1453 2914 1512 commendant,
2948 1464 3278 1520 prosequar,
3311 1467 3481 1518 eaque

1905 1549 2065 1601 prout
2098 1551 2378 1596 merentur
2411 1542 2622 1612 singula
2663 1548 2933 1611 proteram
2958 1582 2972 1609 ,
3013 1545 3126 1597 tieri
3163 1544 3253 1598 vix
3289 1553 3380 1604 aut
3411 1560 3479 1598 ne

1903 1628 1988 1684 vix
2019 1627 2236 1695 quidem
2287 1630 2480 1699 poterit
2517 1633 2667 1699 (nam
2715 1632 2993 1686 contentio
3033 1632 3152 1705 ejus
3204 1632 3351 1694 illuc,
3404 1632 3478 1688 uti

1905 1733 2001 1787 par
2032 1730 2134 1783 est,
2164 1721 2343 1776 omnis
2397 1726 2646 1776 tendebat
2676 1761 2693 1786 ,
2726 1733 2785 1778 ut
2813 1735 3103 1791 antequam
3155 1724 3484 1792 promissum

206 1799 506 1868 ἀμοιϐαῖς,
555 1792 667 1849 οἷόν
719 1814 841 1850 τινα
895 1797 1012 1866 βίου
1076 1800 1393 1868 σύμμετρον
1451 1798 1786 1867 ὑπερϐολὴν,

1909 1812 2056 1868 ustis
2105 1827 2138 1865 a
2189 1812 2296 1868 Deo
2348 1816 2630 1880 praemium
2688 1827 3136 1884 consequeretur,
3186 1815 3480 1884 quamdam

207 1893 450 1961 κρείττω
477 1890 678 1962 δηλαδὴ
714 1891 806 1941 καὶ
833 1888 993 1956 λόγου
1042 1890 1137 1942 καὶ
1171 1890 1514 1959 ἀκροάσεως.
1555 1887 1698 1940 Ἀλλ’
1728 1887 1787 1939 οὐ

207 1986 368 2052 παρὰ
411 1982 554 2034 τοῦτ’
613 1981 950 2033 ἀποστατέον
1004 1977 1145 2034 εἶναί
1208 1999 1298 2049 μοι
1350 1982 1521 2044 δοκεῖ,
1577 1980 1792 2050 σιωπὴν

207 2078 301 2126 ἐπὶ
331 2074 551 2126 πάντων
578 2073 874 2142 ἧσκηκότι.
911 2072 1018 2123 Καὶ
1045 2071 1155 2142 γὰρ
1190 2071 1311 2123 οὐδὲ
1337 2070 1448 2122 τῶν
1476 2072 1574 2139 τῆς
1603 2071 1702 2139 γῆς
1731 2087 1790 2122 τε

208 2168 305 2218 καὶ
345 2164 624 2225 Θαλάττης
665 2164 723 2214 ἐν
755 2158 834 2225 οἷς
868 2163 1041 2214 τελεῖν
1071 2180 1128 2216 τε
1183 2163 1276 2214 καὶ
1329 2162 1568 2232 βαδίζειν
1601 2162 1794 2232 ἔχομεν

205 2254 568 2322 ἀφιστάμεθα
616 2256 822 2324 μερῶν,
857 2255 940 2306 ὅτι
974 2253 1047 2319 μὴ
1101 2253 1348 2321 πλώϊμος
1395 2253 1426 2322 ἢ
1465 2251 1801 2322 πορεύσιμος

205 2349 467 2414 ἐξωτέρω
499 2347 586 2398 διὰ
629 2347 849 2397 πάντων
898 2346 1079 2396 ἐστίν·
1113 2345 1234 2397 οὐδὲ
1279 2345 1388 2405 τοῖς
1445 2345 1572 2411 περὶ
1620 2345 1799 2396 αὐτῶν

209 2443 603 2509 ίστορηκὸσιν,
657 2439 738 2490 ὅτι
805 2435 880 2506 μὴ
945 2437 1121 2488 πάντα
1176 2435 1245 2487 δι’
1303 2437 1591 2504 ἀκριϐείας
1651 2431 1796 2504 εἶχον

206 2534 472 2598 ἐξειπεῖν,
508 2532 726 2584 ἅπαντα
765 2531 1061 2599 παρεῖταιο
1109 2527 1459 2598 διεξηγητέον
1513 2529 1569 2580 δὲ
1606 2531 1796 2582 κάκεί-

207 2643 327 2690 νοις
405 2626 584 2690 ἔδοξεν
666 2626 932 2686 εἱκιντως,
991 2625 1090 2675 ὅσα
1153 2639 1212 2673 τε
1278 2621 1484 2674 τούτων
1555 2624 1650 2676 καὶ
1708 2623 1793 2690 ἐφ’

207 2721 338 2772 ὅσον
366 2715 454 2789 ἦν.

1902 1904 2069 1958 veluti
2120 1905 2532 1959 convenientem
2583 1905 2707 1958 vitae
2768 1907 3164 1974 praestantiam,
3221 1905 3484 1972 illamun

1903 1993 2186 2061 majorem,
2223 2008 2384 2061 quam
2413 2004 2470 2049 ut
2498 1995 2619 2063 quis
2647 1995 2828 2065 eloqui
2872 1996 3049 2051 verbis
3078 2004 3172 2049 aut
3203 1995 3484 2064 percipere

1901 2086 2084 2142 auditu
2124 2086 2330 2155 possit,
2376 2099 2440 2140 eo
2473 2085 2746 2141 conferret
2776 2087 2796 2156 )
2828 2104 2845 2154 ;
2881 2102 2986 2141 non
3015 2087 3274 2142 continuo
3303 2098 3480 2141 tamen

1904 2174 2216 2230 laudatione
2252 2177 2382 2230 mihi
2441 2177 2822 2232 abstinendum
2859 2191 3023 2246 .puto,
3061 2187 3155 2232 aut
3189 2180 3370 2232 omnia
3405 2177 3484 2232 si-

1902 2268 2069 2321 lentio
2099 2270 2457 2324 involvenda.
2496 2271 2709 2326 Etenim
2748 2286 2923 2340 neque
2963 2286 3027 2325 ea
3063 2281 3333 2326 terrarum
3367 2287 3479 2322 Ina-

1902 2360 2085 2427 risque
2118 2360 2316 2428 spatia,
2355 2361 2409 2414 in
2454 2363 2654 2431 quibus
2683 2363 2988 2418 incedimus
3015 2379 3082 2416 ac
3132 2363 3474 2430 navigamus,

1900 2465 2008 2510 non
2053 2450 2300 2506 adeunda
2357 2463 2632 2521 putamus,
2680 2463 2966 2523 propterea
2999 2456 3144 2522 quod
3185 2464 3329 2507 terra
3368 2469 3486 2508 non.

1900 2542 2096 2610 ubique
2160 2545 2532 2612 permeabilis,
2584 2561 2734 2600 mare
2786 2560 2892 2600 non
2936 2545 3133 2615 ubique
3169 2545 3478 2616 navigabile

1902 2632 2022 2685 sit:
2086 2649 2262 2702 neque
2312 2635 2371 2698 ii,
2423 2635 2517 2704 qui
2578 2635 2705 2689 talia
2761 2635 3074 2690 describere
3104 2638 3481 2702 instituerunt,

1903 2737 2186 2799 propterea
2218 2729 2362 2798 quod
2419 2744 2525 2784 non
2569 2730 2750 2784 omnia
2805 2730 3216 2787 accuratissime
3264 2733 3484 2786 valeant

209 2816 537 2874 edisserere,
591 2813 771 2866 omnia
824 2811 1275 2880 prtctermittunt;
1323 2811 1416 2865 sed
1456 2828 1634 2882 opera:
1663 2814 1895 2883 pretium
1938 2821 2142 2876 ducunt
2184 2836 2474 2889 enarrare,
2518 2831 2783 2893 quantum
2837 2839 2933 2894 per
2979 2825 3134 2892 ,vires
3199 2836 3257 2880 et
3321 2828 3481 2896 inge-

209 2910 368 2962 nium
413 2911 647 2964 licuerit.

286 3009 362 3069 γ’.
395 3003 496 3053 Τὸν
533 3003 647 3055 ἴσον
708 3005 894 3056 τοίνυν
947 3003 1146 3073 τρόπον
1195 3003 1364 3071 κάμοὶ
1410 3001 1505 3053 νῦν
1537 3001 1795 3071 ἐγχειρηο

208 3095 358 3146 τέον.
410 3094 524 3146 ἀλλ’
577 3096 636 3146 οὗ
691 3096 1024 3159 παροπτέον,
1056 3096 1138 3147 ὅτι
1198 3096 1265 3146 τὰ
1323 3095 1422 3162 τῆς
1481 3095 1794 3157 ὑποθέσεως

209 3187 609 3255 ἀνυπέρϐλητα
661 3186 734 3256 τῷ
785 3189 926 3254 λόγῳ
973 3207 984 3217 ·

210 3279 442 3345 ⁸προσέτί
490 3279 545 3330 δὲ
590 3281 681 3329 καὶ
718 3280 884 3331 πᾶσιν
933 3281 1077 3340 ὅσοις
1110 3279 1268 3345 λόγου
1322 3280 1576 3347 μέτεστιν
1602 3293 1616 3307 ⁸
1652 3275 1797 3331 οὕτω

208 3369 327 3435 γὰρ
374 3373 436 3418 ἐκ
483 3368 701 3419 πάντων
747 3368 946 3435 γένοιτ’
984 3369 1049 3420 ἂν
1077 3368 1222 3429 -ἶσως
1251 3367 1465 3436 ἔρανος.
1503 3370 1797 3438 προσήκων

206 3462 292 3529 τῷ
328 3460 428 3528 τῆς
471 3459 782 3522 ὑποθέσεως
813 3460 1061 3529 μεγέθει.
1100 3461 1210 3512 Καὶ
1250 3459 1396 3512 τοῦθ’
1437 3459 1609 3521 οὕτως
1652 3460 1796 3529 ἕχον,

206 3556 333 3605 ὅσοι
367 3553 458 3605 τοῦ
503 3554 808 3620 καταλόγου
839 3552 947 3604 τῶν
979 3553 1284 3621 ἐλλογίμων
1328 3555 1420 3604 ἐπὶ
1463 3552 1587 3605 νοῦν
1614 3551 1800 3621 βαλλου-

209 3662 397 3715 μενοι,
434 3643 764 3714 συγγνώμην
793 3644 1085 3711 νεμοῦνται
1112 3645 1355 3713 εὐχερῶς
1392 3645 1550 3713 ἐμοί’
1574 3645 1796 3714 δεήσον-

204 3757 307 3790 ται
330 3739 442 3807 γὰρ
471 3738 641 3806 δήπου
675 3740 878 3807 ταύτης
914 3741 1010 3791 καὶ
1039 3739 1215 3804 αὐτοὶ,
1253 3737 1438 3790 κοινοῦ
1469 3738 1561 3790 τοῦ
1594 3739 1797 3808 χρέους

205 3830 394 3894 ὄντος,
430 3831 522 3880 καὶ
555 3833 710 3899 κοινῇ
743 3831 869 3884 καθ’
911 3831 1009 3884 ἕνα.
1061 3831 1279 3883 πάντων
1323 3831 1794 3900 ἀπολειπομένων.

218 3922 375 3991 Ἐγὼ
400 3923 466 3984 δ’,
496 3917 541 3975 ὦ
565 3923 793 3992 θέατρον
837 3924 1002 3994 ἱερὸν,
1037 3926 1128 3977 καὶ
1183 3925 1385 3986 παντὸς
1471 3923 1804 3988 οὑτινοσοῦν,

210 4018 313 4068 καὶ
365 4015 464 4085 τὴν
489 4016 543 4080 ἐξ
569 4018 722 4084 ὑμῶν
753 4015 821 4068 δι’
850 4016 1020 4086 εὐχῶν
1050 4016 1368 4087 τεθάρῤηκα
1421 4015 1697 4086 βοήθειαν.
1741 4016 1802 4068 ΕΞ

211 4107 326 4173 γὰρ
377 4104 470 4154 καὶ
509 4104 779 4174 δυσχερὴς
813 4105 839 4155 ὁ
876 4103 1245 4173 προκείμενος
1292 4105 1638 4173 ἀγὼν,,ἀλλὰ
1681 4109 1801 4176 ταῖς

191 4196 375 4265 -ὑμῶν
440 4197 799 4264 ὲπικλήσεσιν
870 4196 1030 4258 ἵλεως
1107 4198 1238 4266 ἡμῖν
1303 4197 1514 4250 ἄνωθεν
1601 4199 1802 4270 ἀρτίως

214 4287 594 4352 ἐποπτεύσας,
633 4289 661 4339 ὁ
711 4290 805 4340 καὶ
837 4288 917 4356 τῷ
949 4290 1306 4359 προκειμένῳ
1341 4289 1476 4359 πρὸς
1514 4290 1605 4343 τὸν
1641 4293 1805 4360 ὑπερο

217 4383 332 4450 (poi
367 4380 483 4450 βίον
532 4384 907 4451 συναράμενος
959 4381 1114 4445 Θεὸς,
1152 4383 1260 4434 πᾶν
1311 4383 1519 4436 σκῶλον
1560 4384 1802 4437 ἐκποδὼν

218 4471 595 4538 καταστῆσαι,
623 4473 718 4526 καὶ
741 4471 1096 4525 συνδιαοὲντα
1129 4473 1272 4542 λόγῳ
1300 4474 1466 4542 πόρον
1494 4475 1551 4527 ὲν
1581 4475 1804 4546 ἀπόροις

213 4564 418 4624 διδούς.

1982 3003 2038 3056 5.
2066 3001 2183 3055 Pari
2222 3002 2382 3056 modo
2411 3002 2579 3058 hocce
2615 3002 2748 3057 mihi
2774 3017 2917 3057 nunc
2949 3003 3368 3072 aggrediendum
3399 3014 3487 3060 est.

1906 3110 2044 3162 opus
2076 3113 2089 3160 ;
2139 3109 2244 3148 non
2283 3107 2464 3149 autem
2499 3096 2725 3149 omnino
2757 3095 3158 3166 negligendum,
3193 3107 3482 3164 propterea

1045 3187 1139 3238 καὶ
1190 3188 1287 3254 οὐχ
1365 3186 1514 3246 ὅπως
1571 3185 1797 3254 ἔμοιγε,

1909 3189 2046 3255 quod
2079 3186 2381 3258 argumenti
2419 3187 2741 3242 excellentia
2765 3224 2783 3252 ,
2816 3202 2922 3242 non
2974 3189 3135 3242 modo
3175 3204 3204 3240 a
3235 3205 3354 3255 me,
3392 3205 3492 3246 ve-

1908 3293 2023 3329 rum
2051 3278 2212 3331 etiam
2263 3293 2292 3332 a
2327 3276 2691 3334 disertissimo
2711 3279 2924 3348 quovis,
2944 3277 3207 3349 explicari
3231 3283 3486 3338 oratione

1902 3384 2008 3422 non
2043 3369 2248 3437 possit:
2291 3369 2364 3423 ita
2397 3369 2543 3425 enim
2592 3368 2847 3432 fortassis
2885 3370 3000 3436 ﬁet,
3043 3380 3101 3424 ut
3130 3385 3195 3426 ex
3227 3373 3479 3426 omnibus

1900 3462 2148 3516 collectio
2173 3462 2514 3526 conﬁciatur,
2565 3461 2872 3532 argumenti
2920 3463 3257 3519 conveniens
3284 3469 3485 3534 magni-

1903 3552 2097 3603 tudini.
2147 3551 2240 3604 llis
2275 3551 2461 3620 itaque
2515 3554 2593 3605 sic
2653 3566 2712 3606 se
2815 3547 3160 3614 habentibus,
3217 3566 3484 3625 quotquot

1902 3643 2101 3694 seriem
2131 3641 2390 3710 ρτίυςιιιτσ
2421 3651 2700 3710 gestorum
2739 3642 2856 3711 ejus
2886 3644 2940 3695 iu
2985 3642 3224 3697 animum
3261 3661 3484 3702 revoca-

1903 3733 2105 3794 verint,
2139 3731 2295 3786 facile
2325 3733 2537 3787 veniam
2581 3733 2787 3788 dabunt
2819 3735 3070 3788 tenuitati
3107 3744 3343 3800 nostrae,
3376 3755 3478 3806 qua

1906 3823 2093 3890 utique
2147 3830 2202 3877 et
2235 3822 2334 3891 ipsi
2371 3823 2712 3892 indigerent;
2760 3839 2880 3879 cum
2921 3825 3024 3880 hoc
3071 3843 3358 3891 commune
3404 3832 3480 3883 sit

1904 3915 2165 3979 debitmn,
2203 3927 2255 3968 et
2285 3917 2648 3970 communiter
2690 3918 2755 3970 ad
2806 3933 2968 3971 unum
3007 3932 3196 3974 omnes
3231 3921 3317 3974 hic
3343 3923 3481 3976 dett-

1903 4001 2137 4054 ciamus.
2175 4001 2287 4070 Ego
2318 4016 2447 4057 vero
2472 4041 2488 4068 ,
2523 4019 2556 4057 ο
2583 4005 2725 4058 sacri
2758 4006 3036 4060 auditores
3065 4045 3081 4069 ,
3119 4022 3232 4060 rem
3292 4024 3483 4080 aggre-

1905 4095 2044 4160 dior,
2071 4106 2182 4149 tum
2216 4096 2452 4166 cujusvis
2473 4097 2731 4164 alterius,
2775 4109 2889 4151 tum
2927 4109 3103 4153 vestra
3135 4115 3237 4170 ope
3266 4117 3330 4156 ac
3356 4122 3482 4156 uia-

1907 4187 2143 4242 tionibus
2167 4187 2360 4243 fretus.
2414 4187 2470 4242 Si
2514 4190 2656 4243 enim
2711 4189 3033 4257 periculosae
3081 4207 3168 4245 me
3201 4198 3483 4250 commito

1907 4279 2168 4350 palzestrae
2199 4320 2216 4346 ,
2251 4283 2447 4336 vestris
2479 4281 2969 4349 supplicationibus
2995 4293 3198 4349 motus,
3235 4286 3346 4353 jam
3385 4304 3481 4341 no-

1911 4373 1995 4426 bis
2024 4389 2054 4428 e
2083 4373 2223 4427 coelo
2253 4375 2514 4443 propitius
2567 4374 2864 4444 respiciens
2892 4374 3062 4439 Deus,
3096 4379 3186 4447 qui
3217 4387 3271 4432 et
3311 4382 3481 4436 virum

1907 4477 2014 4532 quo
2041 4467 2105 4517 de
2136 4480 2358 4534 agemus
2383 4466 2450 4518 ad
2494 4473 2601 4518 tam
2656 4467 2945 4522 sublimem
2979 4468 3103 4523 vita:
3136 4474 3480 4531 sanctitatem

1836 4579 1877 4629 ο
1907 4557 2179 4624 perduxit,
2219 4573 2382 4611 omne
2432 4558 2875 4627 impedimentum
2951 4563 3137 4629 procul
3191 4569 3482 4634 amovebo,

1911 4658 2074 4703 atoue
2111 4649 2342 4704 orationi
2381 4659 2577 4704 nostra:
2609 4651 2748 4704 viam
2787 4666 2880 4719 per
2912 4653 3055 4708 invia
3085 4659 3310 4724 pandet.

1702 4793 1934 4850 CAPUT

1097 4915 1243 4969 Petri
1271 4918 1471 4982 patria,
1500 4916 1717 4978 militia,
1755 4915 2052 4981 captivitas,
2090 4927 2284 4979 votum,
2312 4919 2576 4971 [ibet-otio.

297 5034 362 5084 δ’.
395 5031 593 5093 Γονέας
631 5033 728 5101 μὲν
772 5027 866 5084 οὖν
921 5038 1012 5084 καὶ
1070 5032 1169 5104 τὴν
1214 5034 1278 5085 ὲκ
1333 5033 1522 5094 παιδὸς
1567 5032 1802 5101 πατρίδα

218 5123 319 5174 τοῦ
350 5123 587 5192 μεγάλου
616 5123 809 5175 τούτου
847 5123 941 5174 καὶ
977 5124 1286 5191 Θαυμασίου
1345 5124 1580 5193 Ιῖατρος,
1616 5124 1709 5174 καὶ
1740 5115 1801 5174 οὗ

219 5216 516 5284 πρέπουσα
561 5217 759 5286 πατρὶς
799 5217 832 5284 ἡ
865 5217 973 5268 τῶν
1006 5217 1352 5288 ἐπουρανίων
1395 5215 1589 5284 σκηνὴ,
1622 5215 1802 5277 καλῶς

229 5306 400 5356 ποιῶν
439 5306 466 5355 ὁ
495 5306 685 5373 χρόνος
721 5304 942 5374 ἅϐύσσῳ
989 5305 1161 5374 λήθης
1210 5305 1555 5374 καθῆκεν.“Α
1594 5305 1702 5372 γὰρ
1724 5303 1802 5356 ἔτι

222 5399 394 5460 ζῶντι
445 5399 521 5466 τῷ
571 5401 804 5468 γενναίῳ
853 5399 1174 5471 παρῶπται,
1206 5399 1279 5460 ὡς
1314 5399 1420 5468 ἄρα
1467 5397 1566 5468 τῆς
1597 5399 1805 5451 οἰκείας

221 5491 434 5558 ἀρετῆς
464 5491 682 5554 ἀνάξια,
719 5495 922 5544 τούτων
956 5493 1184 5552 εἰκότως
1243 5493 1364 5544 οὐδὲ
1426 5494 1476 5544 οἱ
1501 5494 1600 5562 τὴν
1626 5493 1803 5562 ἀρλὴν

219 5583 298 5633 τὰ
346 5581 468 5634 κατ’
504 5583 666 5636 αὑτὸν
727 5587 1175 5655 συγγεγραξςότες
1224 5587 1335 5638 δεῖν
1391 5585 1653 5655 ᾠήθησαν
1699 5601 1800 5654 με-

227 5675 493 5742 μνῆσθαι.
530 5673 620 5738 Ei;
677 5677 706 5728 ὃ
759 5677 815 5730 δὲ
873 5679 1056 5746 φέρων
1087 5679 1302 5742 ἑαυτὸν,
1344 5678 1547 5746 μᾶλλον
1596 5677 1654 5730 δὲ
1702 5675 1806 5729 ὑπὸ

221 5764 368 5816 θεοῦ
421 5766 722 5834 φερόμενος
771 5768 1137 5839 κατῴκισται,
1190 5773 1279 5822 καὶ
1340 5764 1400 5823 οὗ
1446 5771 1572 5833 τοὺς
1629 5769 1809 5830 Θείους

1981 5032 2036 5085 4.
2071 5031 2218 5098 Quos
2250 5043 2522 5102 parentes,
2553 5051 2716 5105 quam
2749 5037 2982 5105 patriam
3017 5039 3196 5093 infans
3233 5039 3486 5092 habuerit

1914 5141 2145 5196 magnus
2174 5125 2264 5181 hic
2295 5136 2353 5183 et
2392 5129 2735 5190 admirabilis
2763 5129 2948 5197 Pater,
2977 5134 3065 5187 cui
3097 5136 3322 5202 patriam
3357 5147 3492 5186 con-

1912 5219 2160 5272 veniebat
2183 5232 2304 5273 esse
2343 5221 2751 5276 tabernaculum
2787 5224 3029 5286 caeleste,
3065 5225 3170 5278 alta
3205 5225 3490 5277 oblivionis

1915 5311 2110 5381 abysso
2133 5322 2346 5379 tempus
2381 5325 2487 5364 non
2531 5313 2824 5382 incongrue
2871 5315 3142 5382 sepelivit.
3169 5314 3300 5378 Ome
3336 5315 3482 5364 enim

1917 5405 2100 5457 vivens
2166 5402 2296 5470 ille,
2335 5414 2395 5458 ut
2451 5404 2611 5472 digna
2664 5407 2866 5459 virtute
2920 5422 3060 5468 sua,
3115 5405 3489 5472 despiciebat,

1912 5493 2100 5553 eadem
2167 5507 2346 5562 neque
2404 5495 2881 5552 commemoranda
2928 5493 3033 5548 sibi
3079 5507 3221 5557 esse,
3288 5497 3486 5546 merito

1913 5585 2297 5639 existimarunt
2355 5585 2430 5650 ii,
2489 5586 2578 5655 qui
2637 5601 2719 5640 res
2775 5587 2844 5638 ab
2888 5585 2974 5639 illo
3026 5595 3209 5652 gemas
3253 5583 3484 5652 primum

1913 5675 2110 5729 litteris
2137 5676 2552 5731 mandaverunt.
2586 5678 2654 5730 At
2701 5690 2862 5742 vero,
2894 5676 2947 5730 in
2996 5691 3158 5744 quem
3193 5675 3488 5730 habitatio-

1923 5769 2004 5822 nis
2053 5768 2234 5823 locum
2293 5769 2405 5836 ipse
2448 5770 2720 5832 transivit,
2775 5777 2866 5821 aut
2914 5769 3091 5837 potius
3139 5768 3320 5824 divino
3354 5777 3493 5824 nutu
