3962 6208
451 219 558 282 999

1692 201 2073 266 GREGORII
2113 193 2437 264 PALAME

3536 197 3658 264 1000

452 338 746 395 translatus
775 336 880 403 est,
907 335 994 390 ubi
1026 328 1326 388 certamina
1359 341 1456 382 sua
1505 325 1612 380 Deo
1642 324 1804 392 digne
1829 333 2010 375 (νοτισ-
2039 366 2048 384 Α

2155 323 2312 382 θλους
2363 319 2549 390 ἤνυσε,
2584 316 2677 368 καὶ
2719 313 2844 368 ὅθεν
2889 313 3096 381 ἀνέπτη
3131 311 3270 381 πρὸς
3314 313 3554 382 οὐρανὸν,
3581 317 3660 366 τὸν

453 433 555 497 vit,
585 446 650 485 ac
675 431 819 485 unde
861 438 1041 484 tamen
1089 425 1142 479 in
1190 421 1362 478 amics
1411 417 1688 475 avolavit:
1727 418 1895 476 hunc.
1936 412 2020 467 in-

458 537 644 592 quam,
672 520 1084 576 celeberrimum
1118 511 1596 574 venerandumqne
1628 508 1799 561 locum
1823 506 2022 570 ;hunc.

457 613 715 666 virtutmn
772 611 983 673 sedem;
1049 607 1194 661 hunc
1227 603 1406 660 omnis
1455 597 1758 656 honestatis
1804 595 2024 651 domici-

457 704 629 770 lium;
672 703 833 764 hunc,
887 698 1188 753 caelestium
1240 691 1439 756 simile,
1493 709 1597 746 non
1654 690 2023 744 mannl'actum

461 791 914 855 tabernaculum;
956 791 1120 854 hunc,
1177 785 1356 842 omnis
1406 785 1602 840 celeris
1635 797 1848 853 purum.
1879 778 2026 832 omni

461 881 783 938 exsecrabili
827 878 1110 934 allectiene
1135 878 1296 932 animi
1316 871 1669 946 superiorem,
1697 889 1723 925 a
1743 872 2028 927 sanctitate

461 989 557 1028 sua
583 986 824 1040 congrue
857 967 1556 1038 cognominatum2montem
1577 983 1591 1031 ;
1615 961 1779 1027 hunc,
1799 962 1851 1016 in
1878 970 2029 1028 parte

462 1061 654 1131 patria:
711 1058 901 1113 habuit
946 1059 1030 1112 vir
1063 1056 1152 1110 ille
1209 1074 1222 1110 :
1289 1055 1446 1126 cujus
1506 1055 1650 1108 nulla
1704 1053 1912 1106 mentio
1971 1052 2028 1102 lit

462 1153 694 1220 uspiam,
728 1150 832 1204 nisi
863 1157 918 1204 et
951 1148 1147 1202 montis
1173 1145 1299 1211 ﬂat;
1344 1145 1488 1200 nulla
1526 1153 1674 1214 gesta
1717 1143 2028 1204 audiuntur,

464 1245 563 1299 nisi
594 1254 650 1298 et
679 1236 833 1297 mons
854 1242 1222 1310 intelligatur;
1247 1253 1315 1293 ex
1345 1252 1454 1308 quo
1496 1237 1753 1292 videlicet
1786 1238 1900 1304 ipse
1953 1233 2032 1288 di-

461 1335 760 1406 gnoscitur,
791 1333 875 1399 Iab
923 1331 1152 1398 aliisque
1191 1329 1432 1399 ejusdem
1461 1327 1696 1382 nominis
1740 1323 2031 1396 distingui-

465 1435 555 1480 tur
589 1466 606 1492 ,
653 1440 774 1478 cum
801 1421 1088 1478 Atlionites
1122 1420 1313 1475 merito
1340 1418 1659 1489 appellatur.

531 1512 586 1566 5.
628 1512 682 1564 Si
712 1513 854 1564 enim
905 1509 1130 1564 Athenis
1182 1509 1297 1578 lege
1329 1516 1607 1578 receptum
1645 1505 1771 1572 fuit,
1821 1516 1880 1561 ut
1931 1505 2030 1560 ad-

461 1615 614 1654 venae
640 1608 762 1669 post
788 1599 970 1654 trienii
1010 1614 1242 1662 moram,
1291 1612 1388 1667 pro
1429 1598 1600 1666 patria
1641 1612 1738 1650 sua
1771 1596 2034 1651 haberent

463 1693 672 1756 urbem,
702 1692 756 1746 in
785 1691 1044 1760 illamque
1093 1689 1311 1759 ascripti
1340 1698 1731 1755 censerentur;
1762 1689 2032 1757 quomodo
2064 1673 2106 1728 Β

462 1795 569 1836 non
599 1780 789 1835 merito
822 1781 965 1833 hunc
1012 1779 1115 1833 sibi
1173 1788 1408 1834 montem
1453 1778 1727 1843 vindicet,
1762 1788 1820 1833 ttt
1845 1793 2030 1843 suum,

463 1873 548 1926 vir
579 1883 821 1935 sanctus,
852 1871 942 1924 ubi
991 1884 1162 1924 annos
1212 1870 1442 1938 amplius
1478 1871 1870 1940 quinquaginta
1912 1886 2040 1925 exe-

465 1965 567 2034 git,
633 1964 793 2029 idque
841 1963 896 2014 in
949 1970 1092 2016 tanta
1147 1961 1365 2016 virtutis
1416 1962 1763 2034 acquirendae
1808 1971 2037 2016 conten—

468 2053 651 2108 tione?
679 2051 946 2108 Praeterea
983 2055 1028 2107 si
1087 2052 1176 2106 illa
1222 2055 1420 2124 cuique
1453 2057 1626 2126 patria
1656 2055 1901 2109 habenda
1946 2055 2038 2119 sit,

465 2146 557 2200 ubi
596 2145 805 2198 felicem
843 2145 963 2213 quis
996 2147 1107 2218 agit
1137 2147 1306 2200 vitam
1355 2147 1830 2216 (quemadmodum
1865 2146 2040 2216 genti-

465 2237 597 2292 lium
644 2239 862 2305 quidam
916 2237 1130 2306 sapiens
1181 2239 1599 2309 pronuntiavit),
1639 2239 1795 2309 quis,
1826 2253 2039 2308 quaeso,

469 2327 676 2397 uspiam
710 2336 802 2381 aut
834 2327 1048 2382 felicius
1085 2330 1195 2398 egit
1221 2329 1362 2400 aliqu
1377 2329 1531 2393 mdo,
1565 2339 1660 2384 aut
1707 2329 2042 2400 inposterum

468 2427 689 2473 acturus
717 2428 800 2472 est
832 2433 996 2487 quam
1026 2419 1112 2472 bic
1147 2418 1233 2472 vir
1267 2418 1321 2473 in
1366 2421 1532 2475 hocce
1557 2419 1785 2473 monte?
1811 2419 1899 2473 ubi
1917 2434 2042 2474 eum

2129 411 2403 483 περιφανῆ
2445 408 2657 462 τουτονὶ
2708 407 2852 474 λέγω
2882 408 2977 458 καὶ
3031 405 3329 472 σεϐάσμιον
3357 403 3548 473 χῶρον,
3577 407 3660 475 τὴν

2129 505 2238 558 τῶν
2287 502 2499 572 ἀρετῶν
2544 499 2751 562 ἑστίαν,
2783 499 2844 551 τὸ
2881 497 3049 552 καλοῦ
3100 497 3300 558 παντὸς
3348 497 3664 565 ἐνδιαίτημα,

2130 595 2228 664 τὴν
2290 593 2399 644 τῶν
2455 589 2799 660 ἐπουρανίων
2852 589 3145 642 ἀντίτυπόν
3205 603 3265 640 τε
3327 589 3417 639 καὶ
3475 588 3666 656 ἀχειρο-

2131 687 2353 756 ποίητον
2403 686 2630 751 σκηνὴν,
2661 683 2718 734 τό
2778 681 2980 740 παντὸς
3041 680 3208 746 ἆγους
3271 678 3544 746 ἐλεύθερον
3589 680 3667 730 καὶ

2132 777 2332 839 παντὸς
2362 775 2566 837 πάθους
2593 769 2820 840 ἐναγοῦς
2857 770 3146 840 ἀνώτερον.
3176 771 3236 822 τδ
3262 768 3358 838 τῆς
3386 769 3666 838 ἀγιωτύνης

2135 868 2470 939 φερωνύμως
2502 864 2787 932 ἐπώνυμον
2817 863 2940 934 ὅρος
2964 879 2978 894 ·
3009 861 3168 914 τοῦτό
3197 865 3347 914 ἐστιν
3396 863 3453 911 ὲν
3498 861 3668 928 πατρί-

2134 961 2222 1024 δος
2277 959 2443 1030 μοίρᾳ
2483 956 2561 1027 τῷ
2593 954 2960 1026 προκειμένῳ.
2990 951 3085 1006 καὶ
3131 951 3312 1020 τούτῳ
3357 951 3670 1004 συλλαλεῖται

2133 1055 2231 1109 καὶ
2281 1050 2657 1108 συνακούεται,
2690 1036 2987 1100 κάντεῦθεν
3037 1040 3192 1108 οὗτος
3252 1042 3670 1110 ἐπιγινώσκεται,

2135 1145 2231 1199 καὶ
2276 1143 2376 1214 τὴν
2431 1141 2570 1212 πρὸς
2632 1140 2758 1202 τοὺς
2818 1136 3146 1206 ὁμωνύμους
3211 1136 3369 1204 φέρει
3417 1135 3674 1204 διαστολὴν

2149 1237 2444 1305 Ἀθωνίτης
2473 1234 2696 1296 δικαίως
2725 1230 3137 1300 ὠνομασμένος.

2210 1499 2271 1556 ε’.
2308 1497 2370 1554 El
2401 1501 2507 1570 γὰρ
2534 1501 2590 1553 ὲν
2628 1498 2902 1567 Ἀθήναις,
2935 1497 3075 1569 μετὰ
3108 1483 3303 1567 τριετῆ
3354 1494 3673 1565 προσεδρίαν,

2140 1595 2261 1650 ἀντὶ
2298 1584 2554 1664 πατρίδος
2590 1591 2826 1662 χρῆσθαι
2860 1593 2928 1658 τῇ
2964 1590 3119 1644 πόλει
3171 1591 3300 1649 τοὺς
3341 1586 3676 1658 προσηλύτους

2137 1687 2494 1757 νομιζόμενον
2544 1681 2634 1756 ἦν,
2672 1685 2788 1746 πῶς
2831 1685 2892 1737 ού
2928 1684 3154 1746 δικαίως
3204 1676 3558 1735 ἀντιποιεῖται
3599 1679 3677 1732 τώ

2137 1781 2298 1851 ὅρους
2332 1782 2360 1833 ὁ
2399 1780 2574 1847 ἅγιος,
2611 1778 2794 1831 πλεῖον
2825 1778 2857 1848 ἦ
2883 1778 3228 1846 πεντήκοντα
3260 1775 3530 1845 περιόδους
3561 1774 3677 1826 ἑτῶν

2138 1869 2355 1926 ἐνταῦθ’
2383 1871 2610 1936 ἀνύσας,
2641 1872 2736 1924 καὶ
2777 1870 2932 1924 ταῦθ’
2977 1867 3152 1930 οὕτως
3181 1868 3480 1938 ὲναγωνίω;
3509 1882 3523 1930 ;
3553 1867 3609 1919 El
3629 1866 3674 1918 δὲ

2141 1965 2237 2018 καὶ
2268 1968 2468 2033 πατρὶς
2511 1959 2724 2032 ἑκάστῳ
2756 1955 2878 2015 καθ⁴
2907 1965 2971 2032 ἣν
2995 1962 3060 2016 ἄν
3089 1979 3177 2024 τις
3207 1959 3404 2032 εὐτυχῇ
3439 1959 3672 2029 (καθάπερ

2140 2072 2223 2117 τις
2249 2054 2359 2106 τῶν
2399 2053 2597 2118 ἔξωθεν
2647 2052 2970 2122 ἀπεφήνατο
2999 2051 3231 2120 σοφῶν),
3271 2051 3352 2112 τίς
3385 2051 3445 2104 ἄν
3472 2066 3564 2101 που
3587 2048 3677 2098 τῶν

2143 2148 2402 2200 ἁπάντων
2438 2146 2648 2216 βέλτιον
2675 2145 2706 2215 ἢ
2735 2143 3025 2212 πράξειεν,
3054 2144 3085 2214 ἢ
3123 2143 3310 2212 μέλλει
3339 2143 3566 2213 πράξειν,
3594 2140 3676 2207 τῆς

2142 2232 2245 2293 ὦδε
2304 2242 2399 2296 τοῦ
2437 2238 2628 2309 ἀνδρὸς
2680 2239 3016 2307 εύκληρίας·
3057 2230 3118 2290 οὗ
3173 2235 3294 2306 Θεῷ
3339 2232 3556 2301 συνῆλθε
3599 2231 3677 2282 καὶ

2144 2332 2296 2394 Θείας
2344 2331 2473 2394 θέας
2522 2330 2778 2399 ἐπέτυχε,
2821 2330 3022 2398 μᾶλλον
3051 2328 3130 2394 δὲ,
3165 2329 3255 2382 ἵνα
3303 2328 3364 2380 τὸ
3414 2327 3515 2378 πᾶν
3560 2324 3678 2374 εἴπω

2145 2425 2406 2489 συνελὼν,
2464 2419 2524 2478 οὗ
2575 2425 2678 2496 τὴν
2731 2423 3080 2497 ἀνθρωπείαν
3124 2419 3473 2492 ὑπεραναόὰς
3521 2415 3674 2485 φύσιν,

472 2507 580 2562 Deo
608 2507 918 2578 frequenter
946 2508 1285 2575 conferebat,
1319 2525 1383 2564 ac
1408 2511 1591 2564 divina
1617 2511 1829 2566 visione
1851 2511 2046 2580 digna-

471 2600 667 2663 batur;
705 2600 811 2653 imo
841 2601 923 2670 (ut
955 2610 1125 2655 totum
1153 2601 1474 2672 compendio
1512 2602 1713 2673 dicam)
1739 2603 1826 2658 ubi
1853 2604 2044 2656 huma-

473 2705 600 2746 nam
630 2700 974 2761 trangressus
1002 2702 1276 2761 naturam,
1303 2695 1465 2764 inque
1494 2709 1620 2750 vere
1642 2695 1876 2750 divinam
1901 2710 2048 2750 cont-

474 2793 712 2838 mutatus
749 2784 889 2854 (qua:
917 2800 1047 2839 vero
1072 2785 1392 2854 eloquentia:
1417 2786 1500 2842 vis
1526 2795 1736 2841 tantum
1762 2788 2048 2858 eloquatur

2151 2794 2645 2867 μετερῤύθμηται;
2705 2791 2849 2844 Ἀλλ’
2934 2791 3082 2860 ὅμως
3135 2789 3238 2857 τῆς
3295 2784 3535 2856 πατρίδος
3599 2780 3679 2849 μὲν

475 2877 876 2947 miraculum!)
928 2878 1302 2932 excellentiam
1355 2879 1476 2948 plus
1507 2894 1668 2950 quam
1717 2880 2046 2946 naturalem,

2149 2885 2422 2956 ὑπερεῖδεν
2455 2886 2534 2954 τῷ
2587 2885 2645 2937 δὲ
2704 2886 2797 2956 τῆς
2852 2883 2964 2935 ἄνω
3011 2883 3265 2952 προξένῳ
3317 2875 3553 2946 πατρίδος
3585 2871 3680 2939 ὄρει

473 2968 738 3021 Altissimi
783 2978 1112 3036 cooperante
1175 2969 1425 3036 dextera,
1483 2971 1796 3042 acquisivit.
1854 2972 2044 3042 Spreta

2149 2977 2326 3048 τούτῳ
2377 2976 2780 3048 προσέδραμεν,
2809 2967 2871 3027 οὗ
2906 2973 2971 3043 δὴ
3011 2977 3106 3024 κα)⁸
3157 2972 3253 3024 τὸν
3307 2965 3529 3033 πολυετῆ
3568 2962 3679 3030 βίον,

477 3058 644 3128 igitur
672 3062 847 3128 patria
876 3075 996 3126 sua,
1037 3061 1090 3115 iu
1129 3062 1274 3116 hunc
1303 3073 1561 3127 montem,
1597 3067 1939 3121 commodmn
1973 3071 2041 3125 ad

2153 3069 2251 3124 καὶ
2277 3071 2375 3140 τὴν
2411 3069 2641 3140 ἀόρατον
2671 3065 2977 3136 ἀνθρώποις
3010 3060 3228 3118 δίαιταν
3259 3063 3441 3134 ἤνυσε.

477 3152 750 3206 εωιεειειη
789 3153 1018 3221 patriam
1054 3156 1494 3224 comparandam,
1549 3161 1908 3229 conscendit,
1949 3163 2129 3233 ibique
2157 3176 2210 3220 et
2243 3165 2535 3218 multorum
2573 3174 2836 3217 annorum
2907 3169 3122 3215 aetatem
3213 3157 3384 3219 duxit,
3449 3164 3498 3208 et
3557 3149 3683 3205 insti-

481 3255 657 3302 tutum
691 3247 926 3310 vivendi,
953 3251 1096 3317 quod
1126 3251 1310 3303 oculos
1343 3251 1609 3306 humanos
1639 3252 1853 3315 lateret,
1887 3265 2108 3310 secutus
2137 3267 2242 3312 est.

387 3325 390 3328 ’
553 3341 608 3393 ti.
642 3338 901 3406 Equidem
935 3341 1282 3395 considerare
1314 3357 1410 3396 vus
1431 3343 1590 3397 velim
1633 3344 2057 3414 incomprehen-

477 3429 690 3485 sibile‘m
723 3434 999 3502 sapientiae
1019 3430 1215 3485 divinae
1243 3436 1636 3501 praestantiam,
1664 3437 1904 3506 ejusdem
1931 3453 2056 3508 erga

483 3523 730 3578 homines
774 3524 1129 3593 providentiae
1163 3532 1473 3591 exceSsum,
1511 3537 1567 3582 et
1611 3529 1840 3584 salutem
1869 3544 2056 3584 eorum

2147 2518 2246 2572 καὶ
2293 2517 2394 2587 τὴν
2451 2516 2601 2570 θείαν
2657 2515 2828 2578 ὅντως
2879 2513 3252 2586 ἠλλοιωμένος
3294 2512 3561 2566 ἀλλοίωσιν
3595 2509 3680 2576 (τίς

2146 2611 2213 2666 ἂν
2271 2611 2643 2682 ἁποχρήσεται
2705 2609 2863 2677 λόγος
2920 2608 3279 2677 παραστῆσαι
3344 2606 3402 2656 τὸ
3461 2602 3621 2668 θαῦμα
3647 2597 3678 2664 ;)

2147 2703 2286 2774 πρὸς
2319 2703 2380 2754 τδ
2412 2701 2514 2771 τῆς
2536 2703 2690 2768 ἀξίας
2716 2697 3017 2769 ὑπερφυὲς,
3045 2700 3115 2766 τῇ
3144 2696 3242 2750 τοῦ
3289 2694 3533 2764 Ὑψίστου
3557 2687 3680 2757 δεξιᾷ

2228 3354 2303 3412 ς’.
2339 3347 2450 3401 Καὶ
2495 3347 2750 3412 σκοπεῖτε
2796 3343 2857 3397 τὸ
2887 3344 2982 3413 τῆς
3007 3343 3156 3406 θείας
3209 3341 3400 3411 σοφίας
3426 3340 3683 3410 ἀμήχανον,

2155 3440 2252 3493 καὶ
2307 3442 2406 3509 τὴν
2464 3439 2600 3505 πρὸς
2656 3436 2978 3508 ἀνθρώπους
3034 3435 3125 3487 τοῦ
3205 3435 3342 3488 Θεοῦ
3405 3429 3684 3502 κηδεμονίας

2157 3533 2488 3602 ὑπερϐολὴν,
2531 3532 2625 3585 καὶ
2655 3533 2754 3598 τὴν
2796 3531 2936 3600 ὑπὲρ
2965 3529 3027 3582 τὸ
3079 3528 3281 3594 σώζειν
3315 3525 3681 3596 ἀνυπέρϐλητον

2159 3625 2366 3694 ἔφεσιν.
2413 3621 2859 3696 Ἀναρῤιπίζεται
2909 3623 3142 3691 πόλεμοι,
3183 3625 3251 3693 τῇ
3283 3612 3378 3675 τού
3421 3616 3682 3688 θαυμασίου

2156 3720 2346 3772 τούτου
2395 3717 2607 3786 Πατρὸς
2655 3716 2876 3787 πατρίδι
2930 3714 3064 3786 πρὸς
3099 3715 3402 3786 ’Λραὸας·.
3443 3712 3469 3765 ὀ
3515 3710 3581 3774 δὲ,
3613 3723 3688 3758 συο

2158 3811 2558 3879 στρατιωτικῆς
2617 3808 2729 3878 (ὡς
2790 3807 3001 3876 ἔοικεν)
3063 3806 3165 3859 ούκ
3234 3805 3550 3875 ἀμελέτητος
3597 3797 3684 3861 ὢν,

2158 3901 2500 3971 συμπολεμεί
2548 3904 2659 3962 τοῖς
2702 3891 3030 3970 ὁμοιρύλοις·
3089 3898 3200 3952 ὑπὸ
3252 3899 3361 3953 τῶν
3417 3894 3688 3962 ἀλλοφύλων

2155 3991 2480 4044 ἁλίσκεταιο
2549 3990 2741 4062 πόρρω
2814 3990 2914 4059 τῆς
2991 3989 3327 4059 ἐνεγκούσης
3386 3986 3688 4058 αἰχμάλωτος

483 3617 833 3685 promovendi
864 3617 1186 3671 desiderium
1219 3619 1546 3674 insatiabile.
1567 3618 1851 3675 Excitatur
1883 3621 1935 3674 in
1963 3637 2058 3690 paa-

482 3706 584 3760 tria
633 3707 966 3760 admirabilis
1019 3708 1244 3774 hujusce
1295 3697 1474 3763 Patris
1545 3709 1744 3764 bellum
1798 3713 2059 3769 adversus

478 3797 709 3852 Arabes.
739 3796 877 3866 Ipse,
913 3798 1118 3853 bellica:
1147 3801 1302 3866 artis,
1329 3808 1390 3854 ut
1420 3801 1654 3865 videtur,
1699 3818 1801 3857 non
1831 3804 2052 3860 omnino

481 3890 654 3955 rudis,
706 3905 830 3943 cum
889 3889 1004 3944 suis
1052 3890 1347 3960 gentilibus
1401 3891 1450 3945 in
1485 3907 1732 3962 campum
1766 3896 2054 3963 procedit;

481 3980 694 4047 capitur
743 3979 811 4034 ab
845 3979 1088 4035 hostibus
1120 4021 1136 4047 ,
1171 3991 1226 4034 et
1274 3982 1464 4049 procul
1507 3999 1536 4036 a
1595 3984 1766 4053 patria
1813 3989 2060 4056 captivus

484 4072 812 4135 abducitur;
847 4072 1057 4135 alienae,
1077 4071 1304 4141 ejusque
1325 4073 1540 4129 hostilis
1604 4085 1762 4129 terra:
1797 4077 2058 4131 interiora

483 4172 707 4219 coactus
735 4163 869 4228 adit,
903 4175 1054 4216 arcto
1081 4165 1287 4218 carceri
1335 4167 1695 4233 mancipatur,
1725 4167 1868 4242 ,εἱρρί
1903 4169 2055 4238 pedi-

485 4255 587 4311 bus
617 4255 955 4321 injiciuntur,
985 4253 1100 4320 ipse
1133 4254 1238 4307 cibi
1277 4253 1452 4307 inedia
1484 4265 1791 4310 maceratur
1814 4297 1830 4322 ,
1861 4258 2056 4312 intole—

2161 4081 2539 4146 ἀποικίζεται·
2572 4085 2668 4152 τῆς
2699 4081 2990 4151 ἀλλοτρίας
3037 4083 3307 4152 ἐνδοτέρω
3341 4081 3432 4134 καὶ
3467 4075 3691 4144 πολεμίας

2161 4176 2321 4228 ποσὶν
2381 4168 2680 4242 ἀϐούλητος
2739 4175 3064 4244 προϐαίνει·
3123 4174 3406 4243 φρουρίοις
3461 4168 3688 4240 ἀφύκτοις

2164 4266 2591 4336 καθείργνυταιδ
2622 4266 2700 4334 τῷ
2749 4264 2870 4316 ποδὶ
2925 4265 3114 4328 πέδαις
3166 4265 3467 4334 δεσμεῖται,
3514 4259 3690 4330 τροφῆς

490 4347 682 4401 rabilia
738 4345 908 4399 multa
965 4345 1203 4412 patitur,
1248 4345 1546 4413 despondet
1584 4349 1846 4414 animum,
1892 4352 2048 4404 vitam

2162 4358 2338 4429 ἐνδείᾳ
2415 4357 2680 4421 πιέζεται,
2733 4356 2903 4409 πολλὰ
2982 4358 3181 4425 πάσχει
3258 4356 3365 4410 τῶν
3416 4352 3688 4422 ἀφορήτων.

490 4439 788 4506 desperat;
843 4436 1079 4502 denique
1145 4437 1212 4490 ad
1274 4435 1440 4490 Deum
1479 4439 1741 4508 confugit,
1775 4442 1932 4511 rique
1962 4443 2061 4497 soli

492 4526 848 4596 imposterum
882 4540 940 4580 se
963 4526 1230 4580 victurum
1255 4529 1544 4597 promittit,
1575 4531 1618 4583 si
1651 4530 1812 4586 modo
1845 4534 2063 4588 liberio-

493 4631 606 4673 rem
659 4633 782 4670 aera
829 4617 1152 4687 consipicere
1214 4619 1529 4689 aliquando,
1568 4639 1630 4677 ac
1679 4627 1814 4678 mala
1864 4627 2065 4694 qtlibus

492 4709 757 4779 premitur
777 4710 1009 4764 evadere
1056 4711 1354 4780 contingat.
1409 4712 1550 4778 Quid
1587 4714 1751 4785 igitur
1785 4717 1893 4780 hic,
1920 4717 2066 4772 celer

491 4800 561 4854 ad
585 4799 1004 4864 exaudiendum,
1038 4810 1093 4853 et
1119 4802 1374 4869 providus
1401 4803 1468 4858 ad
1491 4805 1882 4862 consulendum
1908 4806 2066 4864 rebus

496 4893 710 4948 miseris
765 4892 948 4947 Deus?
1013 4891 1192 4947 Μαι-οε
1238 4894 1506 4965 tantisper
1563 4899 1752 4964 nectit,
1809 4906 1866 4953 et
1930 4913 2065 4953 cun-

495 4985 694 5041 ctando
723 4985 976 5041 miserias
1011 4985 1130 5056 ejus
1183 4986 1518 5057 longiuscule
1548 4991 1793 5058 protendi
1837 4992 2065 5061 permit-

499 5079 603 5144 tit;
663 5078 824 5147 idque
874 5079 1320 5150 prudentissime,
1369 5090 1426 5134 ut
1482 5081 1733 5137 videlicet
1763 5083 1844 5138 sic
1895 5085 2065 5154 magis

495 5176 610 5224 tuta
651 5169 790 5224 foret
835 5171 1166 5240 supplicanti
1220 5171 1475 5237 libertas;
1522 5171 1961 5242 quandoquidem
1994 5176 2063 5229 ita

492 5275 620 5316 cum
682 5263 992 5316 hominibus
1031 5275 1410 5333 comparatum
1445 5264 1553 5327 sit,
1603 5272 1662 5316 ut
1712 5275 2064 5335 poeteaquaut

495 5353 852 5410 liberatisunt
892 5355 957 5408 iis
986 5355 1186 5423 quibus
1217 5354 1604 5422 pret-rebantur
1631 5355 1903 5422 adversis,
1939 5367 2062 5411 vora

498 5445 650 5516 prius
684 5446 827 5501 facta
851 5444 1013 5501 facile
1057 5447 1355 5516 negligant,
1400 5447 1454 5500 ni
1487 5461 1550 5501 ea
1583 5441 1750 5516 probe
1780 5450 2066 5505 caulirmas

497 5540 692 5591 verint.
1723 5543 1726 5546 ’

568 5633 622 5688 7.
646 5629 789 5694 (ιυιά
821 5634 1030 5706 porro?
1069 5637 1173 5689 l’cr
1207 5635 1442 5705 quietem
1489 5637 1753 5706 promissa
1795 5638 1912 5708 ejus
1950 5629 2062 5692 rata

2163 4448 2531 4517 ὲξαπορεῖται,
2581 4450 2682 4518 τὴν
2727 4450 2934 4501 οίκείαν
2985 4448 3134 4517 ζωὴν
3183 4449 3526 4514 ἁπολέγεται,
3566 4440 3690 4498 τέλος

2163 4542 2257 4593 ἐπὶ
2311 4540 2445 4593 Θεὸν
2505 4541 2863 4609 καταφεύγει,
2908 4539 3081 4609 τούτῳ
3141 4541 3291 4610 μόνῳ
3327 4538 3514 4602 ζώσειν
3550 4537 3694 4594 ἐπατ-

2164 4634 2436 4702 γέλλεται,
2492 4634 2652 4704 μόνον
2712 4635 2762 4686 εί
2819 4633 2932 4702 φῶς
2980 4632 3271 4702 ἐλεύθερον
3323 4631 3437 4694 ῐδοι,
3473 4631 3559 4682 καὶ
3604 4623 3691 4676 τῶν

2166 4728 2500 4796 συνεχόντων
2530 4727 2815 4797 ἀπαλλάξῃ
2864 4726 3075 4780 δεινῶν.
3108 4725 3172 4778 Τί
3213 4724 3307 4777 οὖν
3334 4725 3362 4778 ὀ
3388 4721 3544 4790 ταχὺς
3576 4710 3691 4785 ὁμοῦ

2165 4819 2260 4872 καὶ
2293 4818 2585 4889 προμηθὴς
2629 4818 2792 4882 Θεόςς
2837 4815 3228 4869 Ἀναὸάλλεται
3255 4815 3387 4876 τέως
3429 4810 3524 4880 τὴν
3554 4801 3692 4870 ταλά·

2164 4925 2339 4978 τητα,
2391 4913 2483 4962 καὶ
2536 4907 2614 4977 τῷ
2666 4909 2881 4977 μέλλειν
2953 4907 3052 4970 τὰς
3108 4905 3300 4969 ὀδύνας
3364 4894 3690 4956 ἐπιτείνεσθαι

2169 5003 2477 5070 συγχωρεῖ·
2505 4999 2968 5070 προμηθούμενος
2997 5001 3170 5069 δήπου
3221 4998 3312 5050 τὸν
3338 4997 3517 5061 ἱκέτην
3541 4993 3690 5054 ἀσφα-

2167 5093 2423 5163 λέστερον
2468 5093 2631 5156 ἕξειν,
2679 5087 2864 5161 ἐπειδὴ
2910 5091 3220 5162 πεφύκασιν
3262 5087 3526 5157 ἄνθρωποι
3574 5074 3691 5146 μετά

2166 5183 2266 5254 τὴν
2299 5183 2392 5236 τοῦ
2426 5185 2700 5248 πιέζοντος
2735 5184 3076 5252 ἀπαλλαγὴν,
3112 5179 3222 5236 τῶν
3262 5183 3318 5232 ὲν
3351 5175 3490 5245 αὐτῷ
3521 5167 3688 5233 συνθη-

2169 5274 2279 5328 κῶν
2335 5276 2694 5344 ὑπερφρονεῖν
2748 5272 2964 5346 ῥᾳδίως,
3000 5275 3066 5328 ἂν
3119 5274 3194 5343 μὴ
3247 5269 3440 5329 ταύτας
3474 5255 3688 5331 ἁκριόὦς

2171 5368 2575 5437 ίσχυρίσωνται.

2241 5634 2306 5698 ζ’.
2349 5636 2412 5688 Τί
2463 5636 2524 5689 τὸ
2574 5635 2857 5699 ἑντεῦἸενς
2903 5636 2982 5688 Δι’
3037 5634 3264 5704 ὀνείρων
3318 5626 3453 5691 οῖδτῷ
3498 5621 3559 5673 τὰ
3605 5617 3688 5676 τῆς
