3962 6208
443 329 579 396 1007

1694 347 2072 410 GREGORII
2107 353 2428 416 PALA‘MJS

3543 355 3685 422 1‘03

444 451 865 516 comparandam
895 467 1036 508 csse.
1071 453 1202 507 Cum
1234 455 1396 523 igitur
1418 456 1488 510 ita
1518 455 1818 512 faciendum
1853 458 2001 528 judi-

2112 463 2200 514 καὶ
2224 465 2402 518 τοίνυν
2431 467 2574 519 οὕτω
2601 466 2756 531 δόξαν
2784 485 2840 520 τε
2880 470 2974 522 καὶ
3005 469 3393 536 γεγενημένον,
3415 471 3539 523 ἐπεὶ
3570 473 3683 522 τῶν

441 557 657 601 cassent
710 565 772 601 ac
819 564 875 603 re
907 551 1017 618 ipsa
1071 550 1706 624 fecissent,gubcrnator
1761 571 1996 625 quoque,

439 637 530 701 qui
571 639 805 706 aliquem
852 640 972 695 istis
1021 644 1121 706 sibi
1161 643 1452 699 admodum
1481 646 1801 701 familiarem
1837 649 2001 701 habe-

439 728 553 787 bat,
605 743 832 796 cinoque
884 746 988 786 non
1040 735 1225 803 procul
1281 753 1309 790 a
1361 749 1519 805 portu
1578 737 1901 798 habentem.
1941 748 2000 790 ut

437 821 682 871 emudem
707 823 1038 889 conveniret,
1070 840 1099 880 e
1134 829 1255 881 navi
1295 838 1347 883 et
1378 831 1492 898 ipse
1527 830 1828 885 descendit.
1858 831 2000 885 Ecce

436 921 615 961 autem
650 912 925 978 inopinato
954 921 1300 985 conspicatur
1318 923 1549 976 amicum
1577 938 1732 976 suum
1758 941 1786 978 e
1815 924 2001 978 morbo

435 1003 871 1068 necuuthcntem,
898 1024 1000 1059 non
1057 1025 1254 1070 uxore,
1292 1028 1394 1064 non
1429 1011 1550 1064 filiis
1583 1015 1717 1064 lecto
1755 1014 1998 1066 a-sideu-

435 1091 602 1155 tibus,
635 1104 724 1145 aut
757 1097 1006 1152 so‘latimu
1040 1117 1182 1170 aigro
1210 1120 1302 1168 pro
1329 1105 1465 1156 virili
1494 1121 1586 1157 sua
1616 1105 2000 1169 affezeutilms;

433 1181 563 1248 quin
619 1186 798 1252 potius
859 1190 957 1258 ipsi
1011 1209 1224 1262 quoque
1281 1210 1400 1247 cum
1467 1199 1620 1266 longa
1683 1201 2001 1268 a-gritutline

436 1270 723 1337 luctantes,
781 1286 835 1329 et
888 1294 1053 1348 prope
1087 1285 1153 1336 ab
1203 1285 1294 1338 illo
1345 1287 1750 1352 decumbentes,
1783 1289 1999 1344 dolores

433 1361 551 1430 ejus
582 1366 867 1435 augebant.
905 1368 1267 1435 Quamobrem
1296 1376 1434 1430 Petri
1484 1382 1745 1432 ratiOnem
1789 1383 1998 1433 vivendi

436 1452 618 1506 animo
650 1457 893 1512 recolens
922 1462 1249 1524 gubernator
1273 1476 1409 1532 (erat
1441 1485 1630 1537 nempe
1663 1472 1882 1525 idoneus
1909 1473 1999 1540 qui

433 1560 497 1597 ex
536 1549 745 1602 modica
794 1557 1207 1610 conversatione
1246 1561 1496 1614 virtutem
1539 1565 1636 1616 viri
1686 1563 2000 1634 COlelCCI'Cl)

435 1635 728 1703 alloquitur
759 1640 1058 1707 infirmum,
1085 1656 1134 1697 et
1166 1664 1179 1698 :
1219 1647 1415 1713 Inveni,
1453 1653 1645 1720 inquit,
1697 1655 1996 1708 amicorum

434 1729 809 1798 dilemissime,
841 1736 1172 1804 remedium,
1206 1755 1311 1807 quo
1350 1744 1491 1810 quod
1529 1754 1578 1796 tc
1615 1754 1848 1815 tuosque
1878 1762 2000 1814 pre-

2109 570 2192 617 τις
2227 555 2508 624 ἐγχωρίων
2538 561 2592 620 ἐς
2625 560 2690 610 τὰ
2726 548 2958 627 μαλιστα
2989 559 3065 627 τῷ
3096 558 3410 630 κυϐερνήτῃ
3438 560 3682 630 συνήθης

2110 639 2198 712 ἦν,
2233 645 2396 698 αὑτοῦ
2430 664 2527 698 που
2564 648 2697 716 πρὸς
2731 648 2808 715 τῷ
2834 648 3017 715 λιμένι
3051 650 3145 701 καὶ
3203 652 3276 718 μὴ
3325 653 3519 720 πόρρω
3549 669 3684 703 κατ-

2113 736 2440 803 ῳκισμένου,
2467 737 2540 798 ὡς
2570 739 2731 791 αὐτὸν
2779 739 2942 807 ἀπῄει
2980 741 3073 792 καὶ
3117 741 3279 803 αὐτὸς
3321 742 3532 804 ἀποϐάς
3557 757 3573 772 ⁶
3623 744 3685 804 ὃς

2113 826 2404 895 κλινοπετῆ
2431 829 2523 880 τὸν
2551 831 2766 898 ἑταῖρον
2795 829 2854 893 ἐξ
2884 831 3293 900 ἀπροσδοκήτου
3325 833 3682 900 τεθεαμένο·,

2110 918 2209 986 τήν
2237 936 2294 971 τε
2331 920 2562 988 σύζυγον
2597 922 2747 988 αὐτῷ
2775 924 2870 976 καὶ
2901 923 3027 984 τοὺς
3077 924 3293 985 παῖδας,
3324 926 3385 978 οὐ
3425 943 3686 994 παρακα·

2112 1010 2398 1079 θημένους,
2432 1013 2526 1064 καὶ
2582 1013 3009 1083 μηχανωμένους
3068 1013 3402 1084 παραψυχὴν
3450 1016 3551 1084 ὅση
3585 1016 3684 1067 δύ-

2110 1120 2271 1171 ναμις
2313 1103 2390 1174 τῷ
2420 1105 2685 1168 νοσοῦντι,
2731 1107 2921 1174 μακρᾷ
2951 1107 3008 1159 δὲ
3046 1106 3141 1159 καὶ
3180 1107 3380 1167 αὐτοὺς
3426 1124 3686 1178 etpost:-

2111 1193 2360 1258 λαίοντας
2415 1197 2590 1265 νόσῳ,
2650 1196 2744 1247 καὶ
2807 1197 2884 1264 τῷ
2939 1197 3310 1265 παρακεῖσθαι
3377 1199 3438 1250 τὸ
3503 1198 3684 1250 δεινὶν

2109 1289 2503 1352 ἐπιτείνοντας,
2537 1288 2632 1357 τὴν
2665 1288 2874 1358 Πέτρου
2911 1288 3194 1342 πολιτείαν
3239 1290 3333 1342 ἐπὶ
3385 1289 3513 1342 νοῦν
3540 1290 3646 1341 ἀνα
3667 1317 3680 1326 -

2109 1380 2286 1432 λαϐὼν
2337 1379 2528 1448 (δεινὸς
2571 1379 2678 1449 γὰρ
2731 1375 2822 1449 ἦν,
2861 1379 2936 1441 ὡς
2968 1381 3168 1441 ἔοικεν,
3208 1380 3264 1445 ἐξ
3323 1375 3506 1446 ὀλίγου
3543 1397 3684 1448 συμο

2110 1471 2294 1522 ϐαλεῖν
2322 1470 2513 1539 ἀνδρὸς
2544 1471 2766 1540 ἀρετήν)
2793 1487 2806 1500 ·
2843 1470 3085 1540 Εὕρηταί
3119 1489 3209 1541 μοι
3239 1470 3332 1523 τοῦ
3364 1470 3590 1524 πανοικί
3624 1488 3684 1522 σε

2109 1562 2386 1625 πιέζοντος
2429 1563 2742 1632 φάρμακον,
2773 1557 2818 1615 ὧ
2859 1563 2981 1631 φίλε
3020 1564 3230 1632 ἑταῖρε,
3283 1561 3686 1630 προσεφώνησε

2110 1651 2185 1715 τῷ
2215 1651 2490 1704 νοσοῦντι·
2524 1653 2618 1704 καὶ
2669 1652 2768 1720 τῆς
2818 1652 2992 1715 οἰκίας
3038 1652 3201 1715 εὐθὺς
3259 1647 3418 1713 αὖθις
3459 1652 3684 1716 ἀπεπήο

2108 1739 2289 1808 δησεν.
2323 1733 2398 1810 ἾδΙ
2432 1740 2487 1792 δὲ
2533 1740 2708 1794 ποδῶν
2754 1738 2900 1809 εἶχεν
2934 1743 3013 1804 είς
3066 1741 3165 1810 τὴν
3197 1740 3331 1794 ναῦν
3363 1739 3685 1809 ἐπανήκων,

437 1820 534 1874 mit
594 1823 792 1877 malum
858 1826 1157 1895 dispellam.
1211 1831 1439 1901 Moxque
1496 1837 1657 1890 domo
1701 1852 1999 1906 egressas,

2112 1829 2332 1884 ἕπεσθαί
2362 1832 2409 1884 οἱ
2435 1830 2528 1883 τὸν
2563 1832 2651 1884 δια
2680 1831 2916 1898 Χριστον
2943 1831 3257 1900 καταπειθῆ
3303 1833 3440 1884 πᾶσι
3475 1830 3687 1894 Πέτρον

435 1924 634 1979 quanta
669 1924 876 1983 poterat
907 1921 1183 1976 celeritate
1208 1926 1382 1977 navim
1410 1930 1599 1996 repetit
1626 1945 1640 1990 ;
1675 1946 1736 1984 ac
1762 1931 2000 1997 Petrum,

435 2006 687 2060 uumihus
745 2009 944 2064 Christi
1005 2029 1166 2067 causa
1222 2017 1794 2086 obsequentissimum,
1835 2039 1891 2078 se
1948 2035 2002 2076 ut

436 2110 717 2166 sequatur,
753 2114 921 2169 rogat.
958 2104 1003 2158 ls
1037 2121 1162 2158 vero
1193 2108 1371 2161 statim
1413 2111 1626 2174 obedit,
1663 2131 1687 2165 a
1727 2113 1830 2168 Deo
1867 2118 2002 2167 inte-

439 2188 567 2240 I'iori
592 2199 734 2242 motu
761 2192 1094 2250 stimulatus.

507 2277 592 2331 M.
617 2278 838 2336 Confert
871 2298 930 2337 se
962 2284 1125 2352 igitur
1156 2287 1222 2341 ad
1256 2289 1474 2344 domum
1503 2293 1671 2357 illam,
1696 2295 1998 2350 incolarum

437 2385 656 2425 suorum
700 2373 1020 2432 infirmitate
1047 2377 1321 2446 afﬂictam,
1371 2399 1603 2454 eamque
1647 2388 1796 2442 dicto
1836 2390 2000 2442 citius

437 2464 594 2532 erigit
627 2467 975 2539 roboratque.
1017 2468 1112 2525 Ubi
1148 2473 1289 2525 enim
1347 2485 1501 2541 pater
1549 2478 1805 2541 familias,
1853 2483 2002 2549 gravi

438 2555 628 2608 morbo
677 2556 949 2623 detentus,
1005 2559 1234 2627 primum
1293 2565 1577 2631 conspexit
1631 2565 1999 2618 admirabilem

441 2647 648 2702 huncce
681 2649 894 2705 Patrem
927 2668 942 2717 ;
970 2654 1227 2705 continuo
1258 2656 1442 2710 mitius
1476 2641 1692 2720 habuit,
1731 2661 1792 2711 ad
1825 2674 1884 2713 se
1919 2676 2002 2713 re-

439 2753 632 2792 versus
655 2750 758 2803 est,
802 2742 1055 2805 surrexit,
1092 2744 1154 2796 ad
1190 2745 1352 2812 pedes
1393 2747 1586 2800 medici
1631 2748 1713 2800 sui
1749 2749 2002 2816 procidit,

438 2842 502 2882 ac
560 2845 722 2884 sanus
781 2835 1029 2896 exstitit;
1064 2852 1182 2889 mox
1238 2837 1360 2890 inde
1399 2853 1560 2905 quam
1593 2840 1851 2895 citissime
1880 2856 2002 2896 sur-

435 2933 590 2988 gens,
651 2923 874 2978 deduxit
909 2924 1126 2979 Petrum
1160 2929 1224 2980 ad
1269 2929 1467 2982 liberos
1505 2940 1670 2999 atque
1735 2948 1954 2987 uxorem
1989 2953 2002 3002 ;

439 3011 633 3077 quibus
672 3016 924 3070 omnibus
949 3018 1258 3083 sanitatem,
1287 3037 1350 3074 ae
1368 3022 1409 3074 si
1439 3021 1581 3075 illam
1613 3038 1798 3077 revera
1835 3027 2006 3079 mani-

446 3105 545 3159 bus
593 3103 780 3170 [ει-πει,
858 3108 1207 3176 integerrime
1267 3114 1525 3169 reStituit.
1577 3114 1728 3170 Illico
1775 3133 2072 3206 namquec

439 3199 644 3260 cuncti,
696 3199 883 3253 morbo
912 3213 976 3254 ac
1003 3201 1279 3256 doloribus
1313 3219 1450 3272 quos
1485 3209 1832 3275 patiebantur
1866 3210 2004 3265 lihe-

441 3294 568 3355 rati,
599 3293 894 3347 incolumes
925 3308 1313 3365 surrexerunt,
1357 3301 1519 3355 nescii
1567 3304 1691 3371 quid
1741 3303 2000 3369 facerent,

441 3384 637 3449 quidve
679 3383 1026 3453 loquerentur
1065 3388 1243 3453 Petro,
1280 3405 1387 3459 quo
1433 3401 1636 3446 tantum
1682 3394 2002 3450 beneficium

441 3477 773 3531 sullit-ienter
812 3494 1246 3548 compensarem.
1279 3485 1343 3537 At
1379 3485 1503 3550 ille,
1540 3503 1699 3556 quam
1736 3489 2002 3544 alienissi-

442 3584 562 3622 mus
591 3584 620 3622 a
654 3571 810 3624 laude
832 3587 929 3624 sua
955 3574 1186 3627 reditum
1224 3577 1481 3644 urgebat,
1513 3580 1752 3649 nihilque
1781 3585 2005 3638 omnino

440 3670 623 3712 tantus
667 3662 732 3713 ad
778 3677 964 3716 eorum
1016 3664 1280 3732 plausus,
1314 3666 1576 3738 quidquid
1605 3682 1812 3739 gestum
1868 3685 2002 3738 erat,

443 3751 553 3807 Deo
611 3757 821 3809 aUctori
876 3756 1141 3811 referebat
1203 3771 1508 3829 acceptum.
1559 3762 1802 3833 Cumque
1841 3768 2002 3818 etiam

439 3845 721 3911 pecuniam
749 3862 965 3901 reverso
988 3848 1098 3916 jam
1150 3851 1214 3900 ad
1265 3851 1440 3903 navim
1491 3862 1682 3906 sancto
1727 3853 2004 3919 afferrent,

442 3939 572 3992 Illhil
633 3943 925 4010 quidquam
988 3944 1248 3997 admisit:
1298 3943 1536 4012 Equum
1571 3961 1678 3999 non
1721 3961 1862 4013 esse,
1922 3949 2006 4001 in-

441 4034 652 4100 quiens.
689 4041 746 4084 ttt
781 4049 876 4101 pro
910 4035 1184 4089 beneﬁciis
1211 4076 1224 4097 ,
1279 4054 1304 4087 ιι
1361 4037 1466 4090 Deo
1501 4037 1601 4090 sibi
1635 4038 1868 4104 collatis,
1907 4041 2006 4094 h0-

443 4124 572 4176 tuini
607 4129 810 4191 gratias
858 4138 1051 4194 agant;
1090 4127 1184 4181 sed
1220 4130 1316 4196 ipsi
1371 4128 1479 4182 Deo
1533 4141 1683 4183 Casta
1714 4145 1777 4182 ac
1807 4142 2009 4200 tempe-

443 4217 584 4270 ranti
627 4219 731 4270 vita
767 4217 1120 4287 probatisque
1175 4224 1414 4274 moribus
1451 4222 1783 4285 adluereanl,
1817 4239 2010 4276 secun-

442 4309 568 4359 dum
603 4306 768 4360 Deuu
799 4309 963 4359 vitam
1005 4311 1286 4362 instituant
1310 4351 1323 4372 ,
1353 4311 1484 4364 nihil
1519 4327 1706 4364 eorum
1739 4329 1856 4380 qtue
1894 4317 2006 4367 lieri

443 4397 548 4448 vol:
611 4406 982 4461 contemnant,
1037 4400 1167 4451 nihil
1217 4401 1357 4466 quod
1409 4403 1458 4454 ei
1514 4403 1765 4469 displicet
1798 4405 2005 4471 uspiam

2105 1925 2334 1978 αἰτεῖται
2368 1940 2383 1956 ο
2422 1925 2514 1976 καὶ
2561 1924 2618 1986 ὃς
2645 1924 2807 1986 εὐθὺς
2838 1924 3124 1990 ὑπακούει,
3155 1923 3252 1976 καὶ
3303 1921 3396 1975 τοῦ
3443 1920 3579 1974 Θεοῦ
3613 1921 3683 1989 δή

2106 2033 2206 2068 που
2237 2015 2435 2086 νοερῶς
2469 2015 2950 2086 παρορμήσαντος.

2177 2281 2258 2333 ιδ’.
2317 2281 2436 2332 Ἐπὶ
2487 2280 2584 2350 τὴν
2633 2280 2722 2332 ὑπ’
2777 2279 3085 2349 ἀρρωστίας
3137 2279 3434 2350 τοιγαροῦν
3483 2281 3681 2333 ἀνατε-

2105 2375 2412 2443 τριςιμένηπν
2469 2373 2684 2440 ἐκείνην
2733 2372 3041 2440 ἀφικνεῖται
3082 2373 3285 2436 οἰκίαν,
3326 2374 3422 2424 καὶ
3479 2371 3682 2424 θᾶττον

2105 2466 2136 2536 ἢ
2163 2468 2318 2534 λόγος
2351 2465 2621 2534 ἀνεγείρει
2649 2464 2852 2533 ταύτην
2891 2464 2986 2516 καὶ
3023 2464 3408 2534 ὲπ;ρώνννσιν.
3454 2465 3544 2523 Ὠς
3571 2465 3679 2532 γὰρ

2108 2558 2267 2626 μόνον
2315 2557 2394 2618 είς
2429 2555 2559 2607 θέαν
2597 2551 2728 2625 ἦλθε
2778 2554 2870 2608 τοῦ
2909 2555 3214 2625 θαυμασίου
3253 2555 3406 2608 τοῦδε
3440 2555 3679 2626 ΙΙατρδς,

2105 2653 2132 2702 ὁ
2156 2649 2347 2719 βαρείᾳ,
2388 2647 2528 2716 νόσῳ
2579 2646 2984 2717 κατεσχημένος
3023 2648 3250 2710 ἐκεῖνος,
3286 2649 3434 2718 ῥᾴων
3483 2663 3543 2698 τε
3582 2644 3677 2710 ἦν.

2106 2741 2200 2792 καὶ
2223 2739 2475 2807 ἀνέφερε,
2508 2739 2601 2791 καὶ
2650 2739 2930 2799 ἀνίστατο,
2961 2739 3056 2790 καὶ
3105 2739 3216 2801 τοῖς
3266 2739 3395 2790 ποσὶ
3435 2740 3682 2809 προσπί-

2109 2849 2256 2884 πτων
2305 2830 2399 2883 τοῦ
2451 2829 2938 2899 τεθεραπευκότος,
2977 2830 3288 2898 ἐρρωμένος
3337 2827 3678 2898 ἐτύγχανεν·

2107 2917 2206 2974 εἷθ’
2239 2921 2381 2973 οὕτω
2407 2924 2578 2991 ταχὺς
2610 2922 2825 2974 ἐκεῖθεν
2855 2923 3174 2988 διαναστὰς,
3201 2925 3292 2975 ἐπὶ
3321 2925 3446 2984 τοὺς
3478 2924 3682 2985 παῖδάς

2107 3030 2164 3065 τε
2219 3013 2314 3065 καὶ
2363 3019 2462 3082 τὴν
2496 3013 2727 3080 σύζυγον
2759 3013 2985 3067 διεκίνει
3037 3015 3130 3067 τὸν
3175 3015 3403 3084 Πέτρον,
3433 3017 3529 3068 καὶ
3575 3015 3684 3082 τὴν

2108 3104 2315 3172 ὑγίειαν
2341 3105 2534 3174 ὥσπερ
2561 3108 2887 3177 αὐτόχρημα
2934 3109 3054 3159 ταῖν
3091 3110 3273 3176 χεροῖν
3303 3107 3510 3175 φέρων,
3540 3107 3683 3158 πᾶσι

2107 3197 2342 3266 δαψιλῶς
2397 3197 2613 3266 ἔνεμεν.
2685 3200 2778 3251 Ἐκ
2841 3199 2937 3252 τοῦ
3001 3199 3205 3261 εὐθέως
3263 3200 3372 3268 γὰρ
3435 3200 3684 3259 ἅπαντες

2107 3284 2344 3349 egena;
2403 3287 2497 3355 τῆς
2550 3292 2730 3350 νόσου,
2784 3289 2878 3340 καὶ
2934 3288 3041 3340 τῶν
3101 3290 3434 3357 συνεχόντων
3483 3287 3683 3339 δεινῶν

2106 3377 2411 3446 κρείττονες
2438 3378 2809 3447 ἀνηγείροντο,
2829 3379 2922 3431 καὶ
2951 3380 3049 3448 οὐχ
3073 3380 3101 3431 ὅ
3131 3397 3184 3432 τι
3213 3380 3472 3450 δράσειαν
3502 3374 3680 3447 εἶχον,

2106 3472 2204 3537 οὐχ
2252 3470 2280 3521 ὃ
2318 3485 2369 3520 τι
2407 3467 2622 3532 λέξειαν
2673 3472 2887 3539 Πέτρῳ,
2915 3473 3050 3537 προς
3107 3471 3167 3523 τι
3215 3471 3314 3539 τῆς
3357 3471 3681 3539 εὐεργεσίας

2107 3562 2342 3632 ἀποχρδν
2398 3561 2659 3630 μέγεθος·
2697 3561 2755 3614 ὃν
2803 3565 2865 3631 δὴ
2916 3567 3008 3616 καὶ
3058 3567 3116 3617 τδ
3164 3563 3286 3616 λίαν
3340 3559 3678 3630 ἀφιλόδοξον.

2109 3659 2245 3727 πρὸς
2295 3658 2392 3728 τὴν
2440 3658 2701 3710 ἐπάνοδον
2750 3659 2966 3726 ἤπειγε,
3000 3659 3131 3728 πρὸς
3176 3657 3267 3710 τὸν
3305 3657 3398 3709 ὑπ’
3447 3656 3684 3708 ἐκείνων

2109 3750 2302 3820 κρότον
2349 3749 2750 3818 ἀνεπίστροφον
2801 3750 3150 3804 παντάπασιν
3197 3749 3345 3809 ὄντα,
3391 3748 3486 3801 καὶ
3539 3746 3685 3815 πρὸς

2108 3843 2239 3895 Θεὸν
2269 3842 2609 3910 ἀναφέροντα
2644 3840 2744 3909 τὴν
2791 3841 2899 3892 τῶν
2948 3842 3258 3910 γενομένων
3294 3841 3473 3892 αἰτίαν
3493 3853 3506 3868 ⁶
3535 3831 3580 3905 ᾧ
3611 3838 3684 3905 δὴ

2109 3935 2206 3987 καὶ
2248 3936 2508 4004 χρήματα
2558 3934 2764 3985 τούτων
2823 3935 3326 4001 προσενεγκόντων,
3381 3929 3519 4000 μετά
3575 3928 3686 3992 τὴν

2111 4027 2246 4096 πρὸς
2293 4023 2424 4078 ναῦν
2474 4023 2829 4088 ὲπανὰλυσιν,
2883 4025 3046 4085 αὐτὸς
3095 4025 3156 4076 οὐ
3214 4023 3548 4092 προσήκατο,
3592 4019 3688 4087 Μὴ

2111 4120 2240 4181 δεῖν,
2277 4117 2456 4181 αὐτοῖς
2510 4119 2704 4185 λέγων,
2758 4116 2900 4186 ὑπὲρ
2962 4117 3069 4169 τῶν
3126 4116 3232 4168 ὑπὸ
3280 4114 3413 4166 Θεοῦ
3466 4111 3687 4174 τούτοις

2110 4209 2329 4274 ἀγαθῶν
2379 4207 2770 4276 ὑπηργμένων,
2805 4206 3079 4276 ἀνθρώπῳ
3139 4206 3236 4272 τὴν
3276 4205 3434 4274 χάριν
3485 4203 3692 4270 ὁμολο-

2112 4301 2248 4364 γεῖν,
2271 4299 2384 4351 ἀλλ’
2407 4298 2599 4367 ἐκείνῳ
2619 4297 2706 4349 διὰ
2733 4296 2973 4364 καθαροῦ
3006 4312 3063 4347 τε
3099 4294 3215 4362 βίου
3251 4295 3346 4346 καὶ
3380 4292 3689 4360 σώφρονος,

2111 4393 2202 4442 καὶ
2235 4391 2450 4458 τρόπων
2485 4389 2843 4458 προσανέχειν
2872 4385 3216 4455 ἐλευθερίων,
3244 4385 3336 4435 καὶ
3371 4383 3512 4436 κατὰ
3547 4385 3695 4436 Θεὸν

445 4498 679 4552 pati-ent.
709 4489 781 4539 Ita
809 4503 1039 4556 namque
1077 4490 1314 4544 futurum
1345 4502 1447 4556 est,
1479 4493 1677 4562 inquit,
1708 4507 1757 4546 ut
1784 4495 2005 4562 juvaute

2114 4480 2229 4549 ζῇν,
2289 4480 2452 4549 μηδὲν
2510 4477 2898 4549 ὑπερορῶντας
2944 4476 3052 4528 τῶν
3111 4473 3276 4528 αὑτοῦ
3330 4473 3686 4543 θελημάτων,

448 4580 556 4631 νει)
588 4593 694 4630 nou
749 4579 1015 4647 amplus,
1057 4582 1131 4632 ttti
1171 4582 1328 4649 paulo
1371 4593 1497 4637 ante
1545 4584 1808 4638 med:cina
1869 4584 2010 4636 iudi-

444 4670 636 4740 gcatis,
676 4671 780 4722 imo
812 4683 912 4723 nec
945 4671 996 4724 in
1032 4672 1277 4726 morbum
1319 4672 1788 4726 deuuoincidatis.

2114 4572 2248 4639 μηδὲ
2283 4569 2392 4621 τῶν
2419 4568 2850 4638 ἀπαρεσκόντων
2879 4567 3016 4628 ὅλως
3059 4566 3256 4634 ἐκείνῳ
3290 4565 3417 4617 ποτὲ
3458 4567 3688 4632 γινομέο

2110 4681 2235 4724 νους
2259 4677 2272 4692 ⁸
2298 4661 2439 4714 οὕτω
2469 4663 2578 4731 γὰρ
2607 4661 2786 4729 ὑμεῖς,
2819 4660 3003 4728 φησὶν,
3033 4657 3154 4709 οὐδὲ
3193 4655 3436 4726 ἰατρείας
3472 4657 3554 4707 ἔτι
3588 4658 3690 4708 σὺν

2111 4756 2229 4822 Θεῷ
2267 4753 2525 4838 δεήσεσθε
2578 4754 2672 4806 ἇτε
2715 4752 2810 4820 τὴν
2847 4751 3044 4823 ἀρχὴν,
3081 4748 3219 4817 μηδὲ
3263 4748 3404 4818 νόσῳ
3453 4765 3688 4816 οιτεριιτε⁹

2115 4851 2318 4908 σοντες.

1894 4983 2120 5038 CAPUT
2162 4983 2248 5037 ΙΙΙ.

1201 5103 1307 5156 Iter
1329 5104 1381 5156 in
1414 5113 1636 5156 montem
1677 5103 1890 5169 Alliam,
1923 5114 1970 5156 et
2011 5105 2114 5157 vita
2149 5105 2260 5156 illic
2298 5104 2430 5156 dure
2455 5111 2734 5170 sancteque
2767 5109 2910 5153 acta.

526 5225 611 5276 15.
641 5223 776 5277 Cum
828 5222 1024 5275 talibus
1079 5219 1274 5275 Petrus
1323 5221 1483 5275 dictis
1522 5220 1758 5272 animmn
1807 5236 2020 5288 quoque

451 5315 727 5367 luuuiuum
775 5313 1003 5365 istorum
1034 5320 1182 5364 recte
1232 5311 1645 5376 composuisset,
1673 5309 1840 5377 jussit
1894 5311 2018 5364 illos

452 5408 668 5461 dommu
703 5402 937 5465 reverti;
973 5401 1085 5469 ipse
1117 5414 1242 5453 vero
1270 5415 1300 5454 e
1330 5411 1486 5468 portu
1529 5402 1690 5456 solvit
1740 5417 1860 5455 cum
1892 5402 2016 5456 reli-

452 5498 574 5566 quis
615 5494 948 5556 vectoribus,
985 5491 1072 5559 qui
1099 5499 1154 5545 et
1180 5490 1395 5546 felicem
1433 5495 1828 5564 navigationem
1861 5509 2011 5549 suam

454 5590 555 5640 viri
611 5584 785 5638 sancti
829 5583 1118 5637 virtutibus
1166 5583 1470 5638 referebant
1527 5595 1826 5655 acceptam.
1875 5585 2016 5640 Toto

455 5679 658 5745 quippe
688 5687 912 5728 eatenus
959 5685 1217 5743 tempore,
1253 5677 1341 5728 diu
1377 5691 1664 5746 noetuque,
1713 5689 1873 5732 vento
1925 5693 2014 5731 se-

453 5770 630 5819 cundo
660 5766 1039 5831 navigaverant
1067 5783 1080 5830 ;
1138 5781 1198 5820 ac
1231 5768 1476 5823 eumdem
1505 5769 1852 5838 impostcrum
1883 5784 2017 5836 quo-

2189 5219 2268 5274 ιε’.
2299 5219 2486 5281 Οὕτως
2512 5219 2717 5280 ἐκεῖνος
2751 5218 2845 5269 καὶ
2874 5215 2966 5268 τὸν
2997 5213 3145 5275 ἐντὸς
3182 5215 3370 5275 αὐτοῖς
3402 5212 3699 5280 ἄνθρωπον

2115 5309 2174 5362 εὖ
2212 5309 2606 5378 διατιθέμενος,
2649 5308 2773 5368 τοὺς
2836 5306 2934 5376 μὲν
2985 5304 3169 5357 οἴκαδε
3219 5305 3523 5372 ἐπέτρεπεν
3592 5306 3694 5356 ἐπ-

2114 5401 2344 5464 ανιέναι,
2389 5402 2499 5462 τοῖς
2536 5398 2874 5467 συμπλέουσι
2907 5397 2962 5448 δὲ
3015 5395 3178 5458 αὐτὸς
3236 5399 3593 5461 συνανὴγετο,
3645 5400 3694 5447 οξ

2115 5494 2207 5545 καὶ
2236 5493 2337 5560 τῆς
2377 5492 2526 5558 σφῶν
2571 5490 2846 5552 εὐπλοῒας.
2900 5487 3122 5556 τάνδρδς
3160 5485 3394 5554 ᾐτιῶντο
3425 5487 3525 5554 τὴν
3563 5487 3696 5554 ἀρε-

2117 5583 2238 5653 τὴν,
2269 5583 2326 5646 ἐξ
2371 5582 2558 5652 οὐρίας
2585 5599 2598 5611 ο
2633 5571 2724 5633 καὶ
2752 5583 2857 5649 γὰρ
2893 5578 2981 5631 διὰ
3030 5578 3212 5646 πάσης
3253 5577 3467 5646 ἡμέρας
3503 5593 3563 5628 τε
3598 5581 3696 5628 καὶ

2122 5677 2338 5737 νυκτὸς,
2360 5675 2452 5726 τὸν
2486 5675 2645 5744 μέχρι
2671 5672 2822 5725 τοῦδε
2856 5670 3021 5722 πλοῦν
3052 5669 3392 5738 ἧνυσανυιιαῖ
3430 5668 3564 5733 περὶ
3596 5666 3694 5718 τοῦ

2079 5779 2083 5782 ‘
2126 5768 2411 5837 μέλλοντος
2465 5769 2707 5838 ὑπῆρχον
2757 5765 3112 5834 θαρροῦντες.
3153 5760 3312 5814 Ἀλλά
3359 5761 3469 5829 γὰρ
3515 5757 3695 5822 οὕτως
