3912 6188
289 230 426 294 lfll9

1407 248 1584 308 VlTA
1615 251 1674 310 S.
1714 251 1942 314 PETRI
1978 257 2403 322 ᾹΤΗΟΝΙΤΕ.

3393 268 3529 333 10ὶο

284 343 516 408 ἐχόντων
549 359 608 395 τε
642 345 730 396 καὶ
761 345 1178 415 διανοουμένων,
1209 352 1270 402 ὲκ
1305 354 1396 404 τοῦ
1437 356 1841 425 ἀπροσδοκήτου.

1957 382 2060 434 que
2090 368 2391 424 aﬂlaturnzu
2425 372 2652 428 fidenter
2677 376 2984 443 sperabant.
3033 375 3222 434 Verum
3260 380 3433 436 taliter
3458 382 3526 436 iis

283 433 652 497 παντάπασιν,
711 435 787 488 ἔτ’
840 437 992 502 ὄντος
1055 441 1144 493 τοῦ
1164 443 1518 514 ’πνεύματος
1561 449 1851 520 ἐπιφόρου,

280 525 377 574 καὶ
419 525 678 594 λαμπροῦ
724 528 865 580 κατὰ
929 531 1190 600 πρύμναν
1236 537 1696 605 προσβάλλοντος,
1760 542 1856 594 τοῦ

279 614 470 682 πρόσω
520 617 838 685 προϐαίνειν
891 622 921 689 ἡ
974 622 1105 685 ναῦς
1155 627 1394 692 ἀφεῖται,
1450 633 1545 684 καὶ
1597 631 1856 700 ἀκίνητος

279 706 462 772 ἔμενε.
497 705 682 760 Πάντα
724 710 782 762 δὲ
815 711 1004 764 κάλων
1039 717 1266 771 ἐκείνων
1300 720 1616 785 κινούντων,
1645 722 1720 786 ὡς
1760 726 1856 778 καὶ

279 797 312 862 ἠ
363 798 634 864 napo-pia
670 800 821 868 φησὶ,
871 803 938 854 τά
975 804 1076 873 τῆς
1115 808 1401 877 ἀκινησίας
1447 812 1697 883 ούδαμῶς
1742 816 1856 867 ἐνε-

277 887 446 940 δίδου.
490 889 597 941 Καὶ
627 890 690 960 δὴ
728 891 836 944 τῶν
885 897 1097 948 ναυτῶν
1143 899 1598 972 ἐξηπορημένων,
1631 907 1726 959 καὶ
1766 923 1856 974 μισ

279 977 415 1046 κροῦ
465 980 566 1048 τῆς
611 982 732 1051 ίσης
775 988 1153 1056 μετασχόντων
1206 993 1518 1063 ἀκινησίας,
1552 995 1711 1050 τοῦτο
1757 999 1854 1066 μὲν

281 1069 370 1121 ὑπ’
420 1071 755 1141 ἐκπλήξεως,
791 1073 950 1126 τοῦτο
996 1077 1051 1129 δὲ
1094 1080 1186 1132 καὶ
1221 1083 1329 1136 ἀπὸ
1373 1084 1466 1137 τοῦ
1505 1086 1674 1156 μηδὲν
1710 1087 1855 1157 ἔχειν

283 1161 569 1228 πράττειν.
604 1163 788 1227 Οὕτως
811 1167 875 1219 ἐκ
914 1169 1083 1221 τόπου
1125 1171 1220 1225 τοῦ
1251 1177 1579 1244 πράγματος
1623 1178 1794 1245 ὄντος,
1826 1181 1854 1232 ὁ

280 1250 424 1313 θεῖος
463 1253 665 1324 Πέτρος
694 1259 792 1325 τῆς
829 1259 1055 1328 ἡσυχίου
1097 1262 1369 1332 καθέδρας
1397 1267 1726 1332 ἐξαναστάς,
1759 1271 1854 1322 καὶ

281 1341 773 1412 περιϐλεψάμενος,
806 1348 867 1400 τὸ
899 1349 994 1401 τοῦ
1026 1351 1449 1424 διαφαινομένου
1492 1358 1650 1428 ὅρους
1681 1361 1851 1429 δνομα

279 1432 495 1502 ἐρωτᾷο
529 1436 557 1487 ὁ
583 1435 647 1497 δὴ
677 1436 769 1490 τὸν
802 1439 951 1492 Ἀθω
992 1444 1295 1514 πυθόμενος
1347 1443 1508 1512 εἶναι,
1545 1449 1745 1518 συνῆκέ
1793 1470 1850 1504 τε

285 1526 380 1574 καὶ
414 1526 754 1593 ἀπαγγέλλει
802 1529 862 1580 τὸ
911 1532 1144 1600 κατέχον
1181 1535 1396 1606 άτρεμῆ
1430 1539 1529 1607 τὴν
1574 1540 1723 1593 ναῦν.
1765 1542 1853 1592 Ἐν

276 1617 474 1684 τούτῳ,
508 1619 693 1688 φησὶν,
734 1620 814 1674 ἔνι
841 1623 918 1693 τῷ
946 1624 1064 1692 Θεῷ
1093 1626 1426 1700 βουλομένῳ,
1459 1631 1553 1684 τὸν
1575 1633 1851 1686 ὑπόλυπον

276 1707 532 1760 διανῦσαι
573 1727 641 1778 με
681 1711 832 1780 βίονο
884 1717 980 1767 καὶ
1024 1715 1103 1786 τῷ
1153 1718 1262 1772 τῶν
1289 1720 1493 1773 οἰάκων
1527 1723 1844 1786 ἐπικαθεζοι
1884 1714 1924 1770 Β

277 1801 452 1870 μένῳ,
479 1802 574 1870 τῆς
603 1805 707 1872 γῆς
743 1804 903 1868 εὐθὺς
933 1809 1070 1876 πρὸς
1109 1812 1168 1862 τὸ
1209 1811 1489 1882 εὐώνυμον
1522 1814 1696 1867 ἰθῦναι
1747 1817 1846 1884 τὴν

272 1890 411 1943 ναῦν
463 1893 844 1959 ἐγκελεύεται·
879 1898 972 1949 καὶ
1018 1897 1099 1964 ὃς,
1147 1899 1222 1963 ὡς
1278 1901 1430 1954 οὐδὲν
1485 1902 1755 1972 μελλήσας
1791 1903 1848 1955 τὸ

279 1982 576 2037 κελευσθὲν
607 1986 824 2055 ἤνυσεν,
861 1990 894 2059 ἡ
927 1991 1055 2053 ναῦς
1080 1990 1188 2044 τῶν
1211 1991 1426 2063 δεσμῶν
1452 1995 1685 2060 ἀνεῖται,
1709 1995 1847 2050 κάπὶ

272 2075 330 2124 τὸ
355 2074 640 2145 εὐκίνητον
666 2077 869 2143 ευθέως
902 2081 1048 2150 μάλα
1081 2083 1400 2152 μετέϐαλεν.

347 2259 436 2316 ις’.
477 2252 605 2322 Ἆρ’
633 2255 733 2308 οὒκ
766 2255 1031 2328 ἔκπληξις
1070 2260 1163 2312 ἐπὶ
1206 2261 1421 2326 τούτοις
1475 2265 1642 2318 πᾶσιν
1697 2263 1848 2333 ἐγγί-

271 2363 452 2408 νιταις
511 2346 632 2408 Πῶς
677 2349 708 2416 ἡ
762 2349 1010 2420 πλώϊμος
1071 2351 1257 2420 φύσις,
1315 2356 1349 2421 ἡ
1404 2355 1504 2425 τῆς
1568 2355 1845 2425 θαλάττης

268 2435 625 2504 mappam;
662 2437 884 2506 ἰδιότης,
914 2441 1007 2491 ποῖ
1033 2441 1134 2510 μὲν
1165 2441 1443 2514 ὑποχωρεῖ
1470 2445 1565 2497 καὶ
1603 2445 1842 2516 πάροδον

267 2526 450 2578 δίδωσι
479 2529 543 2595 τῇ
571 2525 680 2596 νηῒ,
709 2530 775 2598 τῇ
811 2529 1085 2602 προσϐολῇ
1111 2531 1218 2585 τῶν
1248 2535 1580 2602 πνευμάτων
1619 2537 1843 2589 ἐλαυνο-

269 2619 453 2686 μένη·
505 2620 598 2670 ποῖ
640 2619 685 2670 δ’
739 2621 1095 2694 ἀρνησαμένη
1156 2624 1254 2694 τὴν
1316 2627 1502 2693 φύσιν,
1549 2627 1646 2695 τὴν
1695 2628 1842 2680 ἀντι-

272 2703 472 2754 τιπίαν
522 2706 950 2775 μεταλαμϐάνει,
983 2712 1078 2762 καλ⁵
1112 2715 1308 2782 χέρσου
1356 2714 1513 2782 δίκην
1541 2717 1631 2767 ἐπὶ
1657 2716 1841 2787 χώραν

271 2797 648 2865 παρακατέχει
686 2799 786 2866 τὴν
821 2799 983 2866 ναῦν;
1030 2803 1155 2866 Πῶς
1203 2803 1260 2856 δὲ
1313 2805 1408 2857 καὶ
1444 2805 1505 2857 τὸ
1552 2810 1643 2859 τοῦ
1684 2808 1842 2860 πνεύ-

271 2903 442 2952 ματος
495 2888 810 2958 εὐδιάχυτον
866 2893 924 2943 ἐν
983 2895 1144 2964 μέρει
1200 2897 1568 2960 συστέλλεται,
1613 2899 1704 2951 καὶ
1763 2900 1840 2970 μὴ

271 2977 609 3044 ουναρπάζει
681 2981 781 3032 ταύ

272 3068 501 3133 μηδενὸς
530 3071 956 3142 ἐπιτειχίζοντος
1013 3078 1376 3148 συοδροτέρου
1411 3079 1704 3148 σώματοςς
1748 3083 1838 3152 Τῷ

276 3162 377 3227 γάρ
410 3159 678 3231 εὐκινήτῳ
718 3164 826 3216 τῶν
875 3166 1085 3218 ὑδάτων
1135 3170 1195 3219 τὸ
1244 3170 1462 3239 πνεῦμα
1501 3174 1834 3230 πλεονεκτεῖ.

269 3252 379 3301 Καὶ
406 3252 502 3302 τοῦ
536 3253 772 3322 φανῆναι
827 3256 926 3324 τὴν
967 3257 1026 3308 ὲν
1056 3257 1132 3326 τῷ
1167 3259 1406 3328 πυθμένι
1435 3263 1534 3332 τῆς
1566 3264 1838 3336 θαλάττης

266 3344 497 3411 ᾕπειρον
556 3345 759 3414 ταύτης
821 3347 1143 3417 διαστάσης,
1207 3351 1268 3404 τὸ
1328 3352 1604 3425 θαλάττης
1670 3357 1839 3427 ρυτὴν

269 3436 613 3501 ἐπιφάνειαν,
649 3439 966 3508 στερέμνιον
1017 3442 1115 3495 ὅσα
1151 3445 1244 3496 καὶ
1277 3446 1505 3515 ἤπειρον
1559 3451 1833 3514 γενέσθαι,

265 3524 548 3590 θαύματος
569 3526 670 3579 οὐκ
704 3529 910 3581 ἐλάττω
944 3531 1170 3600 φέρεται
1201 3533 1358 3598 δόξαν
1384 3553 1394 3568 ·
1425 3537 1624 3590 ουκοῦν
1662 3558 1836 3608 προσ·

266 3615 451 3666 θετέον
499 3616 657 3670 τοῦτο
708 3621 822 3680 τοῖς
867 3622 1116 3687 παλαιοῖς
1175 3625 1540 3696 θαυμασίοις,
1614 3632 1709 3684 καὶ
1757 3635 1838 3684 δι-

265 3709 505 3794 ηγητέον
533 3708 630 3778 οὐχ
665 3705 828 3779 ἧττον
864 3713 1114 3780 ἐκείνων,
1143 3718 1237 3769 καὶ
1257 3719 1526 3788 ὑμνητέον
1547 3722 1639 3773 ἐπὶ
1665 3723 1838 3794 τούτῳ

264 3801 420 3864 θεὸν,
447 3792 493 3866 ᾧ
545 3801 709 3869 μηδὲν
754 3795 828 3857 ὧν
868 3803 935 3858 ἂν
983 3805 1248 3876 βούλοιτο,
1284 3811 1345 3862 τὸ
1392 3813 1656 3881 παράπαν
1702 3817 1834 3885 ἀνή-

267 3909 446 3946 νυτον.

342 3985 425 4044 ιζ’.
481 3984 618 4036 ⁹Ἀλλ’
645 3985 815 4048 οὕτως
850 3988 876 4038 ὁ
909 3987 984 4054 τῷ
1019 3987 1207 4059 Πέτρῳ
1252 3988 1531 4059 σύμπλους
1555 3993 1740 4060 ὅμιλος
1769 3999 1835 4066 τῇ

265 4076 335 4141 γῇ
373 4075 876 4139 προσπελάσαντες,
904 4077 1042 4140 πρὸς
1089 4080 1188 4147 τὴν
1235 4079 1522 4150 ὑπώρειαν
1568 4084 1836 4140 ἀποϐιϐά-

265 4166 451 4227 ζουσιν
485 4167 586 4218 οὐκ
614 4166 882 4236 ἀδακρυτὶ
929 4170 1022 4220 τὸν
1055 4170 1322 4236 γεννάδαο
1355 4172 1412 4234 ὂς
1449 4174 1546 4226 καὶ
1576 4175 1837 4230 ἀνέλαϐεν

263 4259 366 4326 ἤδη
409 4259 910 4322 καταπεπτωκότας
940 4263 1028 4313 ὑπ’
1073 4263 1262 4326 ἀνοίας
1299 4264 1520 4329 αὐτοὺς,
1557 4269 1837 4336 προειπὼν

1962 461 2214 514 animatis
2268 472 2322 516 et
2367 465 2765 532 cogitantibus,
2809 485 2936 522 ecce
2975 486 3072 524 nec
3111 471 3330 540 opinato
3361 472 3524 540 plane

1961 563 2175 616 eventu,
2217 557 2453 609 secundo
2480 557 2640 610 etiam
2667 572 3047 628 perseverante
3087 568 3248 616 vento
3277 572 3332 616 et
3366 562 3528 617 vehe-

1959 653 2172 698 menter
2221 646 2271 698 in
2333 648 2547 716 puppim
2612 649 2976 716 incumbente,
3035 654 3195 707 desiit
3248 654 3522 722 navigium

1960 747 2124 801 porro
2181 737 2452 804 progredi,
2504 747 2559 793 et
2605 739 2880 796 immobile
2929 744 2979 794 in
3032 743 3152 797 loco
3191 746 3363 798 stetit.
3387 746 3524 812 ipsis

1961 838 2136 880 autem
2173 842 2411 894 omnem,
2430 833 2576 900 quoi
2603 833 2822 898 dicitur,
2847 836 3123 888 rudentem
3160 839 3521 902 moventibus,

1959 917 2090 971 nihil
2120 919 2410 988 quidquam
2446 922 2745 990 profectum
2779 936 2898 990 est;
2945 935 3119 980 nantze
3155 943 3280 980 vero
3323 931 3522 984 mentis

1958 1010 2167 1079 inepcs,
2199 1013 2313 1077 pari
2345 1012 2458 1067 fere
2500 1031 2620 1068 cum
2657 1018 2780 1069 navi
2813 1017 3192 1071 immobilitate
3226 1019 3519 1083 haerebant,

1958 1101 2150 1166 partim
2185 1118 2292 1170 pra).
2325 1116 2546 1171 Stupore
2576 1105 2741 1158 animi
2770 1145 2784 1167 ,
2844 1107 3038 1175 partim
3074 1109 3214 1177 quod
3249 1111 3522 1164 nescirent

1955 1192 2083 1261 quid
2143 1194 2357 1248 consilii
2413 1205 2691 1262 caperent.
2721 1197 2852 1251 Cum
2913 1199 3031 1253 loco
3081 1210 3189 1254 tam
3236 1201 3379 1254 malo
3433 1217 3520 1254 res

1955 1293 2118 1345 esset,
2173 1283 2390 1337 divinus
2448 1283 2640 1339 Petrus
2693 1302 2721 1340 e
2755 1287 2882 1341 sede
2915 1287 3004 1342 ubi
3053 1289 3368 1358 quiescebat
3398 1305 3519 1344 sur-

1954 1389 2108 1444 gens,
2163 1376 2454 1446 oculosque
2513 1377 2939 1444 circumferens,
3001 1380 3201 1434 montis
3259 1381 3349 1448 qui
3387 1380 3521 1435 forte

1955 1471 2054 1524 sub
2079 1480 2354 1540 aspectum
2409 1471 2676 1536 cadebat',
2713 1474 3026 1528 sciscitatur
3074 1490 3268 1528 nomen
3303 1492 3317 1528 :
3361 1491 3519 1544 quem

1958 1562 2045 1616 tibi
2086 1562 2581 1632 Athumappellari
2619 1565 2833 1628 didicit,
2866 1565 3026 1619 simul
3055 1565 3323 1619 intellexit
3356 1576 3520 1634 atque

1954 1653 2088 1706 alios
2115 1653 2296 1706 docuit
2320 1667 2562 1715 causam,
2591 1670 2690 1708 cur
2727 1655 2796 1708 ita
2831 1655 3037 1711 moveri
3085 1657 3266 1710 nescia
3336 1657 3521 1710 consi-

1954 1748 2124 1797 steret
2185 1738 2357 1794 navis.
2387 1738 2442 1793 In
2491 1741 2680 1806 hocce,
2719 1741 2921 1811 inquit,
2959 1751 3140 1796 monte
3173 1743 3278 1798 Deo
3307 1744 3524 1800 volente

1955 1832 2222 1901 reliquum
2258 1846 2390 1884 mea:
2419 1832 2540 1885 vita:
2572 1832 2972 1902 transigendnm
3001 1833 3130 1888 mihi
3162 1845 3243 1888 est
3274 1850 3288 1887 :
3323 1845 3375 1888 et
3402 1836 3519 1889 cla-

1952 1937 2072 1975 vmn
2102 1921 2305 1975 tenenti
2338 1923 2584 1990 imperat,
2606 1932 2662 1977 ut
2689 1924 3062 1979 sinistrorsum
3103 1925 3281 1978 navim
3311 1927 3376 1979 ad
3413 1935 3519 1980 ter-

1951 2029 2066 2068 ram
2099 2026 2239 2068 recta
2275 2015 2472 2082 dirigat
2511 2035 2523 2070 :
2560 2017 2700 2085 quod
2729 2016 2817 2071 ubi
2845 2017 2912 2080 is,
2947 2017 3078 2070 nihil
3104 2026 3406 2078 cunctatus,
3439 2018 3521 2070 rf-

1950 2101 2146 2156 fectmn
2189 2103 2356 2166 dedit,
2392 2104 2534 2158 illico
2567 2105 2752 2169 navis,
2783 2106 2975 2160 solutis
3007 2105 3234 2159 vinculis
3265 2106 3518 2160 facillime

1949 2203 2003 2246 ut
2031 2194 2182 2263 prius
2211 2196 2415 2248 moveri
2438 2195 2626 2264 cmpit.

2024 2284 2105 2337 l6.
2168 2282 2361 2336 Nonne
2413 2283 2537 2337 hinc
2587 2284 2876 2339 admiratio
2931 2284 3142 2339 cunctis
3203 2286 3514 2340 vectoribus

1947 2375 2164 2427 suborta
2221 2373 2420 2440 fuerit;
2455 2390 2561 2443 quo
2609 2386 2765 2444 pacto
2811 2377 3113 2449 navigabile
3166 2378 3514 2440 elementum,

1948 2464 2107 2518 fluida
2135 2465 2298 2519 maris
2327 2468 2660 2535 proprietas,
2687 2468 2844 2525 modo
2870 2471 3026 2524 cedat
3051 2471 3261 2538 iterque
3284 2471 3518 2538 praebeat

1947 2556 2092 2620 navi,
2137 2557 2335 2625 impetu
2374 2568 2654 2613 ventorum
2703 2561 2978 2632 impulse;
3043 2568 3202 2620 modo
3261 2577 3508 2622 naturam

1944 2649 2344 2714 quodammodo
2373 2664 2525 2703 suam
2562 2663 2746 2718 exuta,
2781 2657 3112 2710 contrariam
3157 2669 3420 2722 assumat,
3454 2677 3516 2714 ac

1947 2748 2102 2792 terra:
2138 2740 2308 2794 instar
2342 2741 2549 2794 afﬁxam
2607 2745 2786 2797 navim
2843 2747 3032 2800 eodem
3063 2748 3180 2802 loco
3227 2749 3522 2805 detineat?

1944 2831 2060 2897 Quo
2091 2843 2246 2900 pacto
2279 2834 2404 2888 item
2430 2834 2762 2890 fluidissimae
2794 2847 2998 2894 natura:
3033 2851 3225 2896 ventus
3256 2855 3408 2912 parte
3433 2848 3515 2899 sui

1945 2923 2320 2986 contrahatur,
2354 2937 2418 2978 ac
2447 2923 2629 2977 navim
2682 2927 2970 2982 manifesto
3023 2927 3225 2999 impetu
3277 2947 3377 2986 suo
3410 2949 3515 2988 non

789 2998 888 3050 την
947 2984 1024 3053 τῷ
1100 2991 1393 3056 περιφανεῖ
1457 2989 1553 3059 τῆς
1620 2991 1836 3060 ῥύμης,

1949 3013 2199 3084 abripiat,
2243 3014 2390 3069 nullo
2438 3015 2541 3084 ipsi
2590 3016 2853 3073 validiore
2901 3034 3131 3090 corpore
3169 3023 3514 3090 obsistente;

1941 3115 2134 3160 ventus
2161 3106 2303 3160 cnim
2333 3106 2594 3162 facilitate
2638 3117 2814 3164 motus
2837 3125 3033 3180 aquam
3095 3117 3383 3170 antecedit.
3418 3115 3520 3170 Ne—

1939 3209 2046 3264 que
2098 3209 2226 3249 vero
2287 3195 2512 3250 minoris
2567 3197 2812 3252 miraculi
2865 3200 3092 3266 gloriam
3145 3203 3328 3269 habet,
3372 3207 3517 3274 quod

1939 3287 2102 3340 ﬂuida
2129 3288 2294 3340 maris
2327 3289 2664 3355 superficies,
2717 3290 2782 3342 lir
2797 3306 2882 3343 ma
2911 3293 3156 3347 adinstar
3187 3295 3519 3351 continentis

1941 3379 2081 3432 facta
2113 3378 2218 3442 sit;
2249 3393 2408 3446 quam
2440 3379 2582 3446 quod
2614 3379 2806 3434 divisis
2837 3383 3017 3451 aquis,
3060 3385 3112 3437 in
3139 3383 3305 3440 fundo
3331 3389 3516 3453 maris,

1940 3471 2221 3525 continens
2257 3473 2568 3538 apparuerit
2602 3473 2917 3541 aliquando.
2957 3476 3318 3540 Quamobrem
3351 3479 3520 3534 hocce

1939 3562 2102 3614 etiam
2128 3563 2363 3627 antiquis
2392 3565 2886 3627 annnmerandum,
2913 3580 3011 3616 nec
3039 3566 3215 3619 minus
3245 3584 3408 3634 quam
3431 3571 3516 3624 illa

1940 3652 2319 3721 divulgandum
2361 3655 2508 3705 venit
2547 3653 2906 3709 miraculum:
2947 3657 2998 3709 in
3021 3672 3194 3724 eoque
3226 3659 3388 3723 Deus,
3423 3665 3514 3730 qui

1941 3744 2202 3812 quidquid
2231 3743 2448 3797 libuerit
2477 3752 2586 3797 tam
2622 3745 2776 3799 facile
2815 3746 3050 3815 perlicit,
3077 3748 3284 3804 laudari
3317 3755 3507 3820 praeci-

1942 3849 2043 3903 pue
2071 3834 2255 3889 debet.

2013 4002 2100 4056 l7.
2135 4001 2315 4071 Itaque
2352 4005 2441 4072 qui
2475 4021 2598 4058 cum
2650 4006 2812 4060 Petro
2855 4007 3184 4078 navigabant
3236 4021 3504 4076 vectores.

1941 4095 2061 4148 navi
2099 4104 2256 4148 terra:
2281 4093 2522 4159 admota,
2556 4097 2621 4149 ad
2675 4099 2908 4151 radicem
2954 4101 3159 4154 montis
3185 4117 3508 4170 generosum

1943 4187 2112 4240 virum
2151 4202 2254 4240 non
2302 4188 2419 4240 sine
2465 4188 2721 4256 lacrymis
2766 4190 3090 4245 dimiserunt
3130 4209 3145 4245 :
3188 4209 3323 4260 quos
3377 4195 3510 4262 ipse,

1943 4294 2052 4349 prae
2080 4278 2302 4331 tristitia
2321 4279 2520 4332 animis
2545 4280 2914 4345 concidentes,
2935 4283 3130 4338 blande
3151 4287 3326 4340 erevit
3345 4305 3358 4352 ;
3382 4302 3514 4355 prte-

265 4350 449 4411 αὐτοῑς
481 4349 572 4402 τόν
625 4366 684 4402 τε
721 4350 887 4403 πλοῦν
940 4353 1248 4419 ἀκίνδυνον,
1289 4358 1384 4409 καὶ
1419 4359 1520 4427 τὴν
1576 4361 1836 4430 πρόθεσιν

1949 4371 2129 4423 dicens
2170 4369 2284 4424 fore
2341 4382 2396 4424 ut
2439 4372 2789 4440 imposterum
2822 4381 3011 4430 secure
3039 4376 3316 4446 navigem,
3355 4388 3515 4448 atque

265 4439 532 4508 ἀνύσιμον
580 4439 746 4505 ἕξειν.
785 4443 846 4496 Ol
903 4445 1000 4513 μὲν
1048 4446 1143 4499 οὖν
1181 4447 1497 4502 ἐστέλλοντο
1530 4453 1650 4520 μετ’
1691 4455 1834 4520 ἀγα-

263 4531 371 4583 θῶν
400 4532 513 4584 τῶν
553 4533 786 4587 ἐλπίδων
806 4549 822 4565 ⁸
857 4538 885 4588 ὁ
929 4538 985 4590 δὲ
1038 4538 1131 4608 βίᾳ
1165 4539 1284 4608 μὲν,
1314 4542 1577 4595 ἐπέϐαινε
1605 4545 1661 4596 δὲ
1687 4547 1836 4614 ὅμως

260 4624 370 4676 τῶν
426 4625 669 4689 ἀϐάτων,
703 4629 797 4681 καὶ
854 4630 1023 4698 ἀνέϐη
1089 4633 1150 4683 τὸ
1193 4631 1340 4702 ὅρος,
1389 4636 1483 4686 καὶ
1539 4636 1717 4688 είσέδυ
1768 4637 1836 4690 τά

265 4718 454 4779 ἄδυτα,
481 4719 599 4788 Θεῷ
633 4721 776 4788 μόνῳ
806 4723 873 4773 τὰ
902 4722 1029 4774 καθ’
1068 4724 1262 4777 ἑαυτὸν
1308 4728 1632 4797 ἐπιτρέψας,
1667 4723 1710 4796 ᾧ
1745 4732 1836 4782 καὶ

266 4808 412 4878 μόνῳ
447 4809 804 4880 προεθυμήθη
835 4827 894 4862 τε
933 4813 1027 4866 καὶ
1077 4814 1288 4884 ὑπέστη
1329 4817 1536 4887 ζήσειν,
1571 4819 1598 4870 ὃ
1633 4820 1727 4872 καὶ
1757 4823 1836 4883 εἰς

260 4898 412 4958 τέλος
463 4901 691 4968 ἀγαγεῖν
740 4901 1098 4968 ἐσπούδασεν,
1131 4905 1192 4957 οὐ
1252 4907 1415 4973 μόνον
1467 4910 1727 4972 ἀπόσιτος
1759 4911 1833 4963 ὢν

261 4992 470 5059 σχεδὸν,
501 4992 611 5044 τῶν
657 4994 758 5046 ὅσα
813 4993 1056 5064 πέφυκεν
1108 4997 1414 5068 ἀνθρώπων
1455 5003 1701 5071 συνέχειν
1738 5004 1836 5072 φύ-

259 5100 386 5146 σιν,
443 5091 536 5135 καὶ
592 5084 763 5155 βραχύ
828 5105 881 5139 τι
938 5088 1068 5158 παρ’
1129 5090 1396 5159 ἀγγέλους
1446 5093 1832 5163 ἠλαττωμένος

255 5176 409 5225 τουτὶ
435 5175 496 5226 τε»
538 5177 723 5244 μέρος,
750 5176 887 5232 ἀλλά
933 5181 1027 5232 καὶ
1081 5182 1245 5252 ψύχει
1298 5185 1393 5236 καί
1445 5185 1685 5240 καύσωνι
1738 5190 1833 5242 καὶ

253 5271 520 5334 παγετοῖς
578 5271 672 5320 καὶ
721 5270 867 5339 χιόσι
915 5273 1009 5325 καὶ
1063 5273 1313 5344 ὄμϐροις,
1361 5277 1568 5344 γυμνός
1621 5295 1682 5330 τε
1740 5282 1831 5332 καὶ

254 5357 559 5428 ὕπαιθρος,
618 5360 663 5412 ὣ
724 5364 825 5432 τῆς
887 5367 1219 5436 καρτερίαςί
1285 5369 1828 5440 ταλαιπωρούμενος.

267 5449 429 5520 Ἀνὴρ
455 5453 562 5520 γάρ
593 5453 816 5518 ἐκεῖνος,
853 5457 1010 5525 εἰπερ
1037 5475 1140 5520 τις,
1168 5459 1293 5512 νοῦν
1323 5459 1481 5529 ἔχων,
1527 5463 1620 5514 καὶ
1651 5466 1830 5525 συνε“·ς

255 5545 358 5604 τὴν
405 5545 499 5594 τοῦ
559 5545 718 5612 γηῖου
740 5547 893 5600 τοῦδε
945 5553 1320 5620 συγκρίματος
1377 5554 1559 5622 φύσιν,
1606 5554 1680 5616 ὠς
1734 5557 1828 5608 καὶ

256 5635 422 5688 αὐτὸν
457 5635 632 5707 βρίθει
679 5639 771 5692 τὸν
821 5641 964 5707 νοῦν,
1018 5645 1107 5696 καὶ
1145 5646 1281 5714 πρὸς
1327 5645 1427 5714 γῆν
1464 5647 1822 5716 κατασπῶῑα,

1943 4463 2009 4514 ad
2061 4462 2348 4516 terminum
2406 4462 2638 4518 feliciter
2694 4466 3033 4532 perveniant.
3068 4464 3154 4520 Illi
3188 4469 3371 4534 igitur,
3419 4486 3517 4538 spe

1945 4553 2078 4606 bona
2109 4552 2271 4621 pleni,
2299 4563 2534 4622 coeptum
2569 4556 2674 4608 iter
2721 4566 3125 4624 prosequuntur
3161 4576 3180 4612 :
3206 4559 3323 4628 ipse
3360 4575 3510 4627 vero,

1943 4658 2138 4711 magno
2175 4645 2392 4712 quidem
2421 4646 2606 4699 labore
2629 4686 2652 4710 ,
2677 4647 2772 4700 sed
2805 4659 2987 4702 tamen
3013 4650 3284 4704 contendit
3311 4667 3406 4720 per
3434 4653 3516 4706 in-

1940 4732 2024 4784 via
2057 4731 2296 4786 locorum
2319 4771 2332 4795 ,
2370 4737 2689 4789 conscendit
2721 4747 2956 4790 montem
2979 4777 2996 4800 ,
3035 4740 3309 4794 inaccessa
3351 4756 3514 4809 pene-

1943 4835 2070 4884 trat,
2108 4825 2205 4878 soli
2258 4827 2364 4878 Deo
2415 4841 2472 4879 se
2511 4842 2716 4895 suaque
2756 4830 3138 4897 committens;
3172 4835 3256 4885 cui
3311 4834 3514 4900 pariter

1939 4915 2040 4967 soli
2065 4915 2243 4969 vivere
2272 4931 2597 4986 magnopere
2625 4919 2876 4986 cupiebat
2903 4959 2918 4986 ,
2955 4936 3018 4974 ac
3057 4923 3324 4976 victurum
3356 4925 3514 4991 polii-

1939 5006 2080 5058 citus
2111 5007 2305 5061 fuerat.
2341 5005 2452 5061 lloc
2479 5018 2656 5062 autem
2696 5011 2866 5078 ipsum
2897 5012 3138 5066 studiose
3187 5017 3251 5066 ad
3303 5016 3508 5068 exitum

1940 5099 2209 5165 perduxit,
2260 5115 2364 5152 non
2415 5103 2576 5153 modo
2632 5100 2913 5156 abstinens
2971 5103 3040 5157 ab
3099 5104 3348 5157 omnibus
3396 5105 3509 5158 fere

1937 5189 2190 5259 cibis,qui
2229 5192 2514 5245 humanam
2547 5202 2854 5249 sustentare
2913 5204 3161 5249 naturain
3218 5206 3510 5248 consueve-

1938 5290 2080 5348 runt,
2107 5282 2284 5336 factus
2310 5284 2410 5337 hac
2439 5293 2591 5352 parte
2620 5284 2778 5355 paulo
2812 5286 3040 5340 inferior
3065 5286 3294 5353 angelis;
3316 5299 3504 5337 verum

1934 5375 2098 5427 etiam
2132 5375 2317 5443 frigus,
2357 5385 2572 5440 mstum,
2603 5378 2864 5446 glaciem,
2890 5378 3039 5432 nives
3076 5394 3136 5430 ac
3175 5377 3377 5430 imbres
3407 5392 3506 5431 nu-

1941 5462 2064 5526 dus,
2108 5464 2208 5516 sub
2247 5464 2335 5517 dio
2365 5467 2417 5533 (0
2440 5465 2814 5521 tolerantiam!
2843 5468 2861 5536 )
2889 5475 3203 5522 constanter
3234 5466 3376 5519 tulit.
3406 5465 3502 5520 Vir

1933 5553 2130 5619 quippe
2168 5566 2304 5618 erat,
2333 5557 2377 5609 si
2415 5557 2533 5624 quis
2570 5559 2708 5612 alius
2735 5600 2747 5622 ,
2801 5561 3081 5627 perspicax
3110 5574 3124 5622 ;
3159 5564 3322 5624 atque
3346 5558 3501 5611 intel-

1935 5644 2150 5713 ligebat,
2203 5648 2471 5714 quon-otio
2509 5657 2737 5704 terrenae
2785 5648 2944 5718 hujus
2989 5647 3355 5705 concrctionis
3391 5663 3494 5703 na-
