3912 6188
345 203 483 273 1013

1461 213 1634 274 νιΤΑ
1675 214 1736 273 S.
1781 213 2007 273 PETRI
2049 214 2476 273 ΑΤΗΟΝΙΤιΕ.

3460 216 3594 282 ιο.ι

343 325 528 396 γάριτί
556 342 614 377 τε
642 325 762 395 θείᾳ
791 325 886 376 καὶ
916 326 1118 394 σαρκὸς
1158 325 1436 396 παχύτητι
1468 327 1794 396 μεσιτεύων,
1817 329 1901 380 καὶ

2013 335 2160 382 ctum
2217 327 2319 382 sibi
2386 342 2582 396 corpus
2633 326 2830 380 indicia
2899 327 3314 397 pulchritudinis
3368 330 3588 388 divinat.

338 419 571 487 δύναμιν
605 416 716 470 τῶν
753 415 1032 470 ἀδυνάτων
1062 415 1313 480 ἐντιθείς.

411 674 481 730 κ’.
524 675 866 746 Ἐντεῦθενή
930 675 1052 730 κατ’
1091 676 1292 748 ἀρετὴν
1341 675 1580 748 ὓεοειδὴς
1630 680 1724 732 καὶ
1770 679 1913 732 ἀπα-

341 767 605 838 ράμιλλος
633 767 769 833 ἕξις,
801 769 896 820 καὶ
929 769 990 820 τὸ
1031 768 1168 834 πρὸς
1200 768 1398 824 κακίαν
1422 770 1558 832 ὅλως
1587 772 1648 822 οὐ
1689 771 1914 839 κινητὸν

339 861 370 928 ἢ
413 859 736 929 δυσκίνητον
769 859 832 914 αἴ
861 876 921 912 τε
963 860 1392 929 θαυματοποιαι,
1427 861 1604 915 καὶτὸ
1637 862 1822 932 διορᾷν
1852 880 1912 915 τε

338 952 434 1002 ναὶ
462 949 725 1021 προορᾷν,
761 948 855 1004 καὶ
891 951 1018 1020 περὶ
1052 950 1158 1003 τῶν
1204 953 1394 1022 πόρρω
1441 968 1542 1004 που
1583 951 1914 1020 συμϐαινόν-

337 1059 470 1108 των,
525 1042 601 1106 ὡς
653 1043 745 1096 ὑπ’
799 1041 1110 1112 ὀφθαλμοὺς
1156 1043 1536 1110 διαλέγεσθαι·
1585 1047 1679 1096 καί
1737 1043 1796 1096 τὸ
1849 1045 1912 1111 δὴ

340 1134 622 1201 μέγιστον,
650 1133 723 1196 ὡς
751 1133 873 1186 οὐδὲ
931 1136 1060 1206 περὶ
1089 1134 1241 1186 ταῦθ’
1290 1138 1316 1187 6
1367 1136 1566 1199 σκοπὸς
1595 1137 1760 1189 τείνει
1803 1137 1913 1189 τῶν

341 1225 631 1293 μακαρίων
677 1226 921 1289 ἐκείνων,
962 1225 1078 1278 ἀλλ’
1128 1225 1320 1295 ὥσπερ
1364 1226 1418 1277 εἴ
1465 1243 1547 1288 τις
1590 1228 1735 1298 ὁρῴη
1777 1227 1912 1292 πρὸς

333 1316 572 1385 ἡλιακὴν
623 1316 840 1377 ἀκτῖνα,
871 1317 963 1367 καὶ
1011 1316 1123 1367 τῶν
1174 1317 1436 1385 ἐναερίων
1468 1319 1687 1387 ἀτόμων
1724 1319 1912 1371 αἰσθά-

336 1421 518 1458 νεται’
552 1406 656 1458 κᾶν
688 1407 763 1475 μὴ
789 1407 947 1458 τοῦτο
977 1406 1051 1474 τῷ
1089 1407 1431 1476 προσορῶντι
1465 1408 1704 1471 σκοπός·
1739 1409 1910 1471 οὕτως

335 1500 569 1559 ἐκείναις
627 1500 751 1560 ταῖς
810 1499 982 1559 Θείαις
1042 1499 1224 1549 ἀκτῖσι
1299 1499 1557 1568 καθαρῶς
1607 1498 1908 1567 ὁμιλοῦσιν,

334 1584 424 1652 αἷς
479 1588 643 1658 φύσει
694 1590 989 1658 πρόσεστιν
1041 1591 1075 1658 ἡ
1132 1588 1350 1641 πάντων
1390 1589 1755 1658 ἀποκάλυψις,
1790 1592 1912 1660 οῦχὶ

2019 415 2164 470 inter
2194 414 2428 485 gratiam
2454 416 2576 484 ejus
2599 425 2654 470 et
2684 417 2866 470 carnis
2924 417 3119 470 molem
3159 419 3505 487 interposita,
3539 432 3594 475 et

2017 508 2204 560 tribuit
2236 509 2282 560 ei
2315 506 2622 563 facultatem
2662 509 2928 564 eﬂieiendi
2980 525 3099 577 qua:
3134 510 3250 564 lieri
3302 510 3436 566 alias
3483 527 3592 566 non

2016 607 2262 665 poesunt.

2082 690 2173 743 20.
2207 691 2342 746 lliue
2379 692 2432 745 lit
2464 703 2524 746 ut
2557 693 2778 760 quidam
2816 694 3031 750 divinus
3064 704 3117 748 et
3149 696 3266 750 sine
3289 711 3594 766 repugnan-

2016 783 2085 834 tia
2122 797 2354 850 operans
2400 785 2616 839 virtutis
2656 785 2872 842 habitus
2930 797 3224 852 nascatur;
3260 800 3318 841 ut
3374 789 3590 842 animus

2017 871 2068 924 iu
2099 871 2297 924 malum
2332 882 2420 924 aut
2455 872 2605 926 nullo
2646 887 2872 941 prorsus
2930 877 3117 938 modo,
3145 885 3239 930 aut
3291 891 3393 929 non
3431 875 3592 929 facile

2015 962 2338 1028 inclinetur;
2363 975 2419 1017 ut
2447 963 2713 1018 miracula
2749 965 2994 1032 patrandi
3033 967 3201 1020 virtus
3234 967 3588 1034 acquiratur;

2017 1062 2066 1102 ιιι
2103 1051 2226 1121 quis
2263 1053 2552 1121 praesentia
2585 1054 2878 1122 perspiciat
2900 1093 2914 1116 .
2949 1063 3005 1108 et
3050 1056 3338 1125 prospiciat
3373 1055 3588 1120 futura;

2014 1154 2176 1212 atque
2225 1145 2290 1198 de
2351 1145 2512 1197 rebus
2535 1184 2550 1208 ,
2590 1160 2710 1214 qum
2751 1144 2886 1200 locis
2919 1147 3102 1214 procul
3135 1149 3357 1201 remotis
3383 1148 3590 1199 coutin-

2015 1242 2171 1301 gnnt,
2212 1249 2315 1286 non
2345 1234 2506 1287 aliter
2532 1249 2692 1304 quam
2729 1234 2773 1286 si
2807 1237 2906 1288 sub
2934 1235 3104 1288 oculis
3140 1235 3352 1299 fierent,
3383 1251 3590 1289 sermo-

2014 1324 2265 1388 cinetur;
2322 1334 2414 1387 et,
2473 1325 2615 1394 quod
2657 1328 2990 1394 praecipuum
3023 1335 3106 1380 est
3143 1366 3156 1388 ,
3201 1327 3250 1378 in
3291 1329 3376 1380 illa
3417 1329 3587 1381 aciem

2014 1432 2166 1469 suam
2206 1431 2309 1469 non
2366 1417 2647 1471 intendant
2685 1419 2824 1472 beati
2880 1417 2990 1482 illi;
3025 1420 3118 1472 sed
3166 1419 3329 1472 veluti
3366 1420 3410 1473 si
3467 1421 3588 1485 quis

2014 1507 2065 1560 iu
2102 1507 2308 1562 solarcs
2336 1510 2517 1563 radios
2549 1510 2800 1564 obtutum
2831 1512 3182 1574 converterit,
3208 1512 3372 1564 etiam
3397 1525 3590 1566 aereos

2016 1609 2230 1650 atomos
2255 1599 2454 1668 detegit
2479 1641 2493 1664 ,
2531 1603 2746 1655 tametsi
2780 1601 2828 1656 id
2859 1617 2963 1654 non
2996 1603 3292 1656 intenderit
3324 1603 3366 1656 is
3388 1603 3476 1671 qui
3512 1603 3594 1654 in-

333 1681 448 1733 ’τῶν
496 1682 668 1734 ὄντων
723 1682 883 1750 μόνον
942 1679 974 1749 ἢ
1017 1683 1110 1733 καὶ
1167 1679 1572 1749 γεγενημένων,
1623 1682 1760 1734 ἀλλὰ
1815 1684 1901 1735 καὶ

2014 1694 2223 1753 tuetur;
2254 1689 2322 1742 ita
2359 1689 2455 1752 illi,
2488 1691 2579 1758 qui
2636 1692 2838 1746 divinis
2883 1693 3072 1756 radiis,
3129 1702 3321 1746 natura
3361 1709 3456 1747 sua
3505 1710 3592 1748 re-

329 1770 444 1822 τῶν
477 1770 643 1822 ἔπειτ’
693 1771 990 1837 ἐσομένων,
1025 1769 1144 1821 ὁδοῦ
1189 1770 1468 1839 πάρεργον
1517 1769 1592 1830 ὡς
1637 1769 1915 1840 ἀληθῶςή

329 1861 540 1914 τούτων
601 1862 958 1933 προσγίνεται
1013 1863 1237 1929 γνῶσις.
1281 1862 1491 1924 Σκοπὸς
1541 1862 1598 1915 δὲ
1651 1862 1913 1932 abund)

336 1955 479 2006 κατά
552 1954 820 2024 μοναχοὺς
894 1953 1195 2024 ὑπερτελὴς
1251 1953 1549 2020 τελειότης,
1618 1954 1650 2023 ἡ
1708 1953 1916 2023 ἀληθὴς

263 2105 268 2110 ,
334 2044 560 2114 ἡσυχία,
593 2043 797 2113 μᾶλλον
830 2043 884 2096 δὲ
927 2044 954 2096 ὁ
1004 2043 1104 2111 τῆς
1139 2041 1374 2111 ἀληθοῦς
1405 2043 1654 2113 ἡσυχίας,
1693 2042 1752 2095 ὃν
1783 2043 1916 2113 ἔφη-

334 2153 458 2202 μεν,
498 2137 707 2203 καρπός
735 2150 746 2162 ⁸
798 2135 859 2187 τὸ
909 2134 1322 2204 δυστέκμαρτον
1373 2135 1466 2186 καὶ
1507 2134 1907 2204 δυσεκλάλητον

331 2227 429 2278 καὶ
452 2227 877 2279 δυσεπίτευκτον
906 2227 1114 2295 χρῆμα,
1142 2226 1246 2277 κᾶν
1275 2226 1423 2295 ἡμᾶς
1454 2225 1515 2277 τὸ
1561 2227 1659 2295 τῆς
1707 2227 1903 2278 ὑποθέ-

333 2333 473 2377 σεως
513 2317 874 2386 ὑπερϐάλλον,
905 2320 1000 2370 καὶ
1047 2318 1174 2386 περὶ
1223 2317 1332 2369 τῶν
1364 2318 1504 2387 ὑπὲρ
1549 2318 1697 2386 ἡμᾶς
1729 2318 1906 2388 ἐπῆρε

328 2410 420 2462 διὰ
461 2408 706 2480 βραχέων
736 2411 1086 2480 ὑποαημῆναι
1121 2410 1302 2462 τανῦν.

2020 1778 2323 1833 velantibus
2348 1781 2551 1846 omnia,
2583 1782 2731 1837 clare
2753 1782 3014 1837 illustrari
3062 1786 3474 1847 consueverint,
3509 1799 3593 1837 re-

2019 1885 2138 1922 rum
2176 1886 2281 1923 non
2312 1873 2470 1926 modo
2501 1889 2620 1942 qme
2656 1889 2797 1928 nunc
2827 1885 2953 1928 sunt
2977 1891 3203 1945 qumque
3225 1875 3464 1938 fuerunt,
3492 1876 3590 1928 sed

2014 1959 2174 2012 etiam
2213 1976 2330 2027 qua:
2356 1962 2547 2017 futurae
2607 1975 2759 2030 sunt,
2801 1966 3166 2035 cognitionem
3205 1985 3301 2036 pro
3339 1969 3586 2038 quisqui-

2014 2051 2124 2115 liis,
2184 2065 2242 2106 ut
2306 2069 2431 2109 vere
2482 2065 2630 2120 sunt,
2684 2066 2984 2126 reputent:
3027 2061 3259 2114 habeant
3309 2075 3436 2113 vero
3491 2077 3588 2128 pro

2013 2156 2178 2209 scapo
2211 2161 2312 2199 suo
2344 2147 2647 2201 absolutam
2677 2150 2961 2202 monastiei
2985 2159 3156 2204 status
3181 2150 3588 2218 perfectionem,

2015 2235 2065 2286 id
2123 2245 2225 2298 est,
2288 2252 2468 2289 veram
2517 2238 2682 2290 animi
2727 2239 2986 2307 quietem,
3045 2251 3138 2291 aut
3199 2241 3375 2310 potius
3413 2239 3588 2308 ipsum

2016 2342 2155 2378 verte
2180 2328 2400 2395 quietis,
2428 2345 2586 2397 quem
2635 2331 2891 2394 diximus,
2931 2334 3208 2396 frm-tum;
3249 2349 3358 2386 rent
3399 2333 3590 2399 utique

2017 2416 2285 2471 diﬂicilem
2338 2431 2540 2489 captu,
2589 2423 2941 2477 dillieiliurem
2981 2423 3124 2478 άὶιιιι
3153 2465 3167 2484 ,
3221 2423 3588 2477 dil'lieillimam

331 2503 642 2569 acquisitu;
704 2501 822 2556 licet
855 2516 952 2555 nos
995 2502 1315 2556 excellentia
1343 2501 1647 2570 argumenti
1698 2519 1763 2556 ex
1801 2504 2068 2571 citaverit,
2139 2511 2202 2563 ad
2241 2512 2576 2579 prodendum
2626 2530 2768 2568 nunc
2807 2519 3027 2585 paucis,
3080 2515 3238 2567 t'tiam
3309 2516 3395 2569 ilia
3469 2527 3589 2580 qtzze

333 2599 478 2652 vires
509 2607 724 2651 nostras
762 2598 1051 2652 excedunt.

1786 2735 2014 2790 CAPUT
2055 2735 2143 2791 IV.

863 2849 1036 2904 Semel
1071 2862 1222 2920 ιιιιμιε
1261 2853 1448 2903 iterum
1487 2861 1712 2904 tentatus
1755 2869 1784 2904 a
1809 2852 2058 2908 .dtemone
2108 2870 2201 2924 per
2251 2859 2548 2912 orationem
2578 2862 2817 2929 superior
2855 2863 3052 2916 evadit.

401 2978 507 3024 κα’.
553 2970 614 3024 '0
647 2971 829 3039 μέντοι
870 2969 1202 3038 μεγαλόνους
1245 2968 1412 3031 ὅντως
1451 2969 1633 3020 οὑτοσὶ
1680 2969 1901 3040 Πέτρος,

2083 2972 2174 3028 2|.
2211 2974 2346 3030 Vere
2393 2975 2560 3045 igitur
2601 2978 2979 3046 magnanimus
3018 2977 3167 3031 hicce
3215 2977 3410 3032 Petrus
3440 3018 3452 3038 .
3485 2996 3588 3050 quo

328 3063 414 3130 ἐφ’
444 3061 472 3112 ὅ
503 3061 844 3130 προσεκλήθη
872 3063 1071 3122 συνεὶς,
1107 3061 1232 3130 ὅλῳ,
1270 3061 1410 3114 κατά
1436 3061 1535 3131 τὴν
1577 3065 1902 3130 παροιμίαν,

327 3155 673 3223 προσεχώρει
708 3152 825 3205 ποδί
849 3168 863 3182 ο
905 3152 1064 3204 τοῦτο
1087 3152 1142 3204 δὲ
1177 3148 1266 3222 ἦν,
1293 3153 1392 3221 οὐχ
1415 3155 1442 3204 6
1472 3152 1581 3203 τῶν
1624 3156 1904 3222 χαρισμά-

321 3263 436 3298 των
456 3245 616 3312 ὄγκος
636 3261 648 3274 ·
679 3245 893 3312 ἀπαγεὲ
926 3245 1044 3297 οὐδὲ
1078 3245 1178 3314 γὰρ
1215 3233 1506 3314 ἐδελεάσθη
1536 3244 1666 3296 ποτὲ
1694 3243 1905 3312 λιχνεία

318 3339 529 3389 τούτων
576 3339 604 3387 ὀ
662 3335 854 3404 μέγας,
888 3335 1012 3386 ἐπεὶ
1068 3334 1202 3404 μηδὲ
1261 3333 1538 3405 προῦργου
1584 3334 1729 3388 τοῦτ’
1765 3329 1904 3386 εἶναι

318 3429 438 3486 τοῖς
491 3423 743 3478 ὑπελθεῖν
800 3423 1069 3492 ἐγνωκόσι
1129 3423 1230 3494 τὴν
1287 3424 1515 3494 ἡσύχιον
1574 3425 1818 3494 ἀγωγὴνν
1877 3430 1904 3478 ὁ

320 3518 481 3582 λόγος
515 3515 627 3584 ἔχει
654 3514 902 3585 δηλώσας
928 3532 940 3544 ο
969 3513 1087 3564 ἀλλ’
1119 3513 1262 3566 ὥστε
1291 3517 1356 3582 τῇ
1391 3514 1575 3584 χάριτι
1608 3515 1902 3584 δυνηοῇναι

318 3608 507 3662 δῦναι
540 3608 746 3676 χώραν,
782 3607 1149 3658 ἐπισκευάσαι
1178 3607 1267 3657 τὸν
1297 3605 1448 3667 ἐντὸς
1471 3606 1776 3676 ἄνθρωπον,
1811 3609 1903 3658 καὶ

319 3705 463 3775 πρὶς
501 3705 559 3755 τὸ
600 3706 958 3772 πρωτότοκον
989 3703 1322 3756 εῦδιαθείναι
1372 3702 1433 3754 τδ
1471 3704 1694 3773 ἀρχαῖον
1728 3706 1902 3754 ἐκεῖνο

319 3800 420 3850 καὶ
447 3799 728 3865 ἀμήχανον
753 3795 1062 3862 ὲπανθῆται
1099 3793 1317 3854 κάλλος.
1352 3794 1492 3845 Ἀλλ’
1525 3795 1552 3845 6
1585 3795 1686 3864 μὲν
1725 3794 1900 3856 οὕτως

315 3888 683 3957 ὡρμημένος,
733 3885 1031 3947 ἀναϐάσεις
1088 3886 1146 3937 ὲν
1205 3887 1270 3955 τῇ
1327 3885 1557 3954 καρδίᾳ,
1611 3883 1752 3936 κατὰ
1808 3886 1900 3935 τὸν

315 3979 624 4048 Ψαλμῳδὸν
674 3981 872 4042 εἰπεῖν,
902 3977 1131 4031 διέθετο.
1170 3977 1234 4028 'l'i
1279 3977 1323 4028 δ’
1367 3977 1394 4028 6
1442 3977 1536 4030 τοῦ
1570 3977 1764 4043 φθόνου
1799 3992 1901 4026 πα-

312 4071 444 4140 τὴρ,
472 4070 533 4122 τὸ
561 4070 652 4122 τοῦ
681 4070 834 4121 δόλου
879 4069 1174 4139 πλήρωμα,
1203 4071 1230 4120 6
1263 4069 1428 4121 καλοῦ
1464 4067 1663 4130 παντὸς
1706 4067 1899 4121 αὐθαί-

318 4177 476 4229 ρετος
507 4158 708 4225 φυγὰς,
736 4159 763 4209 6
790 4157 962 4210 κακοῦ
995 4159 1195 4220 παντὸς
1222 4160 1462 4228 ἐργάτης
1495 4159 1525 4227 ἢ
1559 4159 1894 4228 προστάτης,

320 4251 526 4320 μᾶλλον
557 4250 612 4301 δὲ
641 4251 697 4302 τὸ
739 4252 1156 4318 συναμφότερον
1180 4267 1192 4279 ·
1233 4252 1260 4302 6
1298 4251 1508 4319 πρῶτος
1557 4249 1892 4318 ἀποστάτης,

315 4344 414 4396 καὶ
456 4341 548 4393 τὸν
596 4341 814 4410 πρῶτον
871 4341 1160 4410 ἄνθρωπον
1223 4341 1539 4410 ἀποστήσας
1591 4340 1686 4392 τοῦ
1735 4341 1893 4404 Θεοῦ,

313 4437 366 4486 τί
397 4435 753 4499 συακευάζεις
799 4435 909 4486 Καὶ
958 4434 1074 4495 πῶς
1129 4423 1307 4503 ἐαυτῷ
1358 4435 1559 4504 χρῆται
1609 4436 1746 4488 κατὰ
1795 4438 1894 4503 τῆς

312 4527 411 4578 τοῦ
454 4527 664 4578 δικαίου
705 4525 920 4595 ψυχῆςς
962 4527 1303 4594 Κακούργως
1359 4527 1478 4594 μὲν,
1537 4529 1797 4590 ἐπιεικῶς
1848 4528 1890 4579 δ’

314 4621 489 4684 ὅμως,
520 4617 684 4681 ἀξίως
714 4617 930 4669 ἑαυτοῦ.
971 4618 1146 4686 Ὀρῶν
1181 4619 1288 4686 γὰρ
1316 4617 1420 4680 ἔξω
1466 4619 1656 4687 βελῶν,
1682 4621 1709 4671 ὃ
1737 4637 1889 4687 φασι,

314 4712 579 4776 γεγονότα
609 4711 700 4762 τὸν
751 4710 946 4778 μέγαν,
991 4712 1059 4778 τῇ
1090 4709 1184 4761 τοῦ
1233 4710 1445 4779 κόσμου
1491 4711 1582 4763 καὶ
1615 4711 1722 4764 τῶν
1769 4713 1891 4764 κατ’

311 4802 478 4854 αὑτὸν
513 4799 682 4868 ἡδέων
720 4803 888 4869 φυγῇ,
930 4801 997 4852 δι’
1032 4796 1107 4852 ὦν
1146 4803 1352 4864 ἐκεῖνος
1401 4803 1567 4872 συλᾷν
1598 4803 1755 4855 εἴωθε
1791 4805 1887 4864 τὰς

312 4891 710 4958 ἀ“,ἐνεστέρους
767 4890 982 4960 ψυχὰς,
1034 4891 1330 4945 κάντεῦθεν
1387 4893 1488 4945 οὐκ
1543 4893 1674 4962 ὄναρ
1728 4893 1890 4962 μόνον

311 4984 404 5035 διὰ
453 4982 546 5034 τοῦ
595 4982 964 5052 φανταστικοῦ
1019 4983 1353 5052 πνεύματος,
1391 4983 1419 5034 ὂ
1471 4985 1662 5053 νοερᾶς
1703 4984 1887 5053 ὄχημα

309 5077 489 5145 ψυχῆς
548 5078 582 5143 ἠ
650 5076 938 5144 φιλοσοφία
1008 5075 1179 5145 φησὶ,
1238 5075 1527 5143 Οειοτέρων
1595 5075 1886 5141 θεαμάτων

311 5169 617 5237 ὴξ-ωμένον
649 5172 743 5221 καὶ
782 5169 1132 5239 προηγμένον
1160 5169 1254 5219 ἐπὶ
1285 5169 1344 5220 τὸ
1369 5167 1604 5237 βέλτιον,
1642 5166 1758 5219 ἀλλ’
1784 5165 1885 5236 ἤδη

312 5262 407 5313 καὶ
431 5261 531 5327 τῆς
553 5261 856 5328 φαντασίας
900 5260 1072 5330 αὐτῆς
1113 5257 1532 5328 ὑπερκύψαντα,
1561 5258 1653 5310 καὶ
1682 5258 1748 5325 τῇ
1777 5254 1886 5306 τῶν

307 5349 495 5402 ἀῦλων
537 5351 726 5420 ἐπαφῇ
787 5350 1045 5420 καθαρῶς
1092 5348 1546 5422 προσχωροῦντα,
1599 5351 1694 5402 καὶ
1753 5346 1884 5398 θαυ-

313 5441 542 5512 μαστῶς
597 5442 992 5512 φωτιζόμενον,
1047 5445 1076 5496 ὅ
1125 5460 1258 5513 φησι
1313 5442 1475 5494 Δαϐὶδ
1551 5441 1658 5493 ἀπὸ
1711 5439 1883 5507 ὀρέων

388 5621 404 5647 ¹
443 5618 577 5669 l‘sal.
613 5633 817 5670 nunt
843 5657 855 5680 ,
892 5620 922 5670 6

2013 3078 2238 3120 vocatus
2269 3078 2414 3122 esset
2444 3068 2746 3137 intelligens
2773 3110 2786 3133 ,
2841 3068 3086 3122 inanibus
3127 3070 3460 3140 pedibusque
3483 3112 3497 3135 ,
3533 3089 3589 3127 ιιι

2010 3159 2355 3225 proverbium
2387 3159 2572 3222 habet,
2604 3175 2668 3215 eo
2702 3159 2824 3214 festi
2853 3161 3001 3214 .avit.
3040 3158 3094 3214 Id
3125 3175 3251 3214 ιιι-το
3283 3172 3402 3215 erat
3425 3203 3439 3225 ,
3477 3178 3581 3215 nou

2009 3250 2308 3316 amplitudo
2338 3255 2641 3318 donorum;
2697 3252 2871 3316 absit,
2908 3252 3099 3305 horum
3148 3268 3380 3321 namque
3423 3255 3579 3320 cupi-

2007 3340 2133 3392 dine
2153 3356 2427 3409 nunquam
2459 3353 2646 3408 captus
2673 3341 2773 3395 fuit
2801 3357 3032 3409 magnus
3061 3344 3148 3396 ille
3177 3345 3292 3407 vir;
3317 3346 3572 3413 quoniam

2012 3430 2135 3481 talia
2185 3430 2290 3482 iliis
2323 3432 2412 3496 qui
2449 3433 2750 3484 solitariam
2792 3430 2952 3483 \itam
2990 3442 3297 3484 statuerunt
3333 3435 3576 3502 aggredi,

2008 3519 2150 3571 haud
2217 3523 2391 3588 magni
2449 3521 2692 3575 facienda
2731 3535 2870 3586 esse,
2912 3520 3044 3571 nihil
3075 3522 3268 3572 attinet
3313 3523 3581 3576 declarati

2004 3610 2251 3664 oratione
2284 3622 2514 3664 nostra:
2573 3626 2759 3662 verum
2816 3625 2880 3662 eo
2936 3609 3210 3660 les-Iinavit
3272 3619 3326 3660 ut
3389 3611 3580 3676 gratie

2004 3702 2270 3766 prmberﬂ
2298 3702 2500 3766 locum,
2535 3712 2588 3753 ut
2615 3699 2930 3752 interiorem
2974 3699 3168 3765 polit-et
3197 3697 3493 3756 hominem,
3523 3708 3578 3749 nt

1996 3794 2149 3861 juxta
2209 3803 2531 3862 prototypon
2588 3806 2745 3846 sunm
2799 3791 2898 3843 rite
2932 3790 3247 3844 cll‘ormaret
3296 3790 3577 3857 antiquum

2003 3886 2130 3940 illud
2158 3895 2212 3940 et
2257 3886 2344 3940 vix
2395 3882 2694 3952 reparabile
2745 3881 2908 3934 animi
2944 3882 3129 3934 denis.
3171 3881 3465 3933 Enimvero
3499 3884 3577 3933 sie

2002 3980 2092 4032 ille
2147 3979 2424 4040 incitatas,
2485 3975 2860 4036 ascensiones,
2919 3975 3214 4025 secundum
3277 3971 3580 4024 Psalmisur

2001 4069 2202 4120 dictum
2231 4066 2274 4129 ',
2344 4066 2395 4117 in
2454 4064 2616 4117 corde
2667 4079 2766 4114 suo
2793 4061 3131 4126 disponebat.
3173 4060 3240 4111 At
3289 4062 3576 4124 veroquid

2000 4173 2192 4229 parens
2221 4156 2457 4219 invidize,
2492 4155 2682 4222 plenus
2711 4153 2816 4206 doli
2846 4191 2860 4213 ,
2895 4153 3072 4205 omnis
3129 4150 3254 4203 boni
3292 4151 3578 4203 ultroneus

2006 4255 2274 4315 desertor,
2329 4247 2506 4301 omnis
2556 4246 2678 4298 mali
2741 4244 2932 4298 artifex
2987 4254 3079 4295 aut
3135 4254 3415 4309 patronus,
3469 4243 3578 4293 imo

2007 4354 2294 4410 utrumque
2329 4339 2530 4397 simul;
2566 4338 2652 4390 ille
2691 4337 2897 4406 primus
2932 4335 3022 4388 Dei
3056 4335 3337 4393 desertor,
3373 4335 3579 4401 quique

1999 4435 2174 4502 primo
2217 4433 2445 4494 homini,
2484 4441 2542 4484 ιιι
2598 4440 2651 4483 et
2702 4430 2814 4497 ipse
2853 4427 3017 4479 Deum
3061 4429 3358 4484 desereret,
3389 4441 3580 4476 λιιι-ιω·

1994 4525 2128 4590 fuit;
2166 4522 2291 4591 quid
2322 4522 2409 4575 ille
2445 4517 2827 4574 machinatur?
2854 4516 3132 4581 Quomodo
3187 4531 3246 4569 se
3284 4517 3422 4582 gerit
3481 4520 3577 4566 ad-

1997 4633 2187 4672 versus
2231 4617 2466 4668 animam
2499 4610 2670 4681 justi?
2699 4609 2933 4677 Maligne
2982 4609 3234 4677 quidem;
3273 4609 3365 4661 sed
3392 4619 3573 4660 tamen

2000 4707 2374 4762 moderatione
2426 4719 2486 4758 se
2533 4703 2696 4770 digna
2748 4716 2898 4754 usus.
2933 4699 3288 4768 Conspiciens
3345 4715 3579 4766 namque

1999 4806 2169 4851 virum
2194 4810 2342 4852 extra
2377 4795 2466 4850 teli
2504 4794 2734 4864 jactum,
2772 4800 2830 4845 ut
2868 4790 3138 4860 loquimur
3162 4831 3176 4855 ,
3212 4791 3445 4858 positum
3478 4806 3570 4856 per

1998 4891 2174 4958 fugam
2202 4906 2308 4958 qua
2347 4890 2602 4941 mundum
2654 4894 2707 4939 et
2751 4899 2872 4953 quae
2903 4883 2957 4936 in
2993 4880 3192 4936 mundo
3222 4893 3348 4934 sunt
3385 4881 3572 4947 volup-

1997 4990 2160 5041 tates,
2194 4980 2389 5046 quibus
2422 4975 2693 5044 malignus
2730 4973 2818 5026 ille
2854 4983 3136 5042 μεθεῖναι-ιι
3177 4970 3458 5024 consuevit
3483 4971 3574 5022 de-

1996 5087 2224 5140 generes
2284 5071 2517 5130 animas,
2580 5065 2978 5134 dereliquerat;
3043 5070 3204 5132 atque
3280 5064 3406 5116 hinc
3464 5075 3568 5114 neu

1997 5165 2156 5217 modo
2214 5165 2263 5214 in
2299 5161 2503 5216 somnis
2561 5176 2652 5229 per
2714 5160 3062 5226 imaginarius
3122 5158 3341 5224 spiritus
3413 5155 3571 5220 (quos

1995 5256 2335 5326 philosophia
2368 5253 2561 5305 anima:
2593 5252 2877 5305 rationalis
2936 5250 3238 5304 vehiculum
3271 5245 3445 5312 vocat)
3489 5245 3570 5296 di-

1996 5347 2135 5400 vinis
2191 5344 2494 5398 visionibus
2561 5344 2862 5412 dignatum,
2915 5341 3087 5407 iisque
3138 5339 3200 5391 ad
3250 5336 3566 5406 praedarum

1995 5440 2250 5493 virtutem
2279 5449 2623 5505 progressum
2660 5448 2819 5497 esse;
2860 5445 3044 5484 verum
3071 5430 3180 5498 jam
3218 5429 3387 5497 ipsam
3426 5443 3563 5492 quu-
