3962 6208
313 269 446 337 1023

1561 268 1872 330 GREGOR
1889 271 1937 330 li
1973 266 2287 332 PALAMA!

3420 265 3558 331 109.4

310 390 537 448 tionem,
591 399 693 440 nec
744 399 851 438 non
907 383 1138 436 demissa
1192 382 1240 434 iu
1294 397 1501 435 somnia
1553 381 1880 448 perfectione

2003 381 2330 449 ιαττωμὲνον
2370 378 2722 449 τεθεαμένος,
2759 376 3008 432 ἐντεῦθεν
3050 379 3248 448 ἤλπισε
3295 380 3556 450 συλήσειν

311 475 670 529 humilitatem
697 491 713 538 ;
740 473 864 526 hinc
915 487 1061 539 spem
1095 471 1341 536 concepit
1379 469 1658 525 auferendi
1698 471 1873 524 invio-

311 566 528 620 labilem
557 565 672 628 ejus
704 565 1036 616 thesaurum.
1083 561 1173 615 [lle
1200 561 1398 627 igitur,
1435 561 1526 630 qui
1579 575 1644 614 ex
1689 560 1814 614 olim
1847 576 1875 612 a

313 657 432 709 luce
455 655 709 722 depulsus
724 661 1044 712 recesserat,
1067 665 1118 705 et
1145 653 1195 704 iu
1223 652 1470 705 Ieuebras
1507 653 1701 704 misere
1727 665 1875 704 eom-

316 755 552 799 mutatus
580 745 856 806 fuerat,ut
895 743 1107 797 Petrum
1152 745 1201 798 in
1251 744 1482 797 similem
1513 743 1874 798 calamitatem

318 835 632 901 pertrahat,
693 833 828 886 locis
877 836 1111 900 speciem
1151 834 1398 896 assumit,
1448 835 1697 902 angelum
1741 833 1879 887 lucis

315 923 819 993 simulans,sicque
854 937 1100 980 sanctum
1131 927 1260 985 adit.
1285 925 1534 978 mendaci
1559 941 1656 978 suo
1677 925 1879 978 lmnine

317 1018 621 1077 lucernam,
656 1033 719 1070 ex
775 1032 914 1071 vera:
949 1019 1242 1086 primmque
1287 1018 1420 1070 lucis
1467 1018 1880 1086 participatione

318 1122 624 1173 accensam,
654 1105 1047 1160 exstincturus.
1087 1109 1216 1160 llluc
1249 1117 1422 1159 autem
1459 1108 1746 1173 accedens,
1781 1125 1875 1161 co-

322 1213 433 1250 ram
459 1197 511 1250 in
535 1196 729 1251 faciem
763 1197 910 1250 illum
946 1198 1140 1266 alloqui
1169 1215 1272 1250 nou
1297 1201 1475 1263 audet,
1497 1200 1875 1266 gravissimum

319 1290 436 1354 eius
473 1290 680 1343 vultum
705 1291 944 1344 veritus:
984 1293 1076 1344 sed
1111 1291 1288 1358 speeui
1325 1291 1442 1343 fori:
1469 1291 1877 1354 secusadstans,

322 1397 416 1448 per
435 1381 688 1434 ostiolum
729 1396 915 1435 vocem
949 1384 1086 1434 intra
1111 1383 1373 1443 immittit,
1409 1383 1604 1436 blando
1634 1397 1881 1437 sermone

321 1487 419 1522 suo
448 1471 598 1526 fisus.
630 1473 759 1526 lude
816 1473 976 1542 igitur
1011 1485 1250 1528 sanctum
1313 1475 1591 1528 salutans:
1643 1472 1882 1528 Virilitcr

320 1573 440 1629 age,
504 1565 799 1632 inquiebat,
825 1607 837 1622 .
859 1573 913 1618 et
964 1565 1267 1618 ronfortare
1299 1607 1312 1629 ,
1349 1567 1523 1620 l’etre.
1560 1561 1668 1619 Iloe
1699 1579 1877 1620 autem

319 1655 694 1709 consideraute
719 1666 884 1724 atque
922 1659 1058 1710 adeo
1099 1659 1467 1723 interrogante
1494 1659 1739 1723 quisnam
1765 1660 1884 1713 istic

1986 473 2075 525 τδν
2118 469 2315 527 ἄσυλον
2365 472 2579 524 ἐκείνου
2616 471 2911 542 θησαυρόν.
2955 471 3014 523 ’0
3063 471 3246 524 τοίνυν
3293 473 3556 543 ἐπούρσει

1987 565 2163 632 φωτὸς
2218 563 2672 633 ἡλλοτριωμένος,
2729 563 2823 615 καὶ
2898 561 3036 631 πρὸς
3101 562 3294 622 σκότος
3351 563 3557 626 ἀθλίως

1989 655 2328 726 μεταϐαλὼν,
2353 655 2492 725 ὑπὲρ
2519 653 2614 706 τοὺ
2643 653 2732 705 τὸν
2763 654 2949 720 ὅμοιον
2972 651 3048 720 τῷ
3077 652 3270 722 Πέτρῳ
3292 656 3561 723 προστρί-

1985 747 2193 815 ψασθαι
2237 747 2462 815 μῶμον,
2527 744 2703 813 φωτὸς
2755 742 3127 811 ἀναλαμϐάνει
3190 746 3406 812 σχῆμα,
3460 749 3559 798 καὶ

1988 837 2164 904 φωτὸς
2234 835 2466 902 ἄγγελον
2546 833 2928 904 ὑποκρίνεται,
2992 833 3088 886 καὶ
3152 839 3406 903 πρόσεισι
3479 836 3562 903 τῷ

1987 930 2146 996 ἁγίῳ,
2182 928 2258 994 τῷ
2311 926 2736 995 κατεψευσμένῳ
2773 925 2904 995 παρ’
2956 924 3134 994 ἑαυτῷ
3179 925 3339 993 φωτὶ,
3362 925 3462 993 τὴν
3493 927 3561 976 ἐκ

1986 1020 2080 1074 τοῦ
2121 1018 2378 1089 ἀληθινοῦ
2430 1019 2523 1071 καὶ
2583 1018 2801 1087 πρώτου
2853 1017 3029 1085 φωτὸς
3087 1016 3340 1086 ἡμμένην
3391 1016 3563 1076 ὅντως

1988 1113 2206 1180 λυχνίαν
2237 1110 2539 1164 ἀποσϐέσαι
2583 1109 2951 1179 πειρώμενος.
2987 1109 3095 1161 Καὶ
3121 1108 3185 1177 δὴ
3216 1106 3562 1178 προσελθὼν,

1987 1205 2086 1273 τὴν
2140 1204 2238 1272 μὲν
2291 1200 2430 1254 κατὰ
2482 1202 2772 1267 πρόσωπον
2813 1198 3036 1267 ὁμιλίαν
3074 1197 3430 1268 ἀπαγορεύει,
3461 1199 3567 1264 τὴν

1989 1295 2390 1367 κριτικωτάτην
2431 1293 2650 1360 ἐκείνην
2702 1290 2825 1360 ὄψιν
2875 1289 3257 1359 ὑφορώμενος*
3293 1289 3371 1357 τῷ
3414 1305 3563 1355 σπηο

1991 1389 2126 1456 λαίῳ
2165 1388 2222 1440 δὲ
2268 1386 2468 1452 ἔξωθεν
2501 1383 2766 1453 ἐφεστὼς,
2818 1382 2906 1434 διὰ
2954 1384 3055 1450 τῆς
3105 1380 3320 1448 θυρίδος
3365 1378 3566 1447 ὡμίλει

1990 1481 2069 1550 τῷ
2107 1481 2216 1533 τῶν
2247 1480 2420 1546 λόγων
2465 1478 2814 1548 εύπροσὼπῳ
2864 1473 3104 1545 θαρρῶν.
3159 1473 3408 1524 Ἐπείθεν
3447 1471 3567 1521 τιξ-

1993 1590 2087 1626 νυν
2137 1573 2227 1625 τδν
2266 1573 2412 1625 ὅσιον
2459 1569 2872 1637 ἀσπασάμενος,
2929 1566 3206 1634 Ἀνδρίζου
3256 1565 3350 1616 καὶ
3407 1562 3568 1629 ἴσχυε

1993 1664 2419 1734 προσεφώνησε,
2476 1664 2673 1738 Πέτρε,
2723 1658 2830 1714 Τοῦ
2888 1658 2946 1712 δὲ
3005 1656 3446 1729 διασκεψαμένου
3503 1669 3569 1706 τε

319 1756 482 1810 esset,
508 1761 571 1800 ac
601 1747 744 1801 unde
779 1747 900 1801 talia
925 1747 1148 1817 loquens
1189 1750 1441 1802 veniret?
1477 1749 1764 1815 Sabjunxit
1794 1750 1882 1805 ille

2003 1758 2079 1808 ιαὶ
2131 1755 2394 1824 ἐρομένου
2449 1752 2534 1815 τίς
2583 1752 2692 1822 εἴη,
2726 1752 2822 1803 καὶ⁹
2874 1749 2998 1801 ὅθεν
3059 1751 3086 1799 ὁ
3139 1750 3198 1799 τὸ
3253 1747 3561 1814 πρόσρημα

318 1838 578 1891 enutiuuo
612 1856 624 1891 :
661 1837 918 1908 Princeps
980 1841 1184 1893 militiae
1235 1856 1349 1893 sum
1387 1856 1484 1910 ego
1525 1841 1734 1893 Domini
1769 1841 1886 1908 glo-

319 1931 416 1982 rte
442 1947 457 1983 :
491 1931 649 1983 venio
672 1937 856 1985 autem‘
883 1932 1309 2000 significaturus,
1331 1947 1486 2000 quam
1517 1933 1569 1984 in
1603 1932 1754 1987 malis
1791 1933 1887 1987 tibi

323 2033 420 2085 pro
456 2019 700 2076 toleratis
731 2024 834 2076 huc
879 2039 1050 2092 usque
1089 2023 1361 2076 laboribus
1392 2023 1698 2076 mercedem
1731 2038 1889 2075 cout-

323 2113 596 2176 paraveris
623 2131 636 2173 ;
666 2123 718 2166 et
762 2114 926 2168 simul
975 2114 1233 2168 docturus
1277 2114 1404 2183 quid
1440 2114 1691 2181 deinceps
1723 2129 1890 2181 agen—

327 2204 455 2256 dum
487 2204 584 2257 tibi
615 2207 880 2274 supersit.

401 2377 489 2431 3‘2.
517 2378 670 2433 Scias
700 2380 866 2449 igitur
891 2382 1072 2447 velim,
1101 2383 1491 2436 exercitatione
1521 2389 1706 2435 sancta
1732 2390 1894 2445 atque

328 2470 610 2523 tolerantia
649 2481 702 2524 te
746 2473 996 2526 omnibus
1047 2474 1138 2542 qui
1182 2474 1442 2528 hactenus
1487 2472 1697 2526 fuerqu
1739 2479 1894 2523 aute-

329 2565 546 2626 Cellet‘e,
583 2575 744 2631 atque
777 2566 912 2618 adeo
939 2566 1137 2632 maiora
1170 2565 1261 2618 tibi
1297 2565 1512 2633 prtemia
1545 2565 1664 2631 jure
1703 2563 1896 2614 merito

335 2671 573 2711 utaucre.
629 2655 844 2723 Jeiunat
887 2659 1099 2724 quidem
1159 2657 1333 2719 Elias,
1393 2658 1487 2711 sed
1534 2655 1893 2723 quadraginta

331 2755 540 2798 lautum
584 2747 791 2799 dierum
841 2746 1150 2800 curriculo:
1192 2755 1246 2798 ttt
1285 2761 1412 2800 vero
1443 2746 1728 2814 septimum
1785 2743 1895 2810 jam

330 2853 530 2890 annum
577 2838 664 2892 hic
696 2853 862 2908 agens
899 2839 1016 2892 siue
1048 2839 1182 2892 ciliis
1230 2839 1477 2891 humanae
1509 2837 1628 2888 vitze
1662 2835 1898 2904 propriis

331 2940 564 2997 perstas.
599 2930 782 2983 Daniel
810 2945 930 2984 cum
977 2929 1106 2984 feris
1145 2927 1464 2982 mirabiliter
1497 2937 1747 2980 versatus
1774 2938 1895 2990 est;

333 3033 568 3076 attamen
601 3038 723 3074 cum
758 3023 962 3090 pani-is,
983 3031 1034 3075 ct
1065 3030 1302 3088 tempore
1337 3035 1439 3072 non
1474 3019 1633 3088 longo
1654 3038 1666 3071 :
1690 3029 1744 3072 tu
1773 3033 1900 3072 vero

334 3123 388 3166 et
411 3113 568 3182 longo
596 3121 835 3181 tempore
861 3121 914 3165 et
965 3128 1083 3166 cum
1117 3111 1301 3164 multis
1331 3109 1630 3164 cohabitns.
1668 3108 1725 3161 Si
1769 3109 1902 3163 tole-

338 3206 569 3258 rantiam
625 3220 839 3274 quoque
889 3202 1009 3258 Jobi
1056 3206 1283 3256 miretur
1334 3202 1637 3271 quispiam;
1696 3204 1920 3272 cogites-

337 3313 460 3349 eum
503 3311 607 3349 nou
659 3312 754 3349 sua
793 3305 985 3362 sponte
1035 3295 1364 3348 sustinuisse
1401 3295 1663 3347 tualorttm
1721 3295 1902 3347 inuti"-

339 3402 458 3440 sum
495 3402 508 3439 :
546 3397 599 3439 tu
631 3402 761 3440 vero
786 3385 1052 3454 inltoSpita
1080 3385 1196 3438 loca
1243 3394 1389 3438 tanto
1425 3397 1663 3452 tempore
1713 3385 1900 3438 volun-

341 3477 479 3532 tarie
499 3476 711 3540 incolis,
731 3478 861 3531 varii
893 3479 1105 3546 generis
1130 3476 1479 3546 pluribus-lue
1515 3477 1904 3529 tentatiouibus

337 3569 642 3639 exagitatus
669 3584 683 3634 ;
711 3579 765 3623 et
793 3569 1024 3622 nondum
1056 3570 1292 3621 animum
1326 3566 1682 3635 despondisti.
1729 3569 1902 3623 Unum

342 3676 488 3713 nunc
545 3660 908 3724 desideratur,
944 3668 1001 3712 ut
1057 3657 1304 3712 homines
1347 3659 1758 3712 censervatione
1814 3666 1904 3712 tua

341 3753 594 3806 meliores
627 3752 838 3814 reddas,
861 3763 1064 3817 eosque
1089 3765 1117 3802 a
1151 3750 1310 3803 rebus
1338 3749 1569 3802 terrenis
1598 3752 1906 3804 aiistractos

341 3843 394 3896 iu
428 3858 707 3895 numerum
742 3841 1036 3896 transferas
1067 3842 1374 3896 cmlestium
1395 3841 1618 3904 civium,
1640 3841 1908 3909 aspiciens

343 3931 392 3980 iu
421 3931 750 3998 exenipluin,
773 3929 913 3998 quod
944 3929 1197 3985 Christus
1214 3939 1296 3982 est
1317 3947 1330 3991 ;
1351 3944 1380 3980 a
1408 3944 1517 3997 quo
1549 3938 1603 3981 et
1634 3945 1732 3995 ego
1765 3945 1906 3982 nunc

342 4022 546 4076 missus
600 4021 762 4076 celeri
814 4021 994 4075 volatu
1037 4022 1256 4078 adsum.
1314 4020 1411 4074 Hic
1477 4032 1598 4087 post
1652 4021 1795 4072 illam
1855 4021 1907 4072 iu

343 4125 529 4168 uroute
583 4115 894 4169 athleticam
927 4129 1132 4167 moram
1188 4126 1466 4175 reversus,
1504 4113 1747 4166 lintniues
1800 4112 1911 4164 fre-

344 4216 572 4275 quenter
591 4210 866 4269 convenit,
888 4222 950 4261 ac
981 4207 1126 4275 leges
1152 4206 1232 4260 eis
1262 4206 1590 4274 praseripsit
1619 4205 1909 4258 salutares.

347 4299 401 4352 Si
437 4314 565 4354 vero
594 4300 758 4352 etiam
789 4296 1082 4366 suspiceris
1104 4333 1119 4358 ,
1156 4298 1259 4349 huc
1287 4311 1371 4348 me
1403 4295 1685 4348 advenisse
1716 4309 1820 4347 non
1846 4311 1908 4348 ex

351 4393 569 4445 nurnine
599 4391 827 4444 divino:
867 4388 1157 4441 manifesto
1209 4388 1303 4440 tibi
1350 4386 1716 4454 comprobabo
1749 4401 1910 4455 atgu-
1950 4424 1966 4477 ι

351 4493 555 4545 mento,
590 4497 618 4532 a
654 4482 761 4533 Deo
793 4479 1020 4533 missum
1049 4492 1192 4532 esse.
1232 4477 1400 4530 David
1433 4491 1688 4546 namque,
1751 4479 1914 4531 mira-

349 4575 534 4628 tiilium
565 4572 870 4627 divinorqu
901 4586 1097 4640 praeco,
1143 4570 1222 4624 sie
1256 4568 1420 4623 Deum
1470 4570 1650 4638 ipsum
1685 4570 1918 4639 alloqui-

348 4675 478 4718 tur:
520 4683 540 4716 ι
575 4664 652 4718 Tu
680 4665 892 4720 siccasti
928 4662 1122 4718 fluvios
1159 4662 1369 4716 Ethan’
1399 4678 1413 4726 ;
1451 4680 1469 4712 ›
1508 4662 1625 4716 illos
1669 4662 1918 4717 videlicet

348 4755 564 4822 ﬂuvios,
614 4757 706 4826 qui
749 4756 954 4824 jugiter
1004 4763 1320 4816 manarunt,
1369 4768 1472 4807 uou
1515 4754 1602 4823 qui
1659 4755 1911 4809 torrentis

350 4847 596 4902 adiustar
633 4855 878 4900 recenter
911 4852 1298 4914 proruperunt.
1338 4843 1402 4896 Et
1441 4841 1547 4896 alio
1576 4841 1911 4897 Psaltuorum

353 4941 472 4996 loco
503 4957 517 4993 :
554 4959 573 4991 ι
614 4938 798 4994 Posuit
823 4938 998 4992 fontes
1028 4953 1289 5006 aquarum
1324 4937 1373 4988 in
1395 4936 1689 4998 desertum,
1717 4945 1768 4987 et
1799 4936 1917 4987 exi-

354 5047 439 5085 tus
491 5046 751 5100 aquarum
803 5031 854 5084 in
915 5029 1082 5092 sitim,
1135 5043 1163 5080 a
1218 5026 1423 5079 malitia
1479 5025 1834 5080 habitantium
1867 5025 1920 5078 in

353 5123 519 5177 eis“.
559 5139 577 5172 ι
609 5121 944 5191 Quapropter
975 5121 1026 5173 in
1058 5119 1312 5186 signum,
1347 5128 1396 5171 te
1433 5132 1644 5185 quoque
1677 5132 1780 5169 non
1811 5132 1925 5168 atu-

353 5217 498 5284 ptius
528 5215 633 5268 Deo
659 5213 891 5283 propitio
921 5213 1247 5266 commorari
1279 5211 1367 5263 hic
1403 5223 1566 5277 posse
1588 5248 1604 5272 ,
1639 5223 1756 5276 quite
1783 5223 1923 5275 prte-

355 5320 377 5362 t
415 5309 555 5362 rtluit
580 5324 738 5377 aqua,
776 5308 891 5376 ipso
914 5321 1010 5374 per
1037 5321 1121 5359 me
1144 5305 1368 5372 jnbeute
1395 5340 1409 5364 ,
1444 5301 1657 5356 defecit.
1686 5299 1925 5354 Curave-

1923 3076 1970 3139 C

1990 1847 2144 1911 δούς;
2204 1847 2410 1906 ἐκεῖνος
2482 1843 2644 1902 εὐθὺς
2703 1840 3030 1910 ὑποτυχών⁹
3090 1838 3563 1909 Ἀρχιστράτηγός

1991 1939 2128 2004 είμι,
2187 1937 2341 2006 φησὶ,
2393 1935 2598 2004 Κυρίου
2647 1933 2841 2002 δόξης·
2893 1933 3014 2001 ἥκω
3061 1932 3118 1985 δέ
3169 1949 3249 1984 σοι
3303 1930 3571 2001 δηλώσων

1991 2029 2089 2098 τὴν
2140 2031 2197 2080 ὲν
2248 2031 2361 2088 τοῖς
2425 2026 2774 2094 ἐπουρανίοις
2839 2025 3350 2094 τεθησαυρισμένην
3422 2024 3570 2092 ὑπὲρ

1991 2122 2100 2173 τῶν
2159 2123 2285 2188 ἄχρι
2361 2121 2601 2187 τήμερον
2666 2117 3061 2184 πεπονημένων
3125 2115 3394 2183 ἀμοιϐήν·
3454 2114 3570 2180 ἅμα

1992 2211 2049 2262 δέ
2117 2226 2197 2262 σοι
2263 2208 2354 2261 καὶ
2411 2205 2664 2271 διδάξων,
2728 2206 2838 2258 ὃτί
2904 2221 3036 2257 ποτε
3093 2204 3411 2257 τοὺντεῦθέν
3483 2221 3571 2256 σοι

1995 2301 2296 2371 πρακτέον.

2067 2391 2168 2462 λβ⁹.
2200 2392 2270 2445 Εὖ
2305 2393 2410 2444 ἴσθι
2442 2391 2753 2459 τοιγαροῦν,
2789 2389 3016 2456 ἀσκήσει
3062 2404 3119 2439 τε
3158 2388 3253 2440 καὶ
3278 2387 3572 2453 καρτερῖη,

1995 2487 2122 2547 τοὺς
2168 2486 2274 2553 πρδ
2323 2484 2416 2536 σοῦ
2469 2484 2680 2544 πάντας
2735 2479 3142 2550 ὑπερενεγκὼν,
3173 2480 3264 2531 καὶ
3307 2479 3575 2547 μειζόνων

1997 2575 2387 2645 προσηκόντως
2439 2574 2762 2642 τευξόμενος
2812 2571 3104 2642 βραὸεέων.
3141 2569 3414 2640 Νηστεύει
3469 2569 3576 2636 μὲν

1998 2665 2106 2733 γὰρ
2149 2664 2358 2725 Ἠλίας,
2403 2662 2534 2714 ἀλλὰ
2585 2658 2996 2727 τεσσαράκοντά.
3057 2676 3154 2712 που
3199 2657 3425 2726 ἡμερῶν
3474 2674 3576 2708 πε-

2000 2757 2175 2826 ρίοδον
2207 2772 2224 2789 ·
2265 2757 2328 2808 σὺ
2369 2755 2413 2807 δ’
2446 2752 2661 2806 ἐνταῦθ’
2696 2753 2926 2821 ’ἐὸδομον
2972 2751 3091 2812 ἔτος
3129 2751 3325 2813 ἕλκων,
3357 2750 3578 2818 ἀνθρω-

1998 2849 2163 2916 πίνης
2221 2849 2486 2915 ἄγευστος
2536 2846 2800 2906 διατελεῖς
2858 2845 3086 2912 τροφῆς.
3147 2841 3346 2910 Δανιὴλ
3400 2841 3574 2908 θηρσὶ

2002 2940 2232 3009 συνῆλθε
2285 2939 2632 3003 θαυμασίως’
2671 2937 2786 2989 ἀλλ’
2827 2936 3028 3002 ὀλίγοις
3052 2936 3114 3003 δή
3150 2952 3281 2997 τισι,
3331 2934 3426 2984 καὶ
3484 2932 3574 2984 ἐπ’

2002 3032 2219 3098 ὀλίγον·
2257 3032 2320 3082 σὺ
2351 3030 2396 3080 δ’
2430 3031 2525 3082 ἐπὶ
2563 3029 2695 3080 πολύ
2740 3045 2818 3092 τε,
2856 3027 2951 3079 καὶ
3004 3027 3241 3087 πολλοῖς.
3276 3025 3336 3076 Ei
3375 3024 3427 3076 δὲ
3480 3025 3578 3075 καὶ

2001 3122 2095 3176 τοῦ
2131 3121 2251 3174 ’1ὼὸ
2278 3120 2547 3189 θαυμάζοι
2573 3137 2656 3183 τις
2681 3121 2780 3188 τὴν
2811 3117 3127 3187 καρτερίαν,
3164 3115 3279 3169 ἀλλ’
3310 3115 3574 3176 ἀκούσιος

2002 3208 2070 3283 ἦν
2110 3212 2380 3280 ἐπιφορά·
2417 3211 2482 3263 σὺ
2521 3209 2566 3263 δ’
2608 3208 2750 3260 ἑκὼν
2781 3210 2895 3270 τοῖς
2932 3208 3143 3270 ἀοίκοις
3190 3205 3283 3259 ἐπὶ
3314 3205 3574 3257 τοσοῦτον

2004 3301 2404 3372 ὲπιχωριάζων,
2456 3300 2764 3353 πολυειδέσι
2825 3299 2921 3352 καὶ
2969 3297 3364 3365 ποικιλοτέροις
3414 3312 3580 3363 περι-

2005 3393 2221 3443 πίπτων
2270 3392 2628 3460 πειρασμοῖς,
2683 3389 2782 3440 οὑκ
2832 3388 3164 3457 ἀπείρηκας.
3212 3385 3444 3452 Ἓνῆδη
3492 3402 3578 3435 σοι

2004 3483 2281 3535 λείπεται·
2320 3484 2429 3543 τοῖς
2484 3481 2795 3549 ἀνθρώποις
2856 3479 3276 3546 συγγενόμενον,
3329 3475 3575 3543 βελτίους

2005 3574 2200 3635 αὑτοὺς
2243 3571 2685 3641 ἀπεργάσασθαι,
2719 3569 2813 3621 καὶ
2851 3569 2950 3637 τῆς
3000 3567 3104 3636 γῆς
3152 3567 3576 3625 ἀνασπάσαντσ,

2005 3667 2112 3719 τῶν
2155 3665 2400 3735 οὐρανῶν
2433 3663 2709 3726 ἀποδεῖξαι
2761 3662 3007 3723 πολίτας,
3051 3661 3188 3728 πρὸς
3219 3659 3578 3728 παράδειγμα

2009 3757 2296 3827 βλέποντα,
2326 3755 2455 3822 παρ’
2503 3747 2564 3806 οὑ
2606 3752 2699 3803 καὶ
2726 3752 2887 3813 αὑτδς
2935 3750 3132 3818 ἀρτίως
3173 3749 3427 3816 τυγχάνω
3477 3764 3578 3798 κα-

2007 3846 2373 3914 ταπτάμενος,
2408 3843 2668 3911 Χριστὸν,
2692 3842 2749 3902 ὃς
2800 3841 2938 3910 μετᾶ
2969 3840 3066 3908 τὴν
3111 3839 3198 3891 ἐπ’
3234 3838 3394 3905 ὅρους
3435 3837 3578 3888 ὲκεί-

2008 3953 2106 4004 νην
2167 3936 2460 4002 ἐναγώνιον
2522 3932 2847 4003 διατριϐὴν,
2898 3932 3192 4000 ἐπανήκων
3242 3931 3321 3998 τῷ
3378 3928 3581 3997 πλήθει

2010 4023 2117 4075 τῶν
2197 4022 2498 4092 ἀνθρώπων
2573 4022 2910 4087 συνεγένετο,
2979 4020 3181 4089 νόμους
3278 4018 3581 4088 σωτηρίους

2013 4115 2264 4176 ὲκτιθείς.
2300 4116 2361 4166 Et
2394 4114 2438 4174 δ’
2474 4113 2805 4175 ὑποπτεύεις
2863 4126 2963 4181 μου
2999 4111 3098 4180 τὴν
3149 4110 3479 4180 παρουσίαν,
3505 4110 3582 4172 ὡς

2013 4206 2161 4258 ἀθεεὶ
2213 4204 2608 4273 γεγενημένην,
2667 4201 2778 4270 ἐγώ
2847 4219 2929 4254 σοι
2988 4201 3292 4270 τεκμήριον
3351 4201 3584 4269 ἐναργὲς

2014 4295 2265 4358 ἐπιδείξω
2316 4294 2409 4347 τοῦ
2465 4293 2784 4363 πεμφθῆναι
2841 4293 2978 4362 πρὸς
3030 4291 3189 4345 Θεοῦ.
3249 4290 3417 4342 Δασὶδ
3485 4291 3588 4358 μὲν

2017 4389 2122 4456 γὰρ
2171 4390 2199 4440 ὁ
2252 4388 2358 4440 τῶν
2392 4386 2556 4439 αὑτοῦ
2609 4387 2931 4455 θαυμασίων
2965 4383 3274 4454 ὑφηγητὴς,
3311 4385 3451 4452 πρδς
3497 4384 3588 4434 τὸν

2015 4478 2146 4530 Θεὸν
2172 4479 2336 4531 αὑτὸν
2374 4494 2532 4546 φησι,
2561 4496 2579 4529 ι
2606 4478 2678 4530 Σὺ
2704 4477 2974 4546 ὲξήρανας
3005 4477 3289 4544 ποταμοὺς
3323 4474 3530 4535 ἹΙθαν,
3563 4493 3582 4525 ι

2015 4571 2256 4641 δηλονότι
2309 4572 2435 4632 τοὺς
2489 4570 2771 4631 ἀεννάους,
2815 4570 2908 4621 καὶ
2964 4569 3038 4638 μὴ
3093 4566 3427 4637 προσφάτως
3472 4584 3587 4636 χει·

2021 4664 2230 4733 μάρρου
2288 4663 2489 4732 τρόπον
2539 4663 2985 4731 ἀναδεδομένους.
3057 4660 3318 4729 Ἀλλαχοὺ
3373 4659 3432 4711 δέ
3481 4674 3588 4710 πω

2018 4756 2126 4806 τῶν
2163 4755 2417 4823 ψαλμῶν,
2454 4775 2472 4806 ι
2511 4755 2705 4814 Ἐθετο
2747 4757 2932 4824 πηγὰς
2992 4753 3200 4807 ὑδάτων
3244 4754 3324 4815 εἰς
3357 4753 3586 4822 ἔρημον,

2021 4849 2114 4896 καὶ
2161 4845 2430 4909 διεξόδους
2478 4847 2686 4900 ὑδάτων
2746 4847 2825 4908 εἰς
2868 4845 3048 4914 δίψαν,
3081 4845 3187 4897 ἀπὸ
3231 4845 3429 4903 κακίας
3479 4841 3590 4893 τῶν

2024 4934 2421 4988 κατοικούντων
2451 4938 2509 4990 ὲν
2561 4938 2768 4998 αὑτοῖς.
2809 4955 2827 4987 ι
2869 4937 2975 4988 Καὶ
3009 4935 3066 4986 σὲ
3102 4933 3302 4993 τοίνυν,
3346 4929 3500 4998 παρὰ
3531 4931 3592 4981 τδ

2020 5029 2270 5097 θεοφιλὲς
2313 5029 2502 5098 μηκέτ’
2557 5024 2701 5081 εἶναι
2751 5027 3028 5079 κατοικεῖν
3087 5022 3344 5085 ἐνταῦθα,
3379 5021 3440 5073 τδ
3482 5035 3594 5071 πα-

2025 5122 2252 5192 ραρρέον
2290 5119 2472 5190 ὓδωρ,
2505 5118 2672 5171 αὑτοῦ
2714 5117 2781 5170 δι’
2834 5117 2967 5186 ἐμοῦ
3015 5113 3375 5174 κελεύσαντος
3402 5150 3416 5174 ,
3469 5111 3594 5162 ἀπ-

2020 5210 2376 5264 ἐλιπε.’1ὀῦτο
2430 5210 2477 5263 δ’
2529 5205 2599 5282 ἦν
2644 5209 2672 5261 ὁ
2712 5206 2968 5276 περιττὸς
3015 5206 3114 5267 τὰς
3163 5202 3434 5264 τοιαύτας
3465 5203 3593 5253 ἐπι-

2017 5302 2166 5363 νοίας
2207 5299 2688 5370 προαναχαιτίσας,
2721 5298 2894 5366 ἑτέρῳ
2921 5292 3144 5364 πονηρῷ
3186 5291 3486 5361 πνεύματι.

353 5415 440 5459 rat
472 5413 651 5459 autem
706 5402 898 5458 fertilis
949 5402 1038 5457 ille
1089 5400 1275 5456 talium
1305 5406 1733 5453 commentorum
1763 5434 1777 5462 ,
1811 5411 1907 5466 per
1934 5395 2098 5451 alium
2131 5412 2359 5467 nequam
2405 5397 2695 5467 spiritum,
2739 5407 2933 5464 aquam
2998 5391 3142 5446 illam
3224 5386 3376 5458 prius
3443 5393 3594 5438 retro

356 5498 638 5564 tgcudam.

432 5675 453 5704 ’
479 5676 620 5730 Psal.
650 5689 840 5740 Lxxttt,
885 5676 965 5731 15.
1049 5675 1087 5705 ¹⁰
1121 5673 1257 5730 Psai.
1295 5689 1401 5742 ert,
1447 5675 1533 5730 35.
