3962 6208
390 241 525 305 10Ξῖ

385 455 545 523 νὲτης
578 448 646 521 ἦν
691 454 718 504 ὀ
762 453 856 521 τῆς
890 454 1087 515 κακίας
1128 453 1413 523 σοφιστὴς,
1451 455 1547 505 καὶ
1589 455 1831 516 πιθανῶς
1872 455 1955 505 ὅτι

388 546 625 612 μάλιστα
655 545 865 613 προῆγε
886 545 977 597 τὸν
1011 545 1190 611 λόγον,
1226 547 1294 598 ἵν’
1323 545 1499 609 οὓτως
1529 547 1689 608 εἴπω,
1724 546 1861 598 πολὺ
1895 546 1956 598 τὸ

388 637 509 706 μέλι
547 636 628 704 τῷ
677 636 989 707 δηλητηρίῳ
1034 639 1406 707 παραμιγνὺς,
1455 640 1547 690 καὶ
1595 641 1822 708 σημεῖον
1876 639 1957 700 είς

387 729 571 780 πίστιν
622 729 931 791 ἐπεδείκνυ,
981 729 1080 798 τὴν
1135 729 1274 799 πρὸς
1329 730 1390 783 τὸ
1448 730 1523 799 μὴ
1585 730 1644 782 ὃν
1688 728 1955 782 δοκοῦσαν

385 820 702 891 ἐκχωρῆσαι
762 823 968 889 πηγήν.
1039 820 1179 874 Ἀλλ’
1238 823 1385 884 ὅστις
1452 818 1545 889 ἦν,
1602 822 1809 891 ἥκιστα
1865 820 1955 872 τὸν

389 912 565 979 μέγαν
594 911 916 975 έλάνθανεν;
944 911 1153 965 Οὔκουν
1174 928 1187 942 ·
1221 912 1340 965 οὐδὲ
1369 912 1573 982 χαλκὸς
1609 911 1956 980 χρυσοειδοῦς

388 1003 777 1072 περιτακέντος
809 1002 1025 1067 ἄνθους,
1070 1000 1188 1056 εἶτα
1223 1007 1290 1073 τῇ
1330 1003 1500 1072 Λυδίᾳ
1539 1004 1954 1072 προσαγόμενος

386 1092 586 1160 λήσει·
618 1091 853 1160 βάσανον
902 1092 1010 1161 γὰρ
1043 1093 1069 1143 ὁ
1110 1090 1253 1152 θεῖος
1311 1092 1513 1158 Πέτρος
1562 1087 1709 1160 εἶχεν
1750 1089 1953 1157 ἀκριϐῆ

384 1183 447 1234 τὸ
486 1183 587 1249 τῆς
615 1182 791 1252 ψυχῆς
818 1180 995 1251 ὄμμα,
1022 1185 1087 1251 τῇ
1126 1182 1261 1251 trp’);
1295 1181 1429 1234 Θεὸν
1466 1182 1649 1233 νεύσει
1676 1180 1955 1247 κεκαθαρ-

387 1276 573 1344 μένον.
618 1275 728 1330 Καὶ
785 1274 966 1326 τοίνυν
1012 1274 1205 1345 συνεὶς
1253 1273 1311 1325 τὸ
1370 1274 1575 1344 δρᾶμα,
1637 1273 1954 1342 μετριότητι

385 1369 477 1420 τὶν
527 1368 838 1436 ἐπηρμένον
888 1369 1094 1418 ἐκεῖνον
1142 1366 1335 1418 θᾶττον
1390 1366 1666 1435 καθαιρεῖ,
1712 1368 1807 1420 καὶ
1860 1384 1956 1436 μι-

388 1463 543 1527 κροῖς
602 1460 821 1528 μακρὰν
876 1460 1285 1526 ἁποδιοπομπεῖ
1342 1459 1432 1510 τὸν
1484 1458 1695 1527 φένακα
1740 1460 1952 1527 λόγοιςο

399 1552 562 1617 ’Λνάξ
587 1553 645 1613 6;
671 1554 806 1619 εἰμι,
842 1551 1037 1617 λέγων,
1079 1550 1377 1619 ἁγγελικῆς
1408 1550 1535 1609 θέας
1572 1553 1744 1619 ἔγωγε
1771 1566 1786 1581 ο
1839 1553 1958 1615 πῶς

386 1642 434 1693 δ’
464 1640 559 1707 οὖς
604 1643 787 1709 φησὶν,
825 1641 882 1703 ὃς
917 1640 1069 1707 παρὰ
1107 1638 1266 1691 τοῦτο
1320 1639 1415 1691 καὶ
1472 1641 1597 1701 τοὺς
1639 1640 1959 1709 ἀνθρώπους

387 1733 591 1800 ἔφυγόν
622 1749 679 1784 τε
722 1732 814 1784 καὶ
848 1731 1118 1799 φεύξομαι
1152 1729 1239 1783 διὰ
1269 1730 1481 1793 τέλους,
1519 1730 1740 1796 ἀνάξιον
1783 1731 1956 1799 ἐμαυ-

386 1822 479 1874 τδν
519 1823 681 1887 γνοὺς
710 1822 809 1889 τῆς
839 1822 957 1888 μετ’
988 1821 1168 1874 αὐτῶν
1212 1820 1520 1891 διατριϐῆς,
1547 1822 1622 1884 ὡς
1651 1821 1958 1875 εὐτελέστε-

386 1915 538 1986 ρονῆ
580 1916 700 1968 κατ’
724 1915 923 1978 αὐτοῖς
953 1915 1099 1981 ὄντα,
1129 1916 1223 1968 καὶ
1252 1916 1313 1968 τὸ
1336 1915 1428 1968 τοῦ
1452 1916 1494 1967 Π
1502 1916 1738 1984 ροφήτου
1768 1916 1955 1983 φάναι,

387 2025 416 2060 ο
428 2009 448 2059 3
458 2026 490 2060 κ
521 2008 832 2078 ἄνθρωπον.

459 2186 555 2241 ).δ’.
606 2187 665 2240 Ὀ
707 2188 804 2257 μὲν
844 2186 956 2250 οῦν,
1013 2185 1307 2239 ίδιαίτατόν
1341 2202 1393 2238 τι
1451 2186 1648 2254 κρῖμα,
1692 2181 1835 2235 κατὰ
1870 2180 1959 2231 τὸν

398 2275 747 2341 Ἀπόστολον,
780 2276 869 2328 τὸν
895 2274 1064 2345 τύφον
1095 2275 1255 2345 ἔχων,
1288 2276 1389 2345 τὴν
1435 2273 1826 2343 ὲναντιοτάτην
1862 2270 1958 2323 τοῦ

387 2370 545 2437 ἁγίου
582 2372 908 2441 μετριότητα
941 2371 1207 2440 μηδαμῶς
1242 2370 1448 2440 φέρων,
1479 2369 1510 2436 ἦ
1541 2367 1741 2435 τάχους
1788 2363 1954 2433 εἶχεν,

384 2461 668 2531 ἠλλοιοῦτο
712 2464 805 2516 καὶ
837 2464 1235 2533 ἁπεδίδρασκε’
1281 2463 1414 2523 Θεὸς
1458 2462 1535 2524 δὲ,
1570 2462 1596 2513 ὁ
1624 2462 1737 2522 τοῖς
1768 2475 1960 2511 ταπει-

388 2559 498 2616 νοῖς
525 2556 698 2614 διδοὺς
732 2555 913 2625 χάριν,
950 2556 1244 2623 ἐπιμέτρει
1286 2555 1362 2621 τῷ
1391 2555 1584 2623 Πέτρῳ
1617 2552 1815 2619 δαψιλῆ
1860 2550 1959 2619 τὴν

390 2645 575 2715 χάριν,
611 2647 709 2699 οὐκ
760 2648 815 2697 έν
855 2647 931 2713 τῷ
984 2646 1230 2715 μέλλοντι
1271 2645 1434 2712 μόνον
1474 2644 1645 2713 αὐτὴν
1679 2642 1828 2711 αὑτῷ
1863 2658 1959 2693 τα-

395 2738 737 2805 μιευόμενος,
774 2738 910 2790 ἀλλὰ
939 2738 1036 2804 τῆς
1068 2737 1442 2805 ἀποκειμένης
1470 2734 1735 2802 ἐχέγγυον
1771 2734 1960 2803 ὥσπερ

392 2829 689 2899 ἀρραϐῶνα
738 2829 1019 2883 κάνταῦθα
1064 2829 1414 2899 προδεικνύς·
1464 2826 1783 2880 τούντεῦθεν
1828 2826 1958 2895 γὰρ,

392 2923 801 2991 ἀνεπηρέαστος
852 2922 1079 2985 δικαίως
1134 2924 1162 2975 ὁ
1218 2924 1389 2990 μέγας
1437 2920 1664 2973 διετέλει
1708 2920 1797 2972 τδν
1848 2918 1961 2988 βίον

1510 252 1685 311 ιίΤΑ
1729 253 1785 311 S.
1832 252 2061 311 PETRI
2098 253 2522 315 ΛΤΠΟΝΙΤΕ.

458 360 556 430 λγ’.
589 359 660 413 Ού
706 360 811 429 μὴν
853 362 967 415 ἀλλ’
1001 362 1047 414 εἰ
1097 362 1187 415 καὶ
1224 362 1321 431 τῆς
1374 364 1575 433 ἀρετῆς
1610 364 1754 417 ἄκων
1797 364 1951 413 ἐπαι-
1982 363 2025 418 Α

3498 254 3628 315 1626

2127 365 2215 419 55,
2251 362 2446 417 Verum
2482 365 2625 418 enim
2662 378 2786 417 vero
2841 366 3049 419 tametsi
3085 366 3350 422 malorum
3408 371 3597 423 artifex
3625 414 3638 431 ,

2062 456 2145 509 vel
2180 456 2380 509 invitus
2411 455 2571 507 fuerit
2607 455 2855 510 laudator
2888 458 3102 511 virtutis
3126 499 3139 519 ,
3172 468 3223 511 et
3269 474 3430 525 quam
3463 464 3631 530 aptis-

2060 549 2252 601 simam
2286 548 2349 598 ad
2380 548 2817 615 persuadendum
2844 548 3141 604 orationem
3170 550 3474 616 protulerit,
3497 551 3634 601 lltlll-

2062 648 2171 691 tum
2202 640 2393 703 mellis,
2428 649 2484 692 ιιι
2514 640 2582 693 ita
2616 639 2823 704 loquar.
2858 654 3062 693 veneno
3094 642 3225 694 misc
3246 657 3325 693 ‘ns
3353 684 3366 704 ,
3411 642 3633 708 insuper

2060 742 2114 785 et
2146 732 2357 797 signum
2392 732 2455 785 ad
2492 732 2649 785 {idem
2681 732 2982 786 faciendam
3014 733 3317 793 addiderit,
3347 732 3632 787 etliciendo

2060 832 2116 875 ut
2167 824 2286 878 fons
2341 824 2634 878 evanuisse
2681 824 2751 878 sit
2804 825 2985 889 risus;
3021 840 3084 876 an
3120 823 3258 890 ideo,
3292 825 3412 893 quis
3463 836 3629 884 esset,

2060 932 2312 985 magnum
2370 917 2549 969 virum
2606 917 2811 969 latuit?
2871 915 3085 969 Minime
3137 931 3301 979 vero;
3337 932 3433 969 nec.
3486 915 3627 967 enim

2058 1009 2226 1063 latere
2275 1010 2473 1075 poterit
2508 1024 2621 1066 res.
2675 1006 3003 1061 circumfuso
3053 1007 3168 1060 auri
3222 1007 3351 1061 llore
3414 1007 3629 1070 illitum,

2058 1111 2411 1168 posteaquam
2437 1098 2607 1169 Lydio
2636 1099 2799 1165 lapidi
2850 1100 3144 1158 admotum.
3163 1098 3321 1151 fuerit
3352 1116 3365 1152 :
3403 1098 3626 1169 Lydium

2062 1208 2292 1259 namque
2324 1192 2552 1258 lapidem
2580 1191 3085 1257 prmstanlissimnm
3125 1190 3357 1242 habebat
3410 1190 3628 1241 divinus

2059 1281 2253 1334 Petrus
2279 1280 2494 1333 oculum
2530 1280 2745 1333 mentis.
2805 1290 2948 1330 recta
3002 1280 3052 1330 in
3110 1278 3272 1331 Deum
3332 1279 3630 1330 intentione.

2060 1380 2368 1439 purgatum.
2399 1369 2655 1423 Fabulam
2683 1370 2863 1433 itaque
2888 1369 3215 1435 intelligens,
3237 1370 3495 1423 modestia
3532 1384 3627 1419 sua

2059 1464 2350 1530 superbum
2386 1461 2534 1515 illum
2569 1460 2749 1515 subito
2781 1461 3097 1525 confundit,
3131 1462 3425 1529 paucisque
3456 1461 3634 1515 verbis

2062 1554 2415 1622 impostorem
2446 1554 2628 1622 procul
2683 1552 2938 1606 amandat
2982 1569 2995 1605 :
3031 1550 3283 1620 Indignus
3310 1594 3321 1611 .
3361 1552 3631 1618 inquiens,

2060 1661 2159 1708 ego
2193 1662 2313 1700 smn
2349 1646 2592 1713 angelica
2624 1646 2832 1697 visione
2860 1644 2971 1712 (qui
3003 1643 3145 1697 enim
3177 1644 3332 1695 aliter
3366 1644 3478 1696 fieri
3507 1658 3633 1712 pos-

2059 1738 2319 1805 sit?)ego
2346 1736 2435 1803 qui
2487 1737 2651 1790 etiam
2700 1734 2978 1788 hominum
3035 1745 3382 1802 conspectum
3435 1734 3542 1803 fugi
3578 1744 3629 1787 et

2061 1829 2247 1893 fugere
2280 1843 2553 1896 nunquam
2590 1826 2826 1879 desinam
2870 1842 2882 1878 :
2925 1841 3047 1879 cum
3106 1839 3191 1878 me
3223 1825 3504 1892 indignum
3539 1842 3632 1878 co-

2060 1934 2316 1986 gnoscam
2351 1916 2767 1969 conversatione
2796 1915 3038 1982 ipsorum
3065 1950 3079 1973 ,
3113 1921 3168 1963 nt
3213 1922 3336 1978 pote
3387 1914 3630 1966 viliorem

2058 2011 2367 2065 conditione
2400 2010 2659 2068 humana,
2704 2017 2869 2075 atque
2904 2004 2983 2075 (ιιι
3010 2003 3193 2057 verbis
3233 2003 3515 2073 Propheta:
3550 2006 3633 2059 lo-

2059 2118 2194 2171 quar
2218 2099 2293 2170 “)
2328 2114 2431 2153 non
2483 2100 2781 2151 hominem.

2130 2194 2219 2247 54.
2250 2193 2343 2246 llle
2373 2192 2538 2261 igitur
2562 2232 2575 2252 ,
2612 2191 2700 2254 qni
2744 2189 3177 2257 propriissimum
3214 2186 3429 2255 aliquod
3484 2186 3629 2256 judio

2063 2285 2303 2347 cium,ut
2347 2283 2637 2352 Apostolus
2684 2282 2782 2341 ait.
2825 2280 3133 2348 superbiam
3176 2280 3381 2342 habet,
3416 2292 3634 2335 contra-

2066 2378 2199 2431 riam
2229 2377 2328 2431 sibi
2362 2375 2677 2430 modestiam
2727 2372 2828 2425 viri
2868 2373 3038 2427 sancti
3089 2373 3398 2427 nullatenus
3429 2373 3633 2437 ferens,

2062 2483 2222 2538 quam
2276 2466 2561 2521 celerrime.
2612 2465 2808 2532 potuit,
2839 2465 3085 2532 dt-posita
3142 2465 3286 2517 larva
3336 2466 3512 2534 fingam
3542 2482 3635 2517 ca-

2062 2558 2307 2625 pessivit.
2342 2558 2483 2610 Deus
2537 2567 2717 2610 autem
2748 2596 2763 2619 ,
2805 2557 2894 2624 qni
2937 2557 3235 2611 humilibus
3263 2557 3350 2609 dat
3377 2558 3631 2624 gratiam.

2063 2652 2281 2704 uberem
2314 2648 2429 2717 ejus
2458 2663 2769 2702 mensuram
2806 2648 2967 2701 etiam
3016 2647 3174 2700 Petro
3218 2648 3477 2711 contulit,
3526 2663 3631 2701 non

2066 2750 2275 2795 tantum
2305 2743 2354 2794 in
2387 2740 2569 2794 futuro
2622 2740 2820 2792 sacculo
2855 2739 3146 2807 repositam
3171 2776 3186 2799 ,
3217 2738 3306 2790 sed
3341 2740 3449 2791 illic
3481 2754 3638 2807 repn-

2062 2836 2178 2889 sita:
2212 2834 2557 2889 securitatem
2586 2872 2601 2894 ,
2640 2832 2783 2884 velut
2830 2831 3191 2883 arrhabonem
3223 2830 3271 2881 ei
3318 2830 3368 2882 iu
3402 2828 3503 2883 hoc
3534 2844 3635 2882 επι-

2063 2928 2181 2980 culo
2219 2934 2502 2992 prazstans.
2537 2923 2613 2975 Ex
2650 2923 2741 2975 illo
2774 2936 3003 2991 namque
3028 2931 3270 2989 tempore
3289 2920 3636 2974 contumeliis

390 3016 653 3070 ἁνύττων.
706 3015 795 3075 Ὠς
824 3016 933 3084 γὰρ
962 3016 1019 3068 αἱ
1052 3014 1162 3066 τῶν
1196 3013 1551 3083 ὑψηλοτάτων
1574 3011 1746 3081 ὀρέων
1790 3028 1958 3081 κορυ-

2064 3017 2340 3071 diabolicis
2372 3014 2509 3069 liber
2538 3057 2552 3080 ,
2586 3015 2729 3083 juste
2763 3014 3105 3084 perfecteqne
3154 3013 3240 3066 vir
3278 3026 3501 3082 magnus
3563 3011 3641 3061 vi-

392 3108 489 3171 φαὶ
522 3106 829 3175 πνεύμασιν
852 3104 1016 3177 ἦττον
1050 3106 1463 3175 περιπνέονται,
1493 3106 1559 3173 τῇ
1593 3104 1685 3155 τοῦ
1721 3102 1957 3172 οὐρανοῦ

391 3198 665 3267 περιφορᾷ
711 3200 1141 3267 συγκινουμένου
1204 3195 1301 3250 τοῦ
1371 3196 1502 3267 περὶ
1558 3194 1730 3256 αὐτάς
1773 3195 1955 3265 ἀέρος.

391 3291 423 3356 ἡ
457 3288 615 3357 μέχρι
647 3289 739 3341 καὶ
785 3291 842 3350 ἐς
888 3289 1059 3350 αὐτὰς
1090 3286 1176 3339 διὰ
1222 3287 1330 3339 τῶν
1382 3284 1629 3354 συνεχῶν
1669 3284 1960 3337 καθικνου-

394 3379 552 3446 μένη,
588 3378 689 3442 τῆς
736 3377 981 3430 κάτωθεν
1019 3378 1128 3428 τῶν
1161 3377 1379 3445 ἀνέμων
1427 3376 1603 3444 ὁρμῆς
1632 3390 1692 3425 τε
1734 3374 1830 3424 καὶ
1868 3388 1959 3439 γε-

390 3469 589 3529 νέσεως
657 3468 1091 3535 ἐπικρατεῖ-τέρα
1151 3467 1468 3518 δείκνυται·
1524 3465 1614 3517 τὸν
1676 3464 1842 3517 αὐτὸν
1893 3462 1956 3531 δὴ

387 3559 578 3611 τοῦτον
610 3560 830 3629 τρόπον.
862 3560 952 3611 καὶ
985 3559 1078 3611 τοῦ
1118 3559 1326 3626 Πέτρου
1371 3557 1466 3608 νῦν
1504 3558 1596 3609 ἐπὶ
1627 3557 1724 3625 τὴν
1755 3556 1958 3609 ἄοπτον

389 3646 579 3715 ὥσπερ
619 3645 852 3698 σκοπιάν
890 3646 1069 3713 πάσης
1104 3646 1327 3715 ἀρετῆς,
1360 3644 1603 3712 δηλονότι
1638 3645 1738 3713 τὴν
1770 3630 1960 3694 ταπεί-

389 3758 555 3792 νουσιν
610 3738 1139 3807 ἀναδεδραμηκότος,
1186 3738 1280 3790 καὶ
1326 3737 1419 3790 τοῦ
1477 3738 1752 3790 ἁνωτάτου
1798 3736 1960 3787 πνεύ-

394 3847 561 3897 ματος
598 3830 1011 3899 ἐμιτνεουμένου
1034 3846 1092 3881 τε
1128 3832 1223 3884 καὶ
1262 3830 1695 3899 περιπνεομένου
1715 3829 1956 3897 χάρισιν,

390 3922 421 3986 ἡ
478 3918 585 3969 τῶν
635 3918 888 3988 πονηρῶν
960 3920 1293 3987 πνευμάτων
1365 3918 1581 3984 φάλαγξ
1636 3916 1785 3969 κάτω
1854 3933 1957 3966 που

390 4011 648 4077 παρεῖται
701 4009 1109 4078 προσηκιεντως,
1141 4012 1237 4062 καὶ
1299 4008 1659 4077 ἀπελήλαται,
1694 4008 1801 4059 τῶν
1835 4024 1961 4057 πτε-

392 4100 504 4168 ρῶν
538 4101 743 4161 αὐτοῖς,
771 4100 847 4161 ὠς
888 4100 1115 4169 τήκεται
1146 4099 1335 4168 κηρὸς,
1362 4099 1466 4151 ὑπὸ
1497 4097 1589 4150 τοῦ
1618 4098 1760 4150 Θείου
1782 4099 1961 4149 διαλυ-

390 4191 593 4243 θέντων
626 4191 821 4259 πυρὸς,
863 4190 1051 4260 ὥσπερ
1094 4191 1229 4259 φασὶ
1257 4194 1354 4244 καὶ
1381 4192 1501 4253 ταῖς
1533 4190 1621 4257 ὑφ’
1653 4188 1805 4259 ἡλίου
1839 4191 1961 4259 θερ-

390 4286 650 4354 μοτέραις
682 4285 1031 4354 προσϐολαῖς,
1052 4287 1150 4355 τὴν
1176 4286 1318 4337 κατὰ
1348 4285 1475 4347 τοὺς
1509 4284 1715 4354 μύθους
1743 4284 1956 4353 Ἰκάρου

390 4378 662 4447 μηχα-,ήκη

458 4467 555 4519 λε’.
594 4467 753 4520 Ἀλλά
792 4466 898 4537 γάρ
931 4469 962 4537 ἡ
1009 4467 1102 4519 τοῦ
1136 4466 1279 4519 θείου
1332 4467 1653 4535 Πνεύματος
1683 4470 1957 4535 ἐπίπνοια,

386 4560 487 4620 τὶς
534 4558 879 4628 κακούργους
934 4560 1275 4628 ἀπωσαμένη
1335 4559 1627 4628 δυνάμεις,
1682 4564 1775 4614 καὶ
1833 4563 1960 4626 τοὺς

386 4651 765 4717 ἀγαθουργους
815 4650 1172 4719 ἀντεπιφέρει
1230 4652 1606 4721 λειτουργοὺς,
1657 4656 1751 4705 καλ⁹
1809 4654 1959 4724 ἄρτῳ

386 4744 599 4811 τρέφει,
632 4743 723 4795 τὸν
758 4743 850 4795 ἐπὶ
893 4742 997 4811 γῆς
1025 4744 1197 4811 αὐτῆς
1233 4744 1331 4812 οὐχ
1368 4744 1515 4813 ἥττω
1560 4744 1667 4796 τῶν
1701 4745 1812 4798 ἄνω
1846 4746 1959 4798 λει-

384 4834 656 4903 τουργῶν,
707 4838 935 4896 τακταῖς
989 4834 1214 4904 ἡμερῶν
1276 4836 1547 4903 περιόδοις
1590 4836 1658 4888 δι’
1722 4838 1953 4904 ἀγγέλου

386 4926 756 4996 κομιζομένῳ.
802 4928 961 4997 Ἠλίᾳ
996 4926 1098 4996 μὲν
1148 4926 1258 4996 γὰρ
1310 4927 1483 4994 κόραξ
1525 4927 1586 4979 τὸ
1636 4930 1955 4996 μισότεκνον

383 5015 717 5083 ὑπηρετεῖτο
754 5015 911 5080 ζῶον,
947 5015 1219 5084 σύμϐολόν
1250 5032 1383 5082 φασι
1426 5017 1517 5069 τοῦ
1554 5017 1689 5085 πρὸς
1732 5018 1792 5068 τὸ
1829 5018 1957 5086 ὁμό-

383 5108 549 5174 φυῖον
583 5108 940 5175 ἀσυμπαθοῦς
967 5126 979 5137 ·
1026 5108 1215 5177 Πέτρῳ
1259 5109 1336 5171 δὲ,
1374 5109 1474 5178 τῆς
1524 5108 1644 5161 κατ’
1690 5109 1954 5175 ἀγγέλους

390 5198 684 5262 πολιτείας,
719 5200 745 5248 ὁ
777 5198 1133 5269 διακομιστὴς
1165 5200 1418 5267 ἄγγελος,
1458 5200 1687 5268 ἄγγελος
1734 5200 1911 5269 σαφής
1939 5216 1952 5230 ·

383 5287 443 5347 ὃς
478 5288 572 5340 καὶ
601 5288 659 5339 τὺ
692 5290 866 5356 μάννα
892 5290 967 5358 τῷ
998 5291 1231 5360 γενναίῳ
1264 5292 1651 5357 ἐπιδείκνυσιν,
1683 5292 1957 5360 αὐτοφυὲς

379 5376 518 5442 ὁμοῦ
546 5393 601 5428 τε
632 5376 729 5428 καὶ
757 5378 1031 5442 πολυειδὲς
1059 5380 1213 5447 ὄψον,
1253 5381 1348 5433 ἆτε
1381 5383 1444 5449 τῇ
1476 5379 1567 5432 τοῦ
1600 5380 1954 5449 μεταλαμϐάο

383 5483 564 5527 νοντος
599 5467 801 5538 ὀρέξει,
830 5471 927 5541 τὴν
978 5472 1213 5543 γευστὴν
1250 5472 1512 5545 ποιότητα
1562 5472 1950 5544 συμμεταϐάλ-

462 5644 502 5674 ¹¹
537 5643 659 5699 Ps-l
709 5664 815 5711 λιιι,
848 5649 899 5706 ‘7.

2063 3120 2169 3162 tam
2206 3106 2908 3175 peregit.Quemadmodum
2944 3107 3086 3158 cnim
3121 3119 3455 3159 summormn
3483 3118 3637 3155 mon-

2060 3204 2187 3256 tium
2226 3200 2502 3254 cacntnina
2555 3200 2732 3251 ventis
2783 3199 2961 3250 minus
2998 3196 3235 3250 obnoxia
3292 3203 3439 3257 sunt,
3492 3195 3633 3262 quod

2060 3308 2151 3344 aer
2178 3290 2281 3343 illis
2310 3286 2680 3341 circumfusus
2711 3302 2814 3339 una
2845 3301 2963 3340 cum
2998 3286 3117 3338 caali
3152 3285 3382 3338 circuitu
3416 3300 3631 3337 movea-

2063 3394 2146 3435 tnr
2202 3383 2508 3451 (circuitum
2562 3390 2741 3433 autem
2794 3378 2942 3430 illum
2973 3418 2987 3442 ,
3035 3392 3130 3443 per
3163 3376 3630 3430 continuationem

2060 3488 2226 3540 usque
2274 3474 2338 3525 ad
2375 3474 2486 3537 ipsa
2519 3471 2801 3523 cacumina
2846 3469 3241 3537 pertingcntem
3271 3509 3285 3532 ,
3316 3468 3628 3521 validiorem

2059 3578 2198 3623 esse,
2242 3576 2402 3629 quam
2462 3564 2716 3627 impetum
2772 3567 3052 3611 ventorum
3108 3557 3314 3610 inferne
3365 3567 3633 3622 ortornm,

2063 3653 2403 3706 manifestum
2447 3652 2586 3720 est);
2618 3650 2806 3704 eodem
2844 3650 2997 3717 plane
3033 3650 3194 3702 modo
3227 3689 3244 3710 ,
3278 3662 3400 3701 cum
3443 3646 3635 3698 Petrus

2056 3746 2164 3813 jam
2192 3746 2243 3798 in
2277 3744 2604 3797 invisibilem
2640 3743 2882 3795 omnium
2916 3743 3199 3797 virtutum,
3226 3748 3283 3790 ut
3317 3739 3387 3791 ita
3424 3738 3631 3802 loquar,

2062 3839 2358 3901 Speculum,
2432 3834 2683 3886 videlicet
2753 3831 3137 3892 humilitatem.
3198 3831 3501 3893 evasisset,
3570 3846 3632 3881 ac

2062 3930 2299 3983 (’m'estis
2330 3927 2555 3993 spiritus
2588 3924 2757 3994 gratia
2810 3924 3025 3976 amatus
3060 3923 3426 3990 potllatnsqne
3452 3932 3629 3983 esset;

2064 4034 2295 4087 nequam
2358 4018 2649 4085 Spiritnnm
2721 4015 2916 4068 cohors
2970 4015 3162 4067 merito
3218 4014 3271 4065 iu
3323 4013 3632 4067 iuleriorem

2063 4113 2349 4179 quemdam
2398 4111 2574 4161 locum
2614 4109 2833 4159 dimissa
2858 4107 3155 4175 abaetaqne
3188 4117 3291 4169 est,
3322 4107 3421 4159 alis
3439 4122 3627 4159 eorum

2063 4204 2341 4259 dis~01u‘is
2364 4204 2429 4253 ab
2454 4203 2576 4267 igne
2597 4201 2799 4261 divino,
2821 4216 2924 4251 non
2946 4214 3102 4253 secus
3120 4215 3181 4252 ac
3202 4215 3321 4251 cera
3347 4201 3633 4267 liquescit,

2064 4303 2137 4353 ct,
2173 4304 2223 4343 nt
2260 4291 2454 4343 fabula:
2486 4289 2748 4347 referunt,
2786 4288 3060 4340 dissolutae
3088 4287 3303 4340 fuerunt
3335 4288 3468 4341 Icari
3502 4302 3635 4355 pe‘t-

2069 4400 2146 4436 nm
2182 4381 2587 4435 ardentiorilms
2616 4379 2745 4432 solis
2778 4380 2962 4431 radiis.

2129 4478 2216 4531 55.
2262 4476 2462 4542 Nempe
2511 4473 2679 4525 divini
2739 4474 2964 4540 spiritus
2997 4472 3168 4537 favos,
3211 4471 3494 4539 spiritibus
3522 4487 3635 4522 ma~

2059 4570 2230 4620 lorum
2263 4565 2731 4619 machinatoribus
2771 4565 3001 4632 repulsis
3032 4604 3045 4626 ,
3082 4578 3266 4616 eorum
3307 4564 3425 4615 loco
3460 4562 3625 4616 bene.

2060 4660 2188 4712 ﬁcos
2219 4656 2472 4712 submisit
2502 4697 2514 4718 .
2551 4654 2830 4708 ministros
2857 4671 2872 4719 ;
2902 4669 2965 4708 ac.
2986 4654 3184 4717 virmn,
3219 4654 3382 4707 etiam
3414 4653 3540 4706 dum
3576 4656 3627 4704 in

2057 4748 2216 4801 terris
2243 4748 2560 4799 versabatur
2595 4745 2862 4798 ministris
2911 4744 3221 4797 cmlestibus
3264 4757 3369 4795 non
3413 4741 3631 4795 inferio-

2057 4854 2167 4891 rem
2206 4838 2373 4890 certis
2418 4836 2625 4889 dierum
2680 4834 2981 4888 intervallis
3022 4832 3284 4887 enntrivit
3313 4874 3327 4896 ,
3377 4848 3514 4901 pane
3568 4834 3634 4881 ah

2054 4930 2241 4989 angelo
2293 4928 2492 4982 delato.
2548 4927 2674 4979 Elia;
2735 4926 2952 4995 quidem
3018 4924 3346 4978 ministravit
3409 4940 3629 4985 corvus,

2053 5039 2173 5091 quae
2210 5021 2442 5074 volucris
2492 5020 2668 5087 pullos
2715 5034 2845 5073 suos
2894 5018 3018 5071 odio
3073 5019 3455 5087 prosequitur,
3489 5017 3629 5085 quod

2055 5112 2356 5180 symbolum
2394 5122 2632 5170 notasse.
2667 5109 2841 5173 aiunt,
2893 5109 3376 5163 immisericordem
3418 5107 3537 5175 ejus
3574 5105 3623 5157 in

2059 5202 2393 5255 coutrihnlcs
2453 5204 2690 5254 animum
2732 5219 2745 5254 :
2785 5199 2946 5254 Petro
3002 5215 3151 5262 vero,
3206 5199 3461 5265 angelicae
3500 5212 3629 5248 cun-

2059 5294 2381 5346 versationis
2418 5293 2553 5355 viro,
2590 5291 2841 5346 minister
2884 5292 3106 5357 angelus
3134 5329 3146 5351 ,
3187 5288 3475 5355 etquidem
3511 5302 3627 5337 ma-

2058 5385 2248 5438 nifeste
2284 5385 2526 5453 angelus,
2557 5384 2731 5447 adest,
2762 5383 2850 5452 qui
2876 5384 2950 5436 illi
2983 5384 3145 5435 etiam
3170 5396 3365 5434 manna
3384 5380 3624 5445 exhibet,

2055 5486 2245 5545 sponte
2301 5486 2485 5530 natum
2545 5486 2599 5529 et
2651 5474 2785 5528 varii
2818 5474 3031 5543 saporis
3072 5472 3378 5539 opsonium,
3441 5480 3627 5539 utpote
