3962 6208
315 303 452 369 ιτεο
530 258 532 261 ’

1428 300 1599 359 \‘lTA
1636 299 1692 358 S.
1727 300 1944 357 PETRI
1991 297 2421 357 ΑΤιίΟΝιΤ.-Ε.

3415 298 3548 358 ιιιτιο

310 421 659 489 ἀνάγραπτον
692 417 1084 486 ποιησαμένου,
1128 413 1288 484 μέχρι
1317 414 1409 468 καὶ
1443 416 1579 482 πρἰς
1626 415 1772 484 ἡμᾶς
1820 412 1877 465 εῦ

1986 411 2183 466 litteris
2233 425 2446 480 quoque
2479 410 2753 477 mandata,
2789 425 2892 465 non
2925 411 3044 466 sine
3078 410 3257 466 multa
3321 415 3553 469 utili'ate

310 511 498 564 ποιοῦν
544 510 643 580 ἤδη
676 510 900 577 φθάνει·
946 510 1011 578 τῇ
1061 525 1118 560 τε
1173 510 1362 577 μνήμῃ
1408 505 1620 570 νεάζον,
1652 505 1879 572 καὶτῆς

308 602 571 672 ὀνησίμου
605 602 890 670 δυνάμεως
919 601 1016 668 οὐχ
1043 599 1347 668 ὑφειμένως
1392 600 1551 668 ἔχων,
1582 598 1716 650 πᾶσι
1749 615 1882 649 παν-

307 697 400 756 τὸς
477 691 680 760 ἀγαθοῦ
753 692 1099 760 παράδειγμα
1153 690 1549 761 προκείμενον,
1605 689 1700 741 καὶ
1761 687 1878 756 βίου

308 786 638 855 τοπαράπαν
688 782 961 844 ἀπλανοῦς
1009 784 1318 853 ἀρχέτυπος
1355 779 1540 847 είκὼν,
1575 779 1668 832 καὶ
1698 780 1880 847 πάσης

307 878 511 946 ἀρετῆς
544 875 676 940 ἰδέα,
712 875 892 942 πάσης
921 876 1117 938 κακίας
1153 875 1376 942 ἀμιγὴς.

376 964 480 1034 λη’.
519 965 658 1018 Ἀλλ’
687 967 714 1017 ὁ
756 964 855 1034 μὲν
886 964 1041 1030 λόγος
1092 963 1372 1030 ἐπείγεται
1423 963 1559 1032 πρὸς
1605 961 1666 1013 τὸ
1691 959 1875 1021 τέλος-ο

305 1056 417 1122 ἐγὼ
446 1058 489 1109 δ’
521 1055 850 1122 αίσθάνομαι
896 1055 1066 1106 πολλὰ
1114 1055 1181 1106 τά
1223 1054 1330 1106 τῶν
1380 1053 1698 1119 ἀναγκαίων
1727 1051 1878 1120 είρῆο

308 1147 432 1200 σθαι
462 1143 806 1215 παραλιπὼν,
838 1136 913 1194 ὧν
953 1143 1107 1208 ὀλίγα
1139 1143 1417 1210 προσθεὶς,
1454 1143 1544 1193 καὶ
1572 1140 1742 1194 ταῦτα
1768 1140 1877 1193 τῶν

309 1235 448 1303 μετά
511 1236 604 1302 τὴν
661 1234 796 1301 πρδς
849 1231 984 1284 Θεὸν
1043 1231 1314 1300 ἐκδημίαν
1377 1231 1752 1300 ὑπηργμένων
1800 1228 1876 1299 τῷ

307 1327 616 1395 θαυμασίῳ,
667 1326 941 1394 προσῆκον
990 1326 1203 1392 ποιήσω
1251 1325 1327 1392 τῷ
1380 1323 1522 1391 λόγῳ
1565 1322 1738 1383 τέλος.
1772 1323 1878 1376 Μι-

309 1418 439 1486 κρὸν
470 1416 563 1469 οῦν
595 1413 752 1478 αὖθις
803 1409 1163 1484 ἀκαληπτέον.
1189 1415 1528 1483 Τεθεαμένος
1579 1415 1687 1484 γάρ
1714 1416 1739 1466 ὀ
1769 1432 1871 1466 κυ-

308 1509 542 1577 νηγέτης
592 1510 797 1569 ἐκεῖνος
843 1507 936 1559 τὸν
980 1507 1074 1558 τοῦ
1125 1506 1260 1559 Θεοῦ
1308 1507 1618 1575 ἄνθρωπον,
1659 1507 1752 1558 καὶ
1797 1506 1875 1566 εἰς

303 1599 492 1664 λόγους
528 1598 716 1663 ἐλθὼν,
747 1601 840 1650 καὶ
870 1599 1033 1664 γνοὺς
1064 1599 1194 1649 αὐτὸ
1224 1597 1372 1650 τοῦθ’
1401 1598 1476 1660 ὡς
1503 1596 1715 1666 ἀληθῶς
1747 1596 1874 1648 ὄντα

301 1688 439 1740 Θεοῦ
491 1689 800 1757 ἄνθρωπον,
836 1689 1038 1758 μᾶλλον
1088 1687 1132 1740 δ’
1182 1689 1321 1758 ὑπὲρ
1375 1690 1522 1756 ἡμᾶς
1556 1689 1741 1756 φάναι,
1781 1686 1873 1738 καὶ

1984 502 2048 555 ad
2080 517 2177 556 nos
2217 518 2388 570 usque
2416 503 2662 570 pervenit
2689 522 2703 568 ;
2733 519 2795 557 ac
2824 504 3079 557 memoria
3125 505 3206 559 sui
3255 517 3510 560 renovata
3533 543 3551 570 ,

1983 610 2088 648 non
2122 610 2310 664 parum
2345 595 2562 649 virtutis
2599 595 2855 664 proﬁcuze
2879 596 3165 650 continens
3193 636 3207 657 ,
3243 597 3550 665 exemplum

1982 688 2160 741 omnis
2191 687 2313 742 boni
2368 689 2579 741 cunctis
2625 687 2978 756 proponitur.
3016 688 3332 756 principalis
3374 691 3550 758 imago

1984 782 2106 832 vitae
2140 783 2498 850 undequaqne
2529 780 2856 842 inuereulis,
2886 780 3060 833 forma
3086 779 3412 834 enmimndae
3443 781 3553 834 vir-

1985 874 2138 933 tutis,
2171 871 2496 925 omnium)th
2544 872 2679 925 labis
2713 881 2930 940 expers.

2053 963 2141 1017 58.
2180 964 2281 1016 Sed
2327 963 2501 1015 oratio
2547 973 2726 1016 nostra
2785 963 2944 1015 ﬁnem
2998 972 3256 1030 spectat:
3304 962 3552 1030 quamvis

1980 1052 2279 1105 existimem
2317 1053 2482 1106 multa
2509 1095 2523 1115 ,
2560 1069 2678 1118 qum
2721 1053 2827 1105 dici
2859 1054 3142 1113 deberent,
3189 1054 3552 1122 pra-t-rmissa

1979 1157 2133 1208 esse;
2166 1160 2392 1211 quorum
2428 1160 2619 1213 pauca,
2654 1161 2774 1214 qum
2801 1158 2918 1214 post
2948 1146 3210 1200 mirabilis
3238 1147 3338 1200 viri
3371 1147 3434 1199 ad
3464 1163 3553 1200 su-

1978 1250 2136 1304 peros
2174 1238 2460 1290 transitum
2491 1238 2855 1303 contigerunt,
2889 1254 3030 1291 nunc
3067 1240 3331 1301 referens,
3361 1248 3546 1306 aptum

1977 1329 2204 1379 orationi
2241 1328 2397 1380 linem
2458 1328 2752 1396 imponam.
2791 1330 3150 1396 Quamobrem
3201 1331 3360 1398 paulo
3389 1333 3552 1385 altius

1982 1419 2262 1484 repetenda
2306 1419 2433 1472 mihi
2487 1423 2664 1473 oratio
2703 1433 2808 1475 est.
2848 1421 3143 1491 Postquam
3182 1434 3405 1475 venator
3459 1423 3550 1476 ille

1979 1507 2238 1560 {annulum
2268 1510 2358 1563 [λι-ἰ
2397 1511 2626 1575 viderat,
2661 1512 2932 1564 allocutus
2968 1512 3166 1573 fuerat,
3206 1527 3268 1566 ac
3300 1527 3422 1565 vere
3456 1527 3550 1565 co-

1978 1611 2259 1666 gnoverat,
2294 1601 2565 1654 hominem
2599 1614 2846 1655 sanetum
2879 1618 2997 1656 esse
3025 1619 3039 1664 ;
3083 1611 3175 1655 aut
3204 1601 3382 1669 potius
3427 1616 3548 1654 ma-

1974 1688 2146 1756 jorem
2181 1692 2508 1750 heminibns.
2571 1694 2818 1761 angelum
2858 1708 3042 1746 revera
3091 1693 3206 1756 Dei,
3271 1691 3548 1746 etnlestem

299 1779 534 1848 ἄγγελον
583 1755 847 1850 ἀτεχνῶς⁷
879 1779 1036 1844 Θεοῦ,
1067 1782 1161 1832 καὶ
1219 1755 1427 1850 μύστην
1484 1755 1592 1831 τῶν
1643 1779 1754 1832 ἄνω
1785 1777 1876 1829 καὶ

1982 1782 2415 1847 saccrdotem,ae
2435 1783 2663 1839 Deitatis
2695 1785 3177 1851 contemplatoren'r
3207 1784 3414 1848 videri;
3445 1799 3550 1837 non

301 1871 510 1940 θεωρόν
534 1889 546 1902 ·
573 1873 632 1924 οὐ
665 1872 894 1936 δεκάτας
923 1874 1032 1926 ἀπὺ
1061 1872 1170 1924 τῶν
1206 1873 1433 1924 ἐνόντων
1476 1871 1671 1933 ἐδίδου,
1701 1870 1875 1923 καθά·

303 1980 412 2033 περ
463 1963 715 2034 ’Δϐραάμ
753 1965 918 2016 πάλαι
965 1964 1044 2035 τῷ
1081 1965 1416 2035 Μελχισεδὲκ
1465 1963 1736 2035 ἐντυχών·
1766 1963 1875 2016 οὐδ’

301 2055 417 2109 ἀπὸ
447 2055 556 2108 τῶν
609 2056 751 2109 οίκοι
785 2056 1305 2126 τεθησαυρισμένων
1356 2057 1670 2127 ὑπισχνεῖτο
1713 2055 1876 2125 κομίυ

302 2166 438 2213 σειν,
470 2149 502 2220 ἣ
532 2149 593 2201 τὸ
637 2149 807 2220 ἥμισυ
854 2149 961 2202 τῶν
1011 2150 1364 2219 ὑπαρχόντων
1398 2151 1630 2217 πτωχοῖς
1677 2147 1877 2201 διδόναι

297 2241 446 2293 κατά
505 2242 800 2312 Ζακχαῖον’
858 2241 976 2294 ἀλλ’
1027 2242 1148 2294 ὅλον
1206 2242 1399 2294 ἑαυτὸν
1451 2240 1594 2311 Θεῷ,
1651 2241 1746 2292 καὶ
1798 2237 1875 2308 τῷ

295 2333 445 2384 κατὰ
475 2331 606 2385 Θεὸν
637 2333 792 2402 ἀνδρὶ
838 2334 1100 2404 παρέξειν
1131 2336 1337 2409 ᾑρεῖτο,
1375 2333 1584 2402 ζημίαν
1639 2333 1872 2403 ἡγούμε-

300 2442 392 2486 νος
417 2423 514 2496 τὴν
545 2427 823 2489 ἐπάνοδον,
859 2429 954 2480 καὶ
986 2427 1084 2498 τὴν
1114 2428 1208 2481 ἀπ’
1259 2426 1424 2478 αὑτοῦ
1472 2425 1745 2490 διάζευξιν
1775 2428 1874 2480 οὐκ

296 2516 397 2569 ἐπὶ
449 2517 573 2570 νοῦν
621 2518 784 2587 ἔχων.
848 2518 1152 2585 Ἐντεῦθεν,
1199 2520 1402 2589 ταύτην
1432 2519 1752 2587 ἐπαγγέλλω
1794 2536 1874 2570 σοι

295 2608 485 2679 χάριν,
519 2608 695 2676 ἔλεγε,
748 2609 1002 2680 θειοτάτη
1053 2628 1143 2680 μοι
1191 2612 1431 2681 κορυφὴ,
1465 2610 1874 2681 παραδέξασθαι

299 2718 407 2771 μου
435 2700 534 2771 τὴν
566 2701 867 2764 συνοικίαν,
905 2701 970 2752 ἵν’
1019 2701 1124 2753 ὑπὸ
1158 2701 1240 2754 σοὶ
1271 2701 1578 2771 διδασκάλῳ
1607 2701 1876 2770 ταττόμεο

296 2810 414 2854 νος,
443 2792 505 2844 τὸ
527 2791 711 2844 λοιπὸν
742 2792 847 2844 ’καὶ
871 2791 1032 2854 αὐτὸς
1078 2793 1291 2854 ἀσαλῶς
1335 2793 1474 2847 κατὰ
1505 2793 1636 2846 Θεδν
1669 2791 1873 2861 βιώσω,

296 2881 555 2950 δυνηθεὶς
589 2882 880 2951 διαδρᾶναι
911 2882 1007 2945 τὰς
1050 2883 1301 2945 ποικίλας
1329 2882 1437 2934 τῶν
1477 2881 1574 2952 τῆς
1609 2880 1876 2950 πονηρίας

299 2973 636 3041 πνευμάτων
687 2973 928 3042 ἐνέδρας,
959 2971 1053 3025 καὶ
1097 2971 1234 3036 πρὸς
1271 2973 1433 3024 αὑτὸν
1485 2969 1687 3039 φθάσαι
1717 2969 1872 3032 Θεὸν,

1978 1873 2445 1929 decimaseornru
2473 1891 2591 1946 quae
2628 1878 2961 1946 possidebat,
2999 1877 3074 1930 uti
3111 1877 3238 1930 olim
3267 1876 3548 1930 Abraham

1977 1965 2364 2021 Melchisedeco
2409 1983 2705 2024 occurrens
2734 2009 2749 2034 ,
2792 1969 3016 2036 largitus
3047 1979 3174 2034 est;
3211 1983 3387 2036 neque
3435 1969 3555 2023 the-

1978 2071 2168 2111 Sauros
2221 2057 2364 2112 donni
2419 2061 2729 2116 reconditos
2784 2061 3072 2114 allaturum
3103 2097 3119 2124 ,
3151 2070 3243 2113 aut
3270 2059 3550 2114 dimidium

1978 2149 2240 2203 bonorum
2266 2165 2510 2214 suorum,
2531 2153 2774 2222 eXemplo
2807 2153 3015 2206 Zachaei
3041 2191 3054 2216 ,
3100 2151 3427 2220 pauperibus
3453 2153 3553 2204 da-

1980 2255 2158 2295 turum
2207 2258 2267 2296 se
2297 2244 2549 2312 promisit
2591 2263 2606 2310 ;
2636 2259 2818 2298 verum
2846 2259 2965 2297 sese
2992 2243 3403 2310 Deodiviuoque
3436 2242 3561 2295 viro

1979 2344 2152 2388 totum
2185 2337 2440 2390 addicere
2476 2337 2703 2402 statuit,
2740 2335 2970 2389 reditum
3019 2336 3287 2405 supplicio
3321 2337 3422 2390 sibi
3459 2339 3557 2388 du-

1976 2436 2198 2487 cens,et
2227 2426 2449 2478 omnino
2479 2427 2726 2495 cogitans
2773 2440 3044 2493 nunquam
3083 2442 3140 2479 se
3166 2429 3232 2480 ab
3267 2427 3357 2480 illo
3385 2427 3555 2479 divel-

1977 2517 2215 2570 lcndum.
2246 2517 2361 2584 Qua
2396 2517 2464 2570 de
2496 2533 2658 2571 causa
2689 2518 2830 2571 hanc
2853 2533 2884 2571 a
2931 2528 2981 2570 te
3025 2521 3253 2587 gratiam
3300 2529 3442 2586 peto,
3473 2519 3556 2572 in-

1975 2610 2216 2678 quiebat,
2246 2612 2326 2662 vir
2354 2611 2717 2671 sanctissime,
2745 2619 2801 2662 ut
2845 2612 2896 2663 in
2936 2614 3250 2665 societatem
3286 2624 3430 2664 tuam
3459 2627 3547 2665 me

1976 2701 2228 2769 recipias,
2260 2717 2366 2771 quo
2401 2713 2450 2757 te
2481 2705 2738 2771 magistro
2778 2705 3042 2774 reliquum
3079 2705 3202 2756 vitae
3243 2718 3400 2768 meae,
3450 2720 3552 2756 (διιο-

1976 2807 2156 2846 rarum
2198 2808 2413 2862 expers,
2451 2795 2558 2848 Deo
2586 2796 2890 2864 impendam
2923 2811 2937 2861 ;
2971 2796 3148 2850 varias
3189 2793 3546 2864 malignorum

1977 2883 2264 2950 spirituum
2289 2885 2514 2938 insidias
2535 2900 2790 2950 caveam;
2825 2894 2985 2954 atque
3004 2885 3068 2937 ad
3092 2885 3280 2950 Deum,
3303 2900 3551 2938 commu-

1979 2989 2099 3029 nem
2132 2977 2394 3035 omnium,
2431 2977 2520 3045 qui
2562 2977 2721 3031 beato
2765 2977 2869 3032 line
2899 2977 3063 3030 vitam
3089 2977 3435 3041 clauserunt,
3469 2993 3557 3030 re-

294 3061 401 3130 τὴν
429 3063 619 3132 κοινὴν
672 3062 781 3114 τῶν
820 3063 880 3117 εῦ
907 3062 1246 3131 βεϐιωκότων
1297 3061 1614 3114 ἀνάπαυλαν
1635 3076 1648 3091 ⁶
1691 3060 1750 3122 ὂς
1780 3061 1873 3114 καὶ

1983 3068 2161 3136 quiem
2213 3067 2524 3134 perveniam
2559 3085 2575 3133 ;
2635 3066 2833 3132 Deum,
2862 3065 3102 3135 inquam,
3138 3065 3231 3136 qui
3259 3081 3448 3120 omnes
3486 3068 3554 3120 ad

295 3155 676 3226 προσδραμεῖν
717 3156 865 3225 αὖτῷ
892 3157 1102 3219 πάντας
1147 3156 1542 3220 διακελεύεται,
1574 3158 1670 3211 καὶ
1702 3173 1874 3227 προσ·-

296 3250 486 3310 ιόντας
552 3249 837 3316 προσίεται
891 3248 1247 3319 φιλοφρόνως,
1315 3251 1408 3303 καὶ
1461 3251 1569 3303 τῶν
1617 3249 1879 3320 μειζόνων

292 3341 330 3410 ἢ
368 3337 490 3393 κατ’
535 3339 758 3404 ἐλπίδας
800 3337 961 3404 ἀξιοῖ.
996 3340 1158 3393 Γενοῦ
1216 3339 1397 3394 τοίνυν
1445 3343 1548 3394 κάν
1577 3342 1753 3412 τούτῳ
1791 3359 1877 3410 μι-

296 3432 484 3502 μητὴς
509 3431 601 3485 τοῦ
630 3433 928 3500 Δεσπότου,
962 3436 1057 3488 καὶ
1102 3434 1204 3506 τὴν
1271 3435 1410 3504 ἐμὴν
1464 3435 1729 3506 μηδαμῶς
1767 3435 1878 3487 ἀπ·-

290 3521 543 3592 αξιώσης
591 3523 987 3578 εὐτέλειαν.ού
1034 3524 1141 3594 γὰρ
1180 3525 1258 3576 ἔτ’
1311 3526 1580 3596 ἀνέχομαί
1634 3543 1726 3578 σου
1780 3529 1879 3597 τῆς

293 3614 432 3677 θέας
462 3615 820 3685 ἀποσχέσθαι,
851 3617 943 3670 τοῦ
991 3616 1128 3670 Θεοῦ
1171 3616 1424 3685 ἄνθρωπε
1455 3634 1468 3649 ο
1522 3617 1617 3670 σοῦ
1671 3619 1777 3686 γάρ
1828 3619 1878 3669 εἰ

290 3708 612 3778 διασταίην,
666 3707 902 3762 ἀϐίωτον
954 3711 1052 3761 οῦκ
1100 3712 1408 3772 ἀπεικότως
1457 3709 1670 3763 ἑλκύσω
1725 3711 1874 3779 βίου’

291 3801 493 3868 ὥσπερ
526 3803 573 3852 εἰ
599 3800 878 3872 θησαυροῦ
911 3801 1165 3870 μετέχειν
1193 3801 1331 3865 ἐξὸν,
1359 3803 1453 3853 καὶ
1480 3799 1752 3870 θησαυροῦ
1782 3801 1879 3867 τῆς

287 3892 402 3960 γῆς
450 3893 672 3961 ἁπάσης
722 3894 1074 3962 τιμιωτέρου,
1114 3889 1212 3946 εἴτ’
1255 3892 1420 3955 αὐτὸς
1467 3891 1608 3944 ἑκὼν
1641 3891 1878 3960 ἐμαυτὸν

288 3986 614 4054 ἀπήγαγον,
645 3990 915 4058 στερήσας
947 3988 1042 4055 τῆς
1075 3989 1244 4056 καλῆς
1275 3987 1592 4055 μετουσίας.

369 4077 470 4131 λθ’.
517 4077 682 4142 Ἀλλ’,
721 4079 878 4146 Οὐχὶ,
914 4080 1082 4146 φησὶν
1109 4081 1134 4130 ὁ
1168 4079 1264 4131 καὶ
1313 4078 1380 4130 τὰ
1429 4079 1622 4147 πόρρω
1650 4075 1880 4145 προϐλε-

290 4186 418 4221 πων
467 4169 649 4220 οὐτοσὶ
682 4170 888 4238 Πέτρος
912 4187 926 4199 ·
980 4168 1106 4239 μηδ’
1139 4170 1328 4234 οὕτως,
1365 4163 1409 4220 ὦ
1443 4162 1618 4231 οὗτος,
1675 4168 1878 4237 ἀρτίως

287 4247 535 4313 διανοοῦ.
565 4262 654 4312 Σοὶ
681 4262 790 4329 γὰρ
819 4261 884 4330 δὴ
921 4263 1015 4312 καὶ
1059 4261 1291 4328 σύζυγος
1324 4261 1463 4312 οἴκοι
1500 4263 1756 4330 κάθηται,
1787 4260 1878 4311 καὶ

1980 3177 2037 3214 se
2064 3159 2221 3231 jubet
2255 3161 2460 3224 venire,
2493 3159 2773 3214 venientes
2801 3159 3029 3229 benigne
3063 3158 3268 3227 exeipit
3296 3197 3312 3222 ,
3341 3172 3402 3211 ac
3431 3174 3548 3209 ma-

1975 3251 2184 3319 joribus
2237 3267 2396 3320 quam
2458 3263 2810 3320 speraverant
2853 3252 3092 3321 prazmiis
3155 3259 3554 3304 remuneratur.

1981 3343 2088 3396 Fac
2120 3344 2284 3412 igitur
2316 3344 2366 3396 in
2393 3343 2497 3398 hoc
2530 3358 2745 3413 quoque
2780 3343 3066 3397 Dominum
3095 3352 3242 3394 tuum
3279 3340 3508 3396 imiteris
3535 3356 3551 3404 ;

1980 3443 2142 3502 atque
2167 3434 2514 3504 exiguitatem
2539 3449 2740 3499 meam,
2772 3448 2976 3502 qumso,
3007 3449 3074 3486 ne
3101 3434 3350 3502 repudies
3380 3447 3394 3488 :
3425 3445 3558 3484 nou-

1981 3526 2103 3578 dum
2136 3526 2279 3578 enim
2316 3526 2384 3578 ab
2412 3533 2631 3593 aspectu
2666 3535 2780 3584 tuo,
2813 3525 2896 3576 vir
2929 3524 3016 3576 Dei
3047 3562 3060 3586 ,
3121 3539 3342 3590 possum
3371 3521 3553 3578 avelli.

1980 3616 2132 3682 Quod
2167 3619 2210 3670 si
2247 3618 2404 3670 avelli
2430 3633 2515 3672 me
2543 3618 2762 3672 omnino
2791 3616 2946 3679 velis,
2984 3615 3346 3668 miserabilem
3375 3613 3554 3681 impa-

1982 3719 2209 3768 sternm,
2247 3725 2344 3761 ure
2374 3708 2594 3777 injuria,
2626 3717 2898 3760 tracturus
2925 3723 3042 3760 sum
3068 3707 3230 3757 vitam
3263 3721 3277 3758 :
3321 3703 3484 3756 veluti
3507 3702 3551 3754 si

1985 3803 2301 3855 thesaurum
2361 3801 2411 3852 in
2449 3809 2714 3866 potestate
2755 3814 2871 3852 mea
2909 3799 3188 3860 haberem,
3225 3806 3279 3849 et
3329 3794 3550 3864 quidem

1980 3893 2240 3947 omnibus
2300 3892 2480 3945 mundi
2526 3891 2727 3945 divitiis
2773 3889 3229 3957 praJStantiorcrn,
3266 3887 3418 3956 cujus
3455 3901 3555 3955 ego

1981 3984 2324 4052 pos-.cssione
2360 3997 2442 4036 me
2483 3993 2666 4049 postea
2693 3995 2809 4034 mea
2840 3988 3036 4047 sponte
3064 3992 3338 4030 exuerent.

2053 4074 2273 4131 59.Non
2309 4075 2410 4139 sic,
2446 4074 2621 4142 inquit
2655 4073 2747 4142 qui
2773 4073 2950 4124 futura
2976 4070 3304 4138 przevidebat
3335 4068 3553 4132 Petrus,

1983 4185 2084 4222 non
2115 4169 2194 4222 sic
2247 4167 2405 4220 modo
2437 4165 2634 4235 cogita,
2675 4167 2812 4217 hunc
2848 4164 2951 4217 \‘ir.
2983 4161 3142 4216 Sedet
3174 4177 3404 4229 namque
3460 4160 3556 4215 tibi

1982 4277 2114 4316 uxor
2143 4261 2307 4325 domi,
2333 4270 2387 4312 et
2421 4257 2709 4329 propinqui
2747 4269 2853 4310 tua}
2884 4272 3026 4314 cura:
3076 4255 3350 4308 commissi
3384 4261 3510 4306 sunt
3540 4269 3553 4306 :

290 4352 673 4421 προσήκοντες·
720 4355 861 4406 κατά
903 4354 1059 4420 γένος
1107 4354 1567 4422 ἐπιτετράφαται,
1604 4354 1697 4405 καὶ
1749 4369 1877 4422 προ-

1991 4353 2199 4406 accedit
2223 4353 2364 4421 quod
2388 4366 2473 4405 res
2498 4349 2780 4402 familiaris
2815 4347 2906 4401 tibi
2942 4347 3085 4399 lauta
3130 4357 3398 4414 sinipetal,
3438 4358 3558 4408 qnte

292 4445 417 4496 σὲτι
445 4448 736 4513 πρόσεστιν
761 4446 918 4497 οὐσία
947 4446 1140 4513 πολλὴ,
1163 4447 1372 4498 πολλῶν
1394 4447 1645 4516 πενήτων
1674 4445 1880 4514 ὲμπλῆο

289 4552 394 4588 σαι
432 4535 706 4605 δυναμένη
741 4536 1034 4606 γαστέρας.
1071 4538 1208 4605 Ἀγε
1238 4538 1298 4606 δή
1335 4555 1446 4607 μοι,
1479 4537 1632 4605 φίλον
1669 4537 1878 4600 τέκνον,

287 4627 494 4697 βοηθὸς
522 4629 833 4682 ἐπανελθὼν
869 4629 1031 4696 γενοῦ
1059 4630 1199 4683 κατὰ
1230 4632 1329 4700 τῆς
1371 4629 1600 4692 ἐνδείας,
1634 4632 1744 4692 τοῖς
1777 4629 1880 4682 ὑπὸ

284 4719 506 4784 ταύτης
545 4719 780 4786 ἀφειδῶς
835 4720 1198 4789 πιεζομένοις,
1229 4722 1322 4773 καὶ
1371 4722 1446 4792 μὴ
1475 4722 1681 4792 ἀνήσῃς
1705 4723 1878 4790 ἐπαρ-

286 4814 416 4862 κεῖν
472 4812 675 4875 αὐτοῖς,
723 4813 850 4882 ἄχρι
887 4815 980 4865 καὶ
1035 4814 1228 4866 σαυτὸν
1288 4814 1346 4864 ὲν
1379 4813 1469 4884 ἴσῃ
1521 4816 1880 4875 καταστάσεις

291 4903 492 4972 μοίρᾳ.
527 4903 659 4953 Τότε
700 4904 807 4972 γάρ
841 4906 970 4965 ἴσως
1010 4900 1068 4957 εὖ
1105 4906 1271 4957 ποιῶν
1311 4906 1402 4956 ἐπὶ
1433 4905 1523 4956 τὸν
1562 4905 1760 4974 αὖχὲνα
1791 4904 1882 4957 τὶν

286 4993 542 5062 Χριστοῦ
596 4993 757 5060 ζυγον
811 4996 1093 5066 άναθήσῃ⁹
1131 5015 1148 5048 ι
1194 4996 1404 5066 Πτωχοὶ
1453 4996 1582 5066 γάρ,
1618 4995 1690 5057 ὼς
1720 4995 1881 5057 αὐτὸς

285 5082 492 5148 εἶπεν,
543 5085 1023 5154 εὐαγγελίζονται’
1063 5106 1080 5139 ι
1125 5090 1367 5159 προσέχῃ
1426 5088 1482 5139 δὲ
1545 5087 1756 5154 σαυτῷ,
1787 5089 1881 5140 καὶ

282 5179 417 5238 ταῖς
443 5178 660 5246 γηῒναις
691 5178 862 5246 ὁπόση
890 5180 1116 5249 δύναμις
1145 5181 1358 5248 ἡδοναῖς
1385 5196 1440 5232 τε
1468 5179 1558 5231 καὶ
1589 5182 1880 5249 μερίμναις

288 5271 746 5337 ἀποταξάμενος,
782 5273 1097 5341 π.ιράμενον
1128 5276 1312 5344 τηρεῖν
1351 5274 1408 5324 ὲν
1448 5275 1513 5341 τῇ
1569 5273 1636 5340 σῇ
1684 5272 1881 5342 καρδίᾳ

285 5362 400 5427 τὴν
438 5361 532 5410 τοῦ
566 5361 700 5414 Θεοῦ
746 5363 988 5434 μνήμην,
1027 5365 1124 5433 τὴν
1159 5364 1244 5416 ἐπ’
1274 5365 1500 5433 ὀνὸματι
1547 5363 1736 5415 τούτου
1783 5380 1880 5430 με-

284 5455 484 5522 λέτην,
518 5457 627 5514 τοῖς
685 5457 741 5506 ἐν
803 5459 1030 5525 κρυπτῷ
1079 5459 1177 5526 τῆς
1229 5459 1407 5527 ψυχῆς
1457 5458 1700 5526 ταμείοις
1753 5457 1882 5508 ἀνά-

283 5562 548 5615 γραπτον
602 5546 790 5620 ὥσπερ
842 5551 1159 5620 ἐνθέμενοςο
1199 5553 1364 5614 θείοις
1413 5568 1470 5602 τε
1533 5550 1734 5618 βίϐλοις
1785 5553 1880 5602 καὶ

376 5727 426 5760 ³³
453 5727 643 5780 Matth.
677 5745 748 5794 ιιι,

1985 4445 2276 4511 plurimum
2332 4457 2628 4511 egenorum
2691 4443 2954 4494 latrantes
3023 4439 3334 4492 stotuaehos
3387 4437 3559 4506 possit

1982 4536 2194 4590 sedare.
2226 4535 2338 4602 Age
2375 4533 2560 4602 igitur,
2592 4532 2790 4585 dilecte
2826 4531 2922 4596 liii,
2963 4540 3256 4594 revertere,
3293 4538 3345 4582 et
3381 4528 3558 4596 inopia

1980 4627 2216 4696 graviter
2262 4625 2637 4678 laborantibus
2675 4623 2980 4690 opitulare,
3031 4636 3132 4674 nec
3179 4622 3328 4690 prius
3366 4621 3557 4674 desme

1980 4719 2087 4771 illis
2119 4731 2343 4783 erogare
2373 4731 2490 4780 qnze
2527 4715 2718 4772 habes,
2750 4727 2910 4780 quam
2954 4711 3020 4764 ad
3055 4726 3242 4780 parem
3293 4711 3358 4765 iis
3400 4711 3560 4763 reda-

1982 4819 2100 4862 ctus
2134 4807 2299 4860 fueris
2331 4805 2720 4860 cowliiooem.
2752 4803 2903 4857 Tunc
2944 4805 3088 4856 etum
3138 4802 3372 4856 fortasse
3419 4804 3560 4856 bene

1969 4903 2230 4957 iaciendo
2258 4901 2554 4954 mereberis
2599 4911 2655 4951 ut
2687 4899 2889 4952 Christi
2922 4898 3050 4966 iugo
3083 4899 3281 4951 collum
3317 4899 3554 4951 subdas:

1987 5019 2004 5050 ι
2050 4999 2319 5067 Paupercs
2354 4996 2550 5065 quippe
2575 5036 2589 5056 ,
2629 5005 2680 5047 ut
2715 4997 2826 5062 ipse
2858 4998 2953 5050 ait.
2981 4993 3419 5058 evangelizantnr
3456 4994 3554 5043 ι’.»

1979 5094 2210 5148 Attende
2245 5107 2372 5145 vero
2407 5091 2501 5143 tibi
2550 5092 2660 5157 ipse
2692 5106 2706 5152 ;
2760 5087 3128 5155 voluptatibus
3153 5087 3409 5152 curisque
3443 5094 3554 5136 ter-

1981 5185 2128 5238 renis
2163 5184 2411 5236 nuntium
2449 5197 2708 5251 quantum
2762 5181 2876 5233 licri
2915 5187 3091 5244 potest
3140 5179 3393 5240 remitte;
3440 5188 3564 5242 per-

1981 5291 2195 5346 petuam
2266 5279 2315 5330 in
2408 5279 2590 5329 animo
2645 5287 2736 5328 tuo
2806 5289 2964 5329 serva
3023 5273 3340 5324 memoriam
3424 5267 3560 5331 Dei,

1980 5371 2205 5438 ejusque
2238 5385 2432 5421 nomen
2470 5371 2518 5420 iu
2552 5382 2762 5421 secreto
2787 5367 2968 5422 cordis
3000 5366 3073 5418 ιιιί
3113 5362 3426 5416 ruminando
3463 5375 3562 5414 ve-

1982 5460 2075 5514 luti
2111 5461 2415 5514 inscribens
2439 5500 2452 5521 ,
2484 5475 2668 5512 SINT-IS
2721 5462 2944 5527 paginas
2977 5469 3140 5528 atque
3168 5457 3382 5524 eloquia
3441 5458 3559 5510 sin-

1981 5553 2120 5622 gulis
2174 5553 2365 5606 diehns
2443 5555 2701 5618 horisque
2769 5553 2995 5622 singulis
3049 5552 3293 5606 studiose
3351 5549 3558 5606 lcctita.
