3912 6188
537 314 675 383 1039

1742 314 2117 375 GREGORII

2230 314 2475 374 imm
3585 318 3677 389 10:0

536 431 638 484 sibi
674 428 1087 497 possidendum.
1122 427 1178 482 ln
1218 427 1341 483 vita
1388 428 1514 484 olim
1569 439 1665 481 sna
1697 441 1891 481 sensus
1921 425 2124 480 latebat

2230 428 2454 480 πάντων
2488 425 2746 498 αἴσθησιν
2777 424 2955 478 λαθὼν
3005 424 3140 477 κατὰ
3188 425 3271 478 τὸν
3302 427 3417 496 βίον,
3438 429 3517 483 νῖν
3552 435 3596 497 ἐξ
3621 437 3681 486 ἀν·

537 522 820 585 omnium;
864 536 1006 573 nunc
1037 520 1144 574 vita
1197 521 1438 586 functus,
1476 535 1668 575 omnes
1705 522 1947 573 omnium
1992 536 2117 574 scn-

538 628 632 669 sus
659 612 889 667 delectat
912 613 1154 679 etjnvat.
1179 611 1316 665 Nam
1348 613 1544 682 lingua)
1588 613 1973 681 propemodum
2002 627 2118 664 om-

468 688 473 695 ”
538 707 684 760 nium
726 717 847 756 cum
881 702 1240 757 admiratione
1262 704 1329 758 dc
1358 704 1475 773 ipso
1505 705 1828 773 loquuntur;
1863 703 2118 758 similiter

497 786 501 805 ’
538 796 605 850 ad
630 794 871 850 omnium
909 793 1076 848 ferme
1112 796 1355 849 auditum
1386 796 1573 851 Iaudes
1614 798 1731 867 ejus
1764 798 2117 867 perveniunt;

498 874 499 877 “
538 886 860 957 proponitur
915 886 1030 944 inse
1077 886 1251 940 oculis
1298 888 1668 955 spectaculum
1721 888 2022 955 adorabile,
2061 900 2120 943 et

493 982 499 1049 έ
540 977 978 1032 contrectatione
1019 978 1100 1032 sui
1146 980 1401 1047 perutile.
1438 977 1625 1048 Neque
1651 995 1844 1035 sensus
1877 989 2119 1035 tantum-

540 1069 704 1123 rnodo
764 1066 966 1133 afﬁcit,
1003 1085 1193 1124 verum
1232 1070 1399 1125 etiam
1454 1073 1649 1126 animae
1703 1070 1994 1128 facultates
2053 1072 2120 1127 ad

541 1161 803 1214 virtutem
837 1169 984 1214 recte
1008 1161 1283 1229 componit
1308 1176 1322 1226 ;
1356 1174 1547 1215 omnes
1579 1162 1701 1216 vita:
1731 1178 1843 1216 sna:
1862 1163 2122 1233 exemplis

548 1252 771 1312 docens.
796 1251 909 1315 ubi,
944 1261 999 1304 et
1030 1267 1136 1319 quo
1181 1252 1364 1316 modo,
1389 1263 1442 1306 et
1473 1264 1734 1322 quantum
1771 1256 2123 1313 facultatibus

543 1342 654 1397 illis
701 1343 959 1397 utendum
1016 1344 1108 1396 sit.
1166 1343 1344 1412 Atque
1399 1344 1469 1397 ita
1519 1347 1829 1401 omnimnde
1875 1348 2126 1404 omnibus

544 1436 682 1488 bene
742 1432 974 1498 faciens,
1034 1432 1210 1488 factus
1252 1444 1339 1488 est
1385 1434 1652 1490 bonorum
1684 1437 1930 1491 onmium
1971 1453 2125 1493 com-

546 1526 727 1579 munis
772 1526 1075 1593 apotheca,
1129 1526 1344 1582 virtutis
1403 1526 1703 1597 magister,
1750 1531 2007 1597 expulsor
2046 1532 2128 1585 vi-

548 1620 770 1683 tiorum,
820 1618 1086 1673 bonorum
1143 1620 1324 1673 omnis
1372 1621 1588 1687 generis
1640 1623 1909 1690 provisor,
1953 1622 2129 1680 facilis

548 1714 600 1766 in
633 1712 799 1767 rebus
836 1710 1084 1781 angustis
1104 1710 1517 1779 suppeditator;
1553 1722 1607 1767 et
1641 1715 1807 1768 verbo
1833 1722 1889 1767 ut
1921 1716 2123 1779 dicam,

2222 520 2458 591 ορὼπων
2490 518 2753 587 γεγονὼς,
2790 520 2973 571 πᾶσαν
3010 517 3222 570 πάντων
3251 518 3474 589 αἴσθησιν
3503 522 3575 578 καὶ
3594 524 3680 593 rip-

2224 631 2315 665 πει
2343 613 2438 666 καὶ
2494 612 2727 682 ὀνίνησι.
2764 610 2956 663 Κεῖται
3017 610 3114 679 μὲν
3162 610 3262 680 γὰρ
3308 609 3464 679 ὀλίγον
3490 614 3596 681 δεῖν,
3623 618 3683 670 ἰπὶ

2225 707 2322 768 τὰς
2360 704 2619 759 ἁπάντων
2654 704 2751 756 σὺν
2798 702 3038 772 θαύματι
3072 701 3323 769 γλώττας,
3360 702 3523 772 φθάνει
3546 706 3591 759 δὲ
3624 726 3681 775 pt-

2226 798 2363 867 κροῦ
2410 797 2841 866 παραπλησίως,
2878 795 2971 847 ἐπὶ
3014 794 3111 856 τὰς
3165 796 3400 849 ἁπάντων
3438 798 3594 861 ἀκοὰς,
3630 805 3689 851 καὶ

2226 892 2406 960 Θέαμα
2438 891 2727 960 πρόκειται
2778 887 3179 959 προσκυνητδν,
3218 889 3308 941 καὶ
3337 888 3395 941 δι’
3436 888 3556 959 ἁφῆς
3590 890 3689 943 lus:-

2224 982 2552 1035 τελέστατον
2577 998 2591 1012 ο
2644 981 2705 1033 οὐ
2748 981 2910 1051 μόνον
2937 978 3017 1041 δὲ,
3045 977 3180 1031 ἀλλὰ
3216 979 3303 1031 καὶ
3334 976 3421 1042 τὰς
3457 981 3538 1048 τῆς
3570 980 3692 1051 ψυχῆς

2227 1072 2321 1124 ἐπὶ
2378 1070 2439 1122 τὸ
2488 1070 2740 1139 κρεῖττον
2791 1064 3131 1137 μεθαρμόζει
3177 1066 3434 1135 δυνάμεις,
3467 1069 3558 1129 τοῖς
3597 1072 3693 1121 κατᾶ

2226 1164 2320 1215 τὸν
2377 1164 2576 1215 οἰκεῖον
2634 1160 2750 1230 βίον
2791 1158 3152 1228 ὑποδείγμασι
3195 1157 3386 1220 πάντας
3420 1157 3689 1222 ἐκδιδάσκων,

2228 1248 2291 1308 οὗ
2320 1254 2401 1307 δεῖ
2445 1253 2693 1316 ταύταις,
2731 1251 2827 1304 καί⁵
2880 1252 3052 1314 ὅπως,
3093 1251 3184 1302 καὶ
3228 1248 3309 1317 ἐφ’
3350 1251 3458 1301 ὅσον
3487 1250 3695 1318 χρηστέον.

2228 1347 2341 1400 Καὶ
2392 1345 2537 1399 οὕτω
2594 1344 2867 1406 παντοίως
2923 1343 3135 1405 πάντας
3191 1340 3427 1405 εὐποιῶν,
3457 1340 3536 1392 καὶ
3568 1339 3695 1392 κοινὸν

2228 1436 2591 1508 προκείμενος
2633 1434 2855 1503 ἀγαθῶν
2910 1433 3165 1487 ἁπάντων
3215 1432 3519 1501 πρυτανεῖον,
3549 1429 3693 1500 ἀρετῆς

2229 1530 2490 1601 ἡγεμὼν,
2548 1527 2896 1598 φυγαδευτὴς
2949 1526 3173 1588 κακίας,
3230 1523 3463 1577 ἁπάντων
3512 1520 3697 1582 παντοῖος

2230 1621 2576 1693 προμηθεὺς,
2609 1620 2875 1690 ποριστὴς
2929 1618 2987 1670 ὲν
3039 1615 3289 1685 ἀπορίαις
3318 1613 3594 1683 εὐμήχανος,
3621 1614 3698 1676 καὶ,

2235 1714 2526 1767 συνελόντα
2579 1712 2769 1781 φάναι,
2827 1709 2963 1779 πρὸς
3033 1709 3144 1760 πᾶν
3196 1707 3312 1760 ὅτου
3367 1722 3441 1767 τις
3484 1704 3538 1756 ἂν
3580 1702 3700 1755 δέοιτο

553 1806 608 1857 in
674 1802 1092 1858 necessitatibus
1163 1803 1378 1856 cunctis
1445 1802 1661 1869 adjutor
1722 1805 2124 1866 paratissimus.

2237 1806 2431 1877 βοηθὸς
2469 1806 2842 1875 ἑτοιμότατος,
2875 1802 3080 1871 μᾶλλον
3114 1800 3169 1854 δὲ
3204 1798 3331 1869 πρὸς
3356 1796 3515 1852 πᾶσαν
3540 1792 3700 1862 λογικὴν

554 1895 836 1963 Prwcipne
880 1902 1057 1947 tamen
1092 1909 1219 1964 erga
1262 1895 1559 1961 quamlibet
1609 1897 1818 1952 ratione
1844 1897 2126 1967 prreditam

549 1997 801 2041 naturam
851 1985 1208 2040 coniormitcr
1276 1986 1384 2040 Deo
1453 2001 1511 2041 se
1594 1988 1860 2056 gerebat,
1915 1989 2131 2060 fugator

551 2082 880 2145 daemonum,
913 2078 1229 2134 benefactor
1251 2079 1554 2145 hominum,
1593 2081 2000 2137 contubernalis
2028 2097 2131 2136 an-

550 2170 734 2240 geloru
744 2186 812 2224 ιιι.

624 2261 713 2315 52.
746 2260 822 2315 Ita
865 2261 953 2315 ille
988 2260 1206 2330 quidem
1240 2276 1301 2317 se
1344 2261 1522 2330 ipsum
1564 2262 1720 2317 nobis
1750 2262 1979 2332 praebuit
2012 2263 2132 2319 the-

551 2366 777 2407 saurum
822 2366 1074 2421 magnum
1148 2367 1212 2406 ac
1282 2354 1645 2418 medicinam,
1700 2355 1878 2409 onmis
1920 2357 2134 2423 generis

555 2444 774 2498 morbos
811 2443 1029 2512 egregie
1063 2451 1373 2497 curantem.
1399 2441 1639 2498 Praebuit
1689 2445 1816 2500 item
1864 2461 1922 2502 se
1954 2448 2130 2503 omni-

556 2537 678 2601 bus,
712 2546 903 2589 sancte
928 2537 1093 2589 vitam
1121 2535 1410 2590 instituere
1439 2535 1747 2591 volentibus
1777 2538 2134 2609 philosophia:

554 2626 881 2680 Christiana:
910 2628 1229 2695 exemplar;
1278 2642 1380 2681 nec
1413 2642 1522 2682 non
1556 2629 1622 2683 iis
1665 2629 1757 2699 qui
1790 2630 2005 2685 dicendi
2053 2631 2136 2685 fa-

558 2717 758 2772 cultate
787 2719 1085 2782 excellunt,
1123 2721 1390 2788 optimum
1442 2731 1845 2789 argumentum,
1878 2739 1986 2778 non
2029 2725 2132 2780 mi-

556 2825 662 2862 nus
694 2822 879 2878 aptum
910 2809 976 2863 ad
1002 2811 1528 2865 commendationem
1560 2811 1799 2877 laudati,
1823 2829 1981 2882 quam
2016 2816 2135 2870 lau-

557 2903 741 2956 dantis
789 2902 978 2969 ipsius.
1031 2901 1288 2955 Nostrum
1347 2917 1479 2957 vero
1502 2904 1745 2957 omnium
1801 2919 1959 2959 nemo
1992 2921 2136 2962 unus

559 2994 736 3064 ipsum
767 3002 863 3047 aut
888 2993 1126 3061 perfecte
1154 2993 1380 3058 imitari,
1409 3002 1498 3047 aut
1548 3008 1644 3060 pro
1681 2996 1887 3051 meritis
1916 2996 2137 3053 laudare

559 3086 791 3155 quiverit
823 3102 836 3140 :
873 3085 1016 3154 quod
1039 3085 1082 3138 si
1116 3085 1237 3152 quis
1272 3096 1450 3139 tamen
1480 3086 1736 3141 facultate
1769 3088 2018 3143 imitandi
2049 3098 2137 3142 at-

560 3194 668 3247 que
730 3177 986 3232 laudandi
1038 3180 1258 3247 polleat,
1317 3181 1582 3248 prmclare
1635 3182 1877 3252 profecm
1923 3180 2137 3248 fecerit,

559 3270 876 3343 glorificans
912 3284 1006 3340 per
1057 3271 1255 3340 ipsum,
1291 3287 1451 3340 quem
1505 3286 1651 3328 recte
1683 3274 1982 3328 sentientes
2014 3288 2135 3329 cre-

557 3363 742 3417 dimus
777 3363 979 3415 trinum
1015 3361 1067 3414 in
1094 3362 1364 3429 personis,
1393 3377 1557 3415 unum
1586 3362 1639 3415 in
1672 3364 1909 3417 essentia
1946 3361 2135 3427 Deum,

563 3455 653 3523 qui
687 3454 953 3510 mirabilis
986 3462 1069 3509 est
1095 3453 1150 3507 in
1185 3451 1400 3509 Sanctis
1427 3454 1561 3521 suis,
1597 3468 1742 3509 nunc
1764 3463 1817 3511 et
1847 3468 2065 3525 semper
2084 3463 2141 3509 et

563 3546 619 3601 in
641 3546 839 3605 smcula
869 3548 1211 3606 saeculorum.
1236 3547 1428 3603 Amen.

2236 1900 2420 1969 φύσιν,
2450 1896 2801 1968 ἁρμοζόντως
2835 1894 3023 1948 ἑαυτὸν
3067 1894 3165 1947 σὺν
3190 1891 3306 1962 Θεῷ
3338 1886 3617 1961 μεταποιιῖιν,
3637 1886 3702 1938 καὶ

2234 1990 2473 2062 διώκτης
2526 1990 2625 2060 μὲν
2685 1987 2984 2058 δαιμόνων,
3025 1985 3316 2057 εὐεργέτης
3363 1982 3415 2036 δὲ
3457 1980 3699 2051 ἀνθρώπων,

2236 2083 2577 2155 συμπολίτης
2607 2082 2665 2136 δὲ
2692 2081 2941 2150 ἀγγέλων
2972 2078 3069 2135 ὢν.

2311 2263 2409 2334 νβ’.
2454 2260 2597 2315 Ἀλλ’
2643 2263 2671 2314 ὁ
2714 2259 2814 2330 μὲν
2858 2256 3031 2323 οὕτως
3078 2256 3266 2313 ἑαυτὸν
3310 2238 3579 2327 προῦθτίκεν
3615 2248 3705 2320 ἡμῖν

2236 2355 2425 2427 χρῆμά
2476 2371 2537 2407 τε
2592 2353 2756 2423 μέγα,
2804 2351 2903 2404 καὶ
2964 2350 3257 2420 φάρμακον
3312 2346 3436 2417 πρὸς
3480 2346 3569 2397 πᾶν
3610 2337 3706 2401 εἷδος

2238 2445 2534 2515 θεραπείας
2578 2442 2821 2514 διαρκὲς,
2858 2441 3172 2511 ὑπόδειγμά
3218 2456 3275 2493 τε
3324 2433 3594 2508 φιλοσοφίας
3616 2430 3707 2499 ἁλη-

2238 2538 2391 2602 θοΰς,
2440 2538 2555 2589 τοῖς
2612 2534 2735 2587 κατ’
2794 2532 2996 2604 ἀρετὴν
3052 2532 3205 2603 βιοῦν
3264 2526 3612 2600 προελομένας,
3647 2522 3709 2573 καὶ

2236 2631 2349 2693 τοῖς
2382 2628 2512 2699 περὶ
2536 2628 2727 2695 λόγους
2756 2626 2899 2696 μέγα
2926 2626 3247 2694 δυναμένοις
3269 2621 3500 2676 ὑπόθεσιν
3522 2616 3709 2688 ἀρίστην.

2238 2721 2335 2774 καὶ
2366 2722 2595 2790 κοσμεῖν
2642 2719 2798 2772 οὐδὲν
2831 2714 3014 2790 ἦττον,
3052 2716 3088 2787 ἦ
3126 2713 3431 2785 κοσμεῖσθαι
3459 2707 3709 2778 πεφυκυῖαν.

2249 2815 2435 2886 Ἠμῶν
2460 2814 2506 2867 δ’
2538 2813 2713 2876 οὐδεὶς
2751 2814 3027 2875 ἁπάντων,
3074 2811 3198 2864 οὔτε
3249 2804 3555 2880 μιμήσασθαι
3576 2796 3710 2852 τοῦτον

2237 2905 2327 2961 διὰ
2350 2905 2557 2969 τέλους,
2590 2902 2713 2956 οὔτε
2764 2902 2901 2972 πρὸς
2931 2901 3093 2965 ἀξίαν
3123 2895 3444 2953 ἐπαινεῖσθαι
3472 2887 3636 2946 δύναιτ’
3650 2886 3709 2938 ἄν.

2238 3000 2303 3055 Εἰ
2334 3000 2377 3053 δ’
2408 2999 2554 3061 ὅπως
2597 2995 2663 3049 ἂν
2697 2996 2927 3058 ἕκαστος
2963 2994 3080 3064 ἔχοι
3112 2993 3383 3062 δυνάμεως
3413 2984 3566 3059 quem
3587 2977 3712 3036 τεκαὶ

2164 3116 2209 3180 C
2242 3090 2540 3161 εὐφημοίη,
2577 3086 2900 3157 πρεπόντως
2949 3085 3042 3180 ἂν-
3068 3086 3136 3156 δή
3190 3101 3291 3180 που
3334 3080 3503 3180 δριῖῖη·
3539 3070 3710 3180 mea"

2240 3183 2329 3239 διὰ
2363 3180 2554 3235 τούτου
2598 3179 2689 3233 τὸν
2718 3179 2776 3230 ὲν
2810 3179 2989 3249 τρισὶν
3024 3175 3382 3231 ὑποστάσεσιν
3420 3171 3503 3224 ἕνα
3529 3162 3622 3220 κατ’
3649 3159 3712 3212 0‘3-

2244 3276 2389 3338 σίαν,
2421 3274 2534 3336 τοῖς
2569 3268 2897 3341 εὐφρονοῦσι
2921 3267 3254 3337 πιστεύομεν
3279 3265 3421 3332 Θεὸν,
3437 3263 3485 3325 ὃς
3506 3260 3600 3312 ἐστι
3623 3254 3715 3307 61v-

2245 3366 2453 3439 μαστὸς
2501 3365 2562 3417 ὲν
2598 3365 2712 3426 τοῖς
2746 3361 2924 3433 ἁγίοις
2968 3361 3160 3426 αὑτοῦ,
3192 3359 3284 3414 νῦν
3327 3356 3415 3413 καὶ
3456 3342 3713 3421 ἀεὶ,καῖείί

2240 3456 2368 3522 τοὺς
2395 3454 2600 3519 αίῶνας
2628 3454 2738 3509 τῶν
2766 3452 3001 3508 αἰώνων.
3046 3451 3105 3506 ’Λ
3116 3452 3247 3523 μήν.
