3962 6208
333 289 469 354 Ῑί)5ἰ

1589 294 1968 353 GREGORII
2013 295 2337 356 PALAhle

3447 292 3585 352 306

331 421 519 473 piava,
539 407 716 460 omnis
761 407 1067 463 inordinata
1117 406 1316 461 mentis
1345 405 1529 468 elatio,
1555 405 1734 458 omnis
1761 405 1909 457 audi-

2024 413 2304 481 παριόντα,
2369 415 2475 466 πᾶν
2531 415 2696 477 πάθος
2734 415 2910 486 ψυχῆς
2954 435 3011 468 τε
3060 419 3148 470 καὶ
3181 417 3429 487 σώματος
3465 417 3586 485 βδε-

334 509 442 555 tus.
494 499 640 551 visus
689 509 744 552 et
799 514 980 552 sermo
1032 500 1416 551 detrimentum
1461 497 1654 548 anitum
1705 495 1908 548 inferre

334 592 538 643 valens.
591 588 704 642 Nisi
751 591 872 657 quis
922 589 1066 642 enim
1115 589 1228 643 haec
1287 588 1602 641 rescindere
1627 598 1675 640 et
1715 589 1910 640 aniime

333 681 582 732 surculos
626 694 873 732 resecare
917 679 1209 747 diligenter
1243 680 1538 740 curaverit,
1577 679 1809 733 fructum
1843 680 1908 732 ad

335 774 498 821 vitam
539 777 798 821 mternam
832 784 1106 835 nunquam
1137 769 1392 836 proferet.

402 859 672 914 Possibile
711 869 886 911 autem
921 870 1036 922 est,
1073 861 1136 912 iis
1193 863 1354 914 etiam
1397 861 1489 928 qui
1552 859 1602 911 iu
1661 859 1909 928 coniugio

333 947 545 1014 vitiant,
572 951 713 1004 hanc
741 952 1024 1018 acquirere
1056 951 1367 1019 puritatem,
1396 950 1488 1004 sed
1526 966 1644 1003 cum
1676 953 1906 1002 maxima

334 1041 673 1096 uillicultate.
725 1041 852 1094 ldco
934 1042 1242 1110 quicunque
1303 1055 1332 1094 a
1388 1042 1674 1110 juventute
1744 1042 1907 1093 Deum

336 1133 625 1200 propitium
675 1134 839 1200 nacti,
867 1134 1062 1186 acriori
1107 1133 1302 1186 mentis
1331 1133 1488 1186 oculo
1538 1133 1680 1184 illam
1732 1133 1908 1186 intuiti

340 1234 464 1276 sunt
498 1227 763 1286 vitam,et
797 1225 1060 1278 bonorum
1123 1225 1242 1293 ejus
1297 1223 1426 1277 lacti
1482 1235 1610 1278 sunt
1659 1225 1907 1290 studiosi,

339 1320 555 1388 nuptias
607 1319 882 1386 sapienter
931 1316 1168 1383 fugiunt,
1198 1317 1322 1385 quia
1378 1317 1433 1369 in
1491 1317 1908 1382 resurrectione,

339 1423 399 1462 nt
431 1411 688 1462 Dominus
715 1411 811 1470 ait,
832 1425 1001 1476 neque
1023 1409 1234 1461 nubunt
1254 1424 1431 1475 neque
1461 1410 1663 1461 ducttnt
1688 1421 1907 1469 uxores.

337 1501 435 1555 sed
481 1502 715 1568 aequales
760 1502 965 1568 angelis
1018 1501 1110 1552 Dei
1175 1510 1304 1554 sunt
1344 1503 1407 1552 υ.
1436 1500 1694 1567 Quisquis
1743 1499 1909 1569 igitur

343 1593 484 1646 sicut
536 1590 759 1660 angelus
797 1590 888 1644 Dei
943 1593 1058 1644 vult
1093 1605 1234 1653 esse,
1274 1590 1384 1657 jam
1423 1607 1585 1656 nunc,
1619 1601 1675 1646 ut
1710 1594 1784 1645 illi
1818 1608 1906 1646 re-

340 1682 693 1738 surrectionis
727 1682 844 1748 lilii,
898 1683 1273 1736 commistione
1327 1697 1614 1751 corporum
1662 1685 1906 1751 superio-

346 1791 458 1828 rem
507 1789 568 1830 se
619 1776 810 1828 tnerito
857 1776 1162 1827 constituit.
1215 1773 1559 1842 Czeteroquin
1612 1777 1679 1829 ab
1741 1789 1908 1831 uxore

345 1877 625 1934 peccatum
673 1880 891 1919 causam
945 1869 1399 1935 uccasionemque
1438 1875 1493 1920 et
1517 1868 1780 1936 originem
1809 1869 1907 1922 ha-

345 1959 481 2012 huit.
508 1958 936 2012 Dissuadendum
970 1958 1132 2026 igitur
1153 1957 1460 2026 conjugium
1490 1959 1558 2013 iis
1583 1961 1672 2028 qui
1706 1960 1907 2014 nullam

345 2063 588 2118 unquam
642 2050 955 2102 adversario
987 2064 1018 2102 a
1053 2050 1246 2118 seipsis
1287 2050 1419 2105 dare
1463 2066 1648 2105 ansam
1698 2053 1906 2107 volunt.

343 2142 501 2207 Quod
541 2141 586 2196 si
623 2141 726 2194 hoc
756 2155 954 2209 corpus
984 2141 1202 2195 diuieile
1253 2143 1576 2209 reprimatur
1604 2154 1658 2197 et
1686 2144 1755 2198 ad
1801 2145 1911 2197 vir-

344 2242 513 2287 tutem
542 2242 846 2292 revocetur,
868 2232 950 2284 vel
985 2233 1162 2298 potius
1188 2240 1246 2285 ut
1271 2233 1534 2289 naturalis
1564 2236 1910 2290 adversarius

345 2327 502 2382 nobis
532 2327 733 2390 obstat,
773 2326 903 2392 quid
954 2326 1258 2381 faciemus?
1291 2337 1344 2382 et
1381 2329 1432 2382 in
1470 2337 1730 2397 quantum
1774 2329 1910 2384 dilli-

341 2421 593 2475 cultatem
618 2419 684 2473 ad
730 2419 926 2473 bonum
959 2419 1300 2488 augebimus.
1328 2419 1510 2473 multis
1541 2429 1595 2474 et
1627 2421 1792 2474 variis
1835 2421 1912 2472 al-

342 2511 493 2579 ligati
519 2511 881 2581 corporibus?
915 2514 1190 2580 quomodo
1231 2510 1532 2564 libertatem
1573 2511 1813 2575 habebit,
1844 2513 1908 2564 ad

338 2617 505 2672 quam
562 2602 823 2658 feminare
850 2602 1092 2671 jubetur,
1120 2603 1325 2656 'mulier
1354 2613 1559 2656 natura:
1588 2603 1813 2657 nexibus
1843 2603 1908 2656 ad

340 2710 539 2759 ιπιιιιι,
577 2695 643 2748 ad
678 2695 896 2759 liberos,
933 2697 998 2746 ad
1029 2695 1462 2761 consanguineos
1498 2709 1686 2748 omnes
1717 2695 1907 2747 deviu-

335 2786 470 2840 cta?
525 2785 796 2854 quomodo
849 2800 1039 2839 secura
1108 2787 1334 2839 Domino
1374 2786 1653 2851 assidebit,
1691 2801 1807 2855 qua:
1843 2787 1909 2839 de

333 2889 452 2929 «ita
509 2877 693 2932 multis
745 2893 929 2930 curam
987 2877 1277 2946 suscepit?
1312 2877 1595 2943 Quomodo
1643 2878 1748 2932 erit
1794 2879 1910 2932 siue

333 2967 524 3032 turba,
555 2968 896 3020 tuultitudiue
926 2968 1249 3035 implicata?

2020 502 2212 555 λυκτὸν
2247 502 2340 556 καὶ
2371 505 2623 573 πονηρὸν,
2664 506 2834 558 πάντα
2869 506 2957 558 τὸν
2991 509 3049 559 ὲν
3094 507 3454 576 μετεωρισμῷ
3483 507 3586 573 τῆς

2019 591 2252 656 διανοίας
2312 595 2600 664 συρφετὸν,
2654 597 2760 648 πᾶν
2808 596 3095 664 ἄκουσμα,
3129 599 3219 650 καὶ
3253 597 3454 664 θέαμα,
3486 597 3586 648 καὶ

2020 681 2196 734 πάντα
2221 681 2399 750 λόγον,
2424 682 2625 752 βλάϐην
2663 684 3026 754 παραπέμψαι
3050 685 3346 754 δυνάμενον
3385 686 3462 747 εἰς
3481 686 3585 754 τὴν

2019 769 2209 840 ψυχήν.
2257 760 2382 823 Ἐὰν
2416 772 2522 843 γὰρ
2556 772 2630 843 μὴ
2662 773 2830 826 ταῦτά
2857 791 2939 836 τις
2988 774 3273 826 ἐκκόπτειν
3303 775 3395 826 καὶ
3426 791 3588 841 περι-

2021 861 2300 932 καθαίρειν
2357 861 2455 932 τὴν
2507 863 2737 936 βλάστην
2787 864 2883 933 τῆς
2935 863 3157 934 καρδίας
3190 864 3284 928 ,διὰ
3319 864 3587 934 μεγίστης

2021 956 2242 1024 ποιῆται
2282 954 2380 1023 τῆς
2429 954 2682 1024 σπουδῆς,
2733 953 2941 1026 καρπὸν
2975 956 3054 1018 είς
3103 955 3248 1024 ζωὴν
3277 955 3490 1008 αἰώνιον
3519 955 3584 1006 οὐ

2023 1044 2230 1113 μήποτε
2268 1043 2488 1114 ἐνέγκῃ.
2521 1045 2752 1097 Δυνατὸν
2791 1047 2886 1116 μὲν
2929 1041 3044 1110 οὖν,
3084 1048 3315 1109 καὶτοῖς
3336 1048 3393 1098 ὲν
3422 1049 3587 1111 συζυ-

2020 1134 2112 1202 γία
2160 1132 2314 1198 ζῶσι,
2362 1134 2460 1204 τῆς
2513 1134 2878 1206 καθαρότητος
2936 1136 3325 1190 ἀντιποιεῖσθαι
3356 1136 3585 1206 ταύτης,

2020 1223 2153 1276 ἀλλὰ
2181 1227 2317 1294 μετὰ
2341 1225 2600 1297 πλείστης
2627 1228 2755 1297 ὅσης
2780 1229 3081 1292 δυσκολίας.
3119 1229 3218 1281 Διὰ
3252 1227 3408 1282 τοῦτο
3442 1231 3584 1282 πάν-

2020 1332 2108 1377 τες
2135 1315 2246 1368 ὅσοι
2301 1317 2366 1370 ἐκ
2422 1318 2668 1388 νεότητος
2717 1320 2843 1373 ἵλεω
2885 1321 3017 1373 Θ;οῦ
3045 1321 3313 1390 τυχόντες,
3345 1320 3586 1388 ὀξυτέρῳ

2020 1406 2256 1469 διανοίας
2277 1407 2483 1478 ὄμματι
2539 1409 2673 1478 προς
2730 1410 2942 1480 ἐκείνην
2991 1407 3128 1463 είδον
3166 1410 3262 1481 τὴν
3291 1410 3452 1480 ζωὴν,
3488 1411 3586 1461 καὶ

2019 1497 2126 1548 τῶν
2161 1499 2278 1551 κατ’
2308 1499 2522 1568 ἐκείνην
2553 1499 2770 1568 ἀγαθῶν
2815 1502 3040 1570 ἐρασταὶ
3064 1502 3340 1569 γεγόνασι,
3371 1503 3461 1553 καὶ
3491 1501 3587 1552 τὸν

2020 1589 2192 1657 γάμον
2220 1591 2600 1660 προσηκόντως
2639 1591 2949 1658 φεύγουσιν,
2997 1593 3114 1644 ἐπεὶ
3146 1594 3234 1644 καὶ
3260 1591 3316 1642 ἐν
3353 1594 3419 1659 τῇ
3451 1587 3585 1643 ἀνά-

2024 1681 2226 1743 στάσει,
2277 1680 2528 1751 καθάπερ
2578 1684 2605 1734 ὁ
2652 1681 2853 1751 Κύριος
2902 1677 3072 1745 εἶπεν,
3122 1681 3245 1734 οὔτε
3291 1682 3583 1750 γαμοῦσιν,

2020 1768 2141 1822 οὗτε
2181 1771 2591 1842 ὲκγαμίζονται,
2622 1773 2733 1826 ἀλλ’
2765 1773 2839 1835 ὡς
2886 1772 3102 1841 ἄγγελοι
3136 1772 3226 1826 τοῦ
3265 1771 3401 1826 Θεοῦ
3425 1775 3586 1825 είσιν.

2024 1863 2211 1925 Ὅστις
2249 1862 2339 1915 οῦν
2387 1864 2463 1927 ὡς
2515 1865 2744 1933 ἄγγελος
2791 1859 2927 1917 εἶναι
2972 1864 3219 1934 βούλεται
3249 1864 3406 1927 Θεοῦ,
3455 1867 3582 1917 κάν.

2018 1953 2192 2006 ταῦθα
2230 1955 2370 2008 κατὰ
2429 1955 2555 2018 τοὺς
2609 1957 2758 2019 υἱοὺς
2815 1956 2916 2025 τῆς
2960 1957 3303 2018 ἀναστάσεως
3347 1956 3584 2022 ἐκείνης,

2023 2044 2296 2113 ἐπιμιξίας
2333 2047 2599 2115 σωμάτων
2645 2047 2914 2118 ἀνώτερον
2964 2047 3155 2100 ἑαυτὸν
3195 2048 3417 2110 δικαίως
3456 2048 3588 2098 καθ-

2024 2135 2250 2202 ίστησιν.
2293 2136 2502 2199 Ἄλλως
2547 2155 2606 2190 τε
2663 2139 2754 2190 καὶ
2784 2141 2817 2207 ἡ
2852 2139 3119 2209 πρόφασις
3147 2139 3242 2205 τῆς
3285 2137 3583 2206 ἁμαρτίας,

2020 2227 2083 2276 ἐκ
2121 2225 2218 2292 τῆς
2239 2227 2470 2294 συζύγου
2499 2227 2594 2298 τὴν
2623 2227 2793 2298 λαϐὴν
2838 2228 2959 2297 ἔσχε
3011 2231 3110 2298 τὴν
3138 2229 3330 2296 ἀρχήν.
3377 2231 3587 2298 [lapat-

2019 2315 2208 2383 τητέον
2234 2311 2324 2369 οὖν
2347 2317 2444 2386 τὴν
2478 2316 2754 2384 συζυγίαν,
2787 2321 2896 2381 τοῖς
2927 2319 3270 2388 βουλομένοις
3319 2320 3587 2389 μηδεμίαν

2025 2409 2291 2476 μηδέποτε
2319 2408 2394 2477 τῷ
2428 2410 2787 2479 ἀντικειμένῳ
2817 2414 3115 2480 παρασχεῖν
3152 2411 3360 2464 οἴκοθεν
3391 2411 3585 2479 λαϐήν.

2023 2500 2082 2554 Et
2108 2499 2162 2551 δὲ
2196 2501 2288 2552 καί
2313 2500 2374 2551 τὸ
2397 2498 2553 2568 σῶμα
2583 2501 2736 2552 τοῦτο
2777 2501 3024 2571 δυσήνιον
3059 2503 3151 2555 καὶ
3184 2503 3588 2571 δυσανάκλητον

2021 2604 2156 2675 πρὸς
2195 2606 2413 2678 ἀρετὴν,
2463 2607 2662 2676 μᾶλλον
2711 2607 2768 2660 δὲ
2809 2607 2899 2659 καὶ
2928 2607 3002 2669 ὡς
3031 2607 3264 2676 ἔμφυτον
3306 2608 3587 2661 ἀντίθετον

2019 2699 2388 2767 περιφέρομεν
2431 2698 2581 2763 αὐτὸ,
2629 2699 2681 2752 τί
2720 2701 2834 2752 ποτ’
2867 2699 2972 2768 ἄρα
3021 2699 3342 2768 πεισόμεθα,
3379 2701 3471 2751 καὶ
3498 2701 3588 2767 ἐφ’

2017 2787 2139 2840 ὅσον
2176 2788 2274 2857 τὴν
2311 2788 2446 2858 πρὸς
2499 2788 2696 2858 ἀρετὴν
2745 2789 3060 2858 δυσχέρειαν
3099 2787 3424 2857 αύξήσομεν,
3454 2790 3587 2841 πολ-

2017 2878 2128 2941 λοῖς
2166 2881 2260 2932 καὶ
2286 2879 2562 2950 διαφόροις
2598 2879 2936 2942 συνδεθέντες
2959 2881 3203 2949 σώμασι;
3238 2881 3358 2942 Πῶς
3395 2880 3440 2931 δ’
3473 2880 3590 2942 ἕξει

2018 2969 2115 3037 τὴν
2144 2969 2478 3038 ἐλευθερίαν,
2540 2969 2675 3036 πρὸς
2722 2970 2787 3039 ἢν
2815 2970 3066 3021 σπεύδειν
3100 2970 3515 3036 ἐπαγγέλλεται,
3553 2973 3588 3040 ἡ

405 3057 703 3128 Propterea
735 3073 864 3113 vere
903 3059 1076 3126 virgo,
1101 3069 1155 3114 et
1206 3058 1400 3112 similis
1443 3057 1666 3127 virgini,
1697 3066 1752 3113 et
1799 3058 1906 3112 vir-

2021 3059 2232 3126 φύσεως
2272 3060 2488 3129 δεσμοῖς
2539 3060 2670 3129 πρὸς
2723 3059 2912 3130 ἄνδρα,
2943 3060 3036 3112 καὶ
3074 3061 3288 3124 παῖδας,
3335 3061 3429 3112 καὶ
3462 3061 3589 3123 τοὺς

332 3152 479 3222 ginis
511 3151 621 3206 lilio
663 3153 965 3205 animarum
1001 3153 1054 3205 in
1085 3152 1401 3222 virginitate
1439 3152 1696 3206 decenter
1718 3151 1904 3204 νίνιιιιο

339 3256 474 3298 tium
519 3257 740 3314 sponso,
793 3259 898 3298 non
949 3244 1123 3314 solum
1176 3245 1393 3298 carnale
1451 3243 1782 3313 conjugium.
1815 3243 1908 3298 sed

355 3337 521 3390 etiam
560 3337 816 3390 maculare
841 3337 1224 3390 coimuercium
1255 3334 1412 3404 fugit,
1445 3337 1688 3403 cognatis
1737 3337 1911 3389 omni-

345 3431 444 3480 hus
473 3425 798 3488 valediceus,
830 3427 898 3480 ita
939 3438 995 3477 ut
1033 3426 1561 3494 possitconlideuter
1593 3442 1714 3479 cum
1751 3426 1910 3479 Petro

343 3523 526 3571 dicere
574 3519 640 3570 ad
695 3517 1012 3572 Christum:
1069 3537 1087 3569 ι
1132 3518 1242 3572 Nos
1280 3519 1593 3583 reliquimus
1621 3519 1826 3584 omnia,
1857 3526 1911 3573 et

343 3611 514 3665 secuti
565 3626 754 3664 sumus
788 3621 838 3663 te
871 3610 936 3661 ³³.
977 3628 997 3660 ι
1044 3610 1182 3674 Quid
1212 3624 1340 3679 ergo
1375 3610 1570 3662 mirum
1620 3608 1807 3676 faciat,
1840 3611 1909 3672 si,

335 3701 792 3775 quemadmodum
839 3710 1052 3754 terrena
1086 3716 1280 3769 sponsa
1329 3711 1535 3770 patrem
1587 3709 1641 3756 et
1682 3714 1910 3756 matrem

329 3792 666 3862 alerelinquit
697 3803 753 3846 ut
785 3794 1000 3846 mortali
1033 3808 1232 3862 Sponsa
1260 3795 1556 3856 adhaereat,
1575 3804 1632 3847 ut
1659 3795 1738 3849 ait
1766 3796 1912 3849 Scri-

327 3895 517 3958 ytura,
549 3885 674 3936 item
739 3895 792 3937 et
828 3885 941 3952 ipsa
997 3900 1127 3939 suos
1179 3899 1275 3953 pro
1323 3885 1534 3940 caelesti
1590 3887 1829 3940 thalamo
1858 3897 1911 3940 et

331 3989 539 4044 sponso
567 3974 956 4028 abrenuntiet?
987 3975 1271 4040 Quomodo
1301 3977 1677 4045 cognationem
1710 3977 1909 4030 habere

330 4065 515 4137 grossit
552 4066 602 4117 in
633 4063 814 4124 terris,
849 4079 968 4132 qua
1013 4065 1486 4119 conversationem
1519 4064 1682 4119 habet
1710 4065 1762 4117 in
1796 4080 1910 4119 C(13-

329 4156 448 4214 Jisl
480 4154 784 4221 Quomodo,
821 4170 942 4224 qua:
975 4166 1188 4209 nonest
1225 4155 1333 4208 lilia
1379 4158 1585 4219 carnis,
1619 4156 1712 4210 sed
1749 4157 1910 4220 spiri-

329 4260 453 4314 itus,
481 4246 728 4302 carnales
758 4247 974 4300 habebit
1004 4259 1235 4313 patrem,
1261 4259 1353 4301 aut
1379 4261 1626 4314 matrem,
1652 4255 1744 4302 aut
1773 4263 1908 4302 con-

327 4337 667 4406 sanguineos
694 4336 718 4390 ἲ
743 4335 1048 4402 Quomodo,
1073 4351 1196 4389 cum
1234 4339 1512 4406 proprium
1541 4354 1736 4403 corpus
1760 4339 1906 4409 luge-

335 4431 435 4496 iit,
492 4440 544 4484 et
603 4443 817 4496 semper
888 4437 1149 4497 quantum
1225 4440 1402 4498 potest
1467 4430 1662 4498 fugiat,
1728 4442 1912 4502 utpote

332 4521 620 4574 carnalem
644 4521 921 4588 deponens
947 4521 1131 4585 vitam,
1167 4520 1335 4576 ullum
1360 4521 1581 4576 habebit
1607 4533 1910 4590 respectum

336 4615 409 4671 ad
442 4626 667 4680 corpora
699 4627 807 4668 non
844 4626 942 4667 sua
969 4613 992 4666 Ὶ
1017 4613 1171 4679 Quod
1221 4615 1289 4678 si,
1323 4624 1382 4668 ut
1411 4617 1583 4679 aiunt,
1617 4615 1914 4669 similitudo

332 4715 426 4758 arst
457 4703 719 4770 amicitia,
743 4713 798 4760 et
841 4705 1120 4774 quodlibet
1164 4707 1326 4761 simili
1375 4708 1690 4772 delectatur,
1718 4707 1913 4761 similis

335 4802 434 4853 liet
491 4798 704 4853 dilectis
759 4797 934 4868 virgo,
966 4807 1020 4852 et
1069 4798 1120 4850 in
1174 4800 1426 4854 morbum
1471 4799 1676 4854 recidet
1715 4800 1914 4854 amoris

334 4888 755 4958 saeculizporro
789 4906 808 4940 ι
843 4889 1082 4943 amicitia
1119 4890 1276 4954 hujus
1325 4891 1507 4943 mundi
1557 4901 1637 4946 est
1695 4891 1910 4945 inimica

335 4979 457 5043 vei,
494 4993 562 5043 ι,
623 4979 701 5033 ait
761 4977 956 5032 Paulus
1013 4979 1090 5046 ”,
1163 4981 1520 5048 spiritualium
1607 4983 1912 5049 nuptiarum

335 5072 775 5142 paranymphus.
809 5068 994 5136 itaque
1026 5086 1130 5124 non
1156 5071 1312 5124 modo
1335 5072 1620 5124 divortium
1651 5073 1916 5133 incurret,

332 5166 430 5221 sed
466 5172 520 5218 ct
553 5163 790 5219 cmlestis
817 5163 997 5230 sponsi
1033 5163 1388 5217 inimicitiam.

409 5253 596 5325 Neque
647 5254 862 5308 mireris
924 5261 1017 5305 aut
1073 5253 1254 5306 doleas
1314 5252 1458 5321 quod
1507 5253 1808 5320 conjugatis
1853 5253 1912 5312 in

332 5345 617 5414 Scriptura
648 5345 864 5400 crimini
903 5359 1008 5398 non
1066 5353 1305 5403 vertatur
1339 5359 1516 5397 rerum
1563 5346 1907 5402 saecularium

332 5455 490 5503 cura,
519 5438 585 5492 iis
637 5453 763 5493 vero
797 5454 916 5506 qua:
971 5437 1334 5504 virginitatem
1381 5436 1487 5491 Deo
1524 5447 1810 5503 voverunt,
1843 5455 1911 5494 ne

331 5529 578 5588 delibare
623 5531 840 5599 quidem
868 5529 1145 5584 saeui-aria
1179 5529 1508 5595 remittatur,
1533 5545 1631 5586 nec
1655 5531 1761 5585 ulla
1786 5532 1910 5587 vitae

420 5683 464 5714 ¹²
490 5685 619 5738 Luc.
642 5704 726 5752 ax,
754 5689 840 5742 555.
919 5688 964 5720 ”
991 5685 1176 5742 Matth.
1201 5685 1414 5755 “1,27.
1495 5683 1537 5718 ι’*
1567 5682 1678 5742 Jac.
1723 5702 1796 5753 tv,
1840 5686 1889 5742 4.

2021 3148 2141 3203 καθ’
2176 3143 2315 3220 αἷμα
2336 3149 2667 3218 συνδουμένη
2729 3150 2971 3215 πάντας;
3017 3151 3137 3214 Πῶς
3169 3151 3224 3202 δὲ
3268 3153 3592 3220 ἀμερίμνως

2021 3238 2407 3310 προσεδρεύσει
2440 3238 2518 3308 τῷ
2571 3239 2777 3307 Κυρίῳ,
2813 3238 2912 3301 τὰς
2952 3239 3092 3307 ὑπὲρ
3129 3239 3395 3292 τοσούτων
3423 3257 3589 3307 ego».

2006 3331 2167 3394 ’τίδας
2203 3329 2610 3400 ἀναδεξαμένη;
2665 3332 2788 3392 Πῶς
2813 3330 2855 3382 δ’
2892 3330 3001 3394 ἔξει
3039 3330 3100 3382 τὸ
3143 3331 3426 3400 ἀθόρυϐον,
3453 3331 3592 3400 πλή-

2020 3421 2168 3475 θεσιν
2190 3421 2563 3491 ὲνεσχημένη;
2605 3421 2702 3474 Διὰ
2729 3421 2884 3474 τοῦτο
2909 3423 2941 3490 ἡ
2969 3421 3136 3484 ὅντως
3171 3421 3456 3491 παρθένος,
3494 3424 3593 3475 καὶ

2019 3514 2422 3583 ἀφωμοιωμένη
2466 3516 2532 3584 τῇ
2591 3515 2844 3583 παρθένῳ
2906 3514 2998 3567 καὶ
3046 3515 3110 3566 ὲκ
3154 3513 3450 3582 παρθένου,
3492 3517 3593 3568 καὶ

2020 3603 2126 3654 τῶν
2159 3606 2217 3656 ὲν
2269 3603 2534 3674 παρθενίᾳ
2563 3603 2790 3665 δεόντως
2821 3603 3101 3673 ζησάντων
3133 3604 3318 3673 ψυχῶν
3343 3607 3590 3674 νυμφίῳ,

2019 3694 2078 3746 οὐ
2120 3693 2221 3764 τὴν
2273 3695 2413 3748 κατά
2467 3695 2644 3763 σάρκα
2693 3693 2950 3761 συζυγίαν
2999 3695 3178 3764 μόνον,
3203 3695 3337 3748 ἀλλὰ
3362 3698 3456 3748 καὶ
3493 3697 3595 3765 τὴν

2019 3782 2160 3835 κατὰ
2190 3783 2392 3854 κόσμον
2431 3783 2672 3836 συνοδίαν
2697 3783 2906 3850 φεύγει,
2941 3784 3226 3852 συγγενέσι
3258 3787 3425 3837 πᾶσιν
3454 3789 3593 3839 ἀπο-υ

2019 3873 2330 3944 ταξαμένη·
2395 3874 2470 3936 ὡς
2528 3873 2594 3928 ἂν
2643 3873 2740 3944 ἔχῃ
2792 3875 3362 3946 πεπαῤῥησιασμένως
3405 3876 3595 3944 λέγειν

2029 3969 2165 4036 μετὰ
2219 3970 2422 4040 Πέτρου
2476 3969 2612 4039 πρὸς
2659 3969 2925 4039 Χριστόν·
2982 3987 3002 4019 ι
3051 3969 3240 4037 Ἡμεῖς
3293 3972 3597 4040 ἀφήκαμεν

2023 4061 2199 4112 πάντα
2230 4060 2323 4113 καὶ
2349 4059 2794 4128 ἠκολουθήσαμέν
2845 4076 2946 4111 σοι.
2999 4078 3018 4110 ι
3055 4059 3181 4112 Τίδ*
3201 4061 3309 4127 ἄρα
3339 4062 3434 4114 καὶ
3461 4080 3594 4114 και-

2021 4151 2293 4221 νοπρεπὲς
2316 4152 2614 4220 ποιήσειεν,
2643 4152 2690 4202 εἰ
2725 4151 2822 4220 τῆς
2858 4150 3102 4218 ἐπιγείου
3132 4151 3349 4220 νύμφης
3376 4155 3599 4222 πατέρα.

2021 4241 2356 4313 καὶμητέρα
2410 4242 2682 4312 ἀφιείσης,
2727 4242 2888 4294 ἕνεκα
2939 4242 3178 4311 φθαρτοῦ
3214 4245 3470 4310 νυμφίου,
3499 4247 3600 4297 καὶ

2024 4333 2513 4402 προσκολλωμένης
2579 4333 2791 4397 ἐκείνῳ,
2841 4333 2981 4386 κατὰ
3014 4333 3110 4402 τὴν
3169 4334 3413 4404 Γραφὴν,
3450 4336 3598 4404 αὐτὴ

2020 4422 2178 4475 τοῦτο
2207 4423 2475 4493 δράσειεν,
2516 4424 2884 4494 ὑπερκοσμίου
2917 4423 3203 4492 νυμφῶνος
3229 4427 3321 4476 καὶ
3351 4429 3596 4493 νυμφίου

2021 4513 2202 4574 ἕνεκα,
2233 4513 2454 4576 τούτους
2477 4513 2883 4580 καταλείψασας
2920 4513 3039 4576 Πῶς
3072 4515 3127 4566 δὲ
3155 4515 3248 4567 καὶ
3266 4517 3598 4581 συγγένειαν

2023 4603 2140 4666 ἐξὸν
2171 4603 2312 4672 ἔχειν
2365 4605 2457 4656 ἐπὶ
2502 4604 2627 4670 γῆς,
2657 4598 2737 4664 οἷς
2768 4602 2855 4674 [er
2899 4604 3039 4656 ἀλλ.
3067 4598 3158 4673 ἧς]
3189 4607 3248 4656 τὸ
3286 4606 3598 4673 πολίτευμα

2023 4697 2078 4747 ἐν
2102 4697 2346 4766 οὐρανοῖς
2374 4714 2388 4762 ;
2427 4695 2547 4758 Πῶς
2574 4697 2620 4749 δ’
2645 4697 2676 4764 ή
2713 4695 2787 4765 μὴ
2821 4696 3018 4766 σαρκὸς
3044 4696 3174 4749 οὖσα
3215 4698 3426 4761 τέκνον,
3454 4699 3599 4751 ἀλλὰ

2023 4770 2350 4855 πνεύματος,
2391 4788 2648 4856 σαρκικὸν
2678 4788 2789 4853 ἕξει
2823 4788 3104 4856 πατέρα,ἢ
3143 4787 3428 4858 μητέρα,ἦ
3465 4789 3601 4851 τοὺς

2025 4879 2146 4931 καθ’
2201 4873 2340 4948 αἷμα
2379 4879 2784 4950 προσήκοντας;
2847 4879 2970 4941 Πῶς
3012 4879 3118 4947 δ”ή
3161 4879 3253 4931 καὶ
3280 4879 3340 4930 τὸ
3387 4880 3600 4932 οἰκεῖον

2027 4969 2184 5038 σῶμα
2210 4968 2476 5037 φυγοῦσα,
2512 4972 2605 5022 καὶ
2640 4971 2725 5022 ἀεὶ
2766 4969 3037 5038 φεύγουσα
3076 4967 3219 5021 κατὰ
3246 4967 3306 5019 τὸ
3333 4967 3598 5032 δυνατὸν,

2035 5060 2094 5122 ὓς
2134 5060 2224 5114 τὸν
2277 5061 2418 5115 κατὰ
2474 5062 2649 5128 σάρκα
2682 5062 2794 5132 βίον
2822 5060 3208 5129 ἀποτιθεμένη,
3240 5059 3423 5127 σχέσιν
3451 5059 3599 5122 ὅλως

2017 5170 2126 5234 ἕξει
2162 5169 2297 5241 πρὸς
2318 5170 2384 5223 τὰ
2424 5188 2498 5239 μη
2525 5171 2700 5221 οἰκεῖα
2751 5169 3015 5235 σώματα;
3047 5166 3108 5217 El
3133 5163 3187 5217 δὲ
3219 5163 3312 5216 καὶ
3341 5163 3374 5230 ἡ
3400 5160 3593 5230 ὅμοιός

2013 5274 2131 5324 της,
2153 5257 2228 5320 ὥς
2256 5275 2405 5326 φασι,
2435 5257 2674 5325 φιλότης,
2709 5256 2800 5309 καὶ
2821 5255 2880 5308 τὸ
2907 5256 3086 5324 ὅμοιον
3119 5252 3420 5314 ἀσπάζεται
3446 5251 3586 5312 πᾶν,

2015 5349 2465 5418 ἑξομοιωθήσεται
2538 5351 2648 5410 τοῖς
2707 5346 3049 5414 φιλουμένοις
3109 5343 3448 5412 ἡπαρθένος
3488 5340 3589 5392 καὶ

2016 5443 2389 5511 περιπεσεῖται
2440 5443 2504 5510 τῇ
2541 5442 2680 5509 νόσῳ
2720 5439 2818 5509 τῆς
2847 5439 3199 5506 φιλοκοσμίας
3233 5431 3420 5495 αὖθις“
3457 5434 3491 5501 ἡ
3521 5433 3584 5484 δὲ

2015 5533 2166 5600 φιλία
2195 5533 2286 5586 τοῦ
2340 5531 2568 5600 κόσμου,
2595 5531 2766 5602 ἔχθρα
2812 5533 2892 5595 είς
2919 5529 3074 5593 Θεὸν,
3109 5526 3241 5596 φησὶ
3285 5523 3519 5584 Παῦλος,
3550 5519 3585 5571 ὁ
