3962 6208
374 318 503 378 1057

1469 318 1561 374 DE
1610 319 1953 377 MENTAH
2004 323 2565 393 QUliiTUDtNE..

3480 324 3616 389 10.38

372 424 735 490 νυμφοπῖὸλος
764 427 853 479 τοῧ
902 432 1265 500 πνευματικοῦ
1303 432 1606 500 νυμφῶνος.
1632 432 1838 484 Οὐκοῦν
1866 450 1904 483 οι

2044 440 2292 493 remissio
2350 441 2701 494 concedatur.
2764 439 3147 492 Verumtamen
3190 447 3243 493 el
3298 440 3618 511 conjngatos

368 515 684 580 διαζυγῇ-λιιι
742 518 1071 573 κινδυνεύσει
1109 524 1288 589 μόνον,
1312 523 1445 575 ἀλλὰ
1490 524 1582 575 καὶ
1615 526 1693 585 είς
1730 523 1928 592 ἔχθραν

368 608 463 657 τοῦ
492 607 861 676 ὑπερκοσμίου
900 612 1129 679 νυμφίου
1163 616 1516 683 καταστῆναι.
1553 617 1659 667 Καὶ
1689 615 1762 685 μὴ
1796 615 1927 666 θαυ-

371 696 568 763 μάσῃς.
600 697 720 764 μηδ’
773 700 1018 769 ἁνιαθῇς,
1062 704 1109 754 εί
1163 706 1282 764 ταῖς
1319 704 1414 773 μὲν
1438 706 1492 755 ὲν
1519 704 1746 772 συζυγία
1779 704 1928 775 παρὰ

365 783 463 851 τῆς
486 784 706 853 Γραφῆς
734 787 937 856 μέμψις
982 789 1042 841 οὐ
1085 793 1432 859 προσγίνεται
1467 791 1835 862 μεριμνώσαις
1861 792 1929 843 τὰ

364 872 455 924 τοῦ
500 874 729 945 κόσμου,
772 878 884 929 ἀλλ’
914 879 973 931 οὺ
1020 880 1083 933 τὰ
1124 882 1215 933 τοῦ
1264 883 1485 952 Κυρίου.
1541 884 1671 945 Ταῖς
1725 882 1779 934 δὲ
1833 882 1927 951 τὴν

364 966 663 1036 παρθενίαν
716 969 1210 1040 ὲπαγγειλαμέναις
1262 974 1338 1041 τῷ
1385 974 1522 1043 Θεῷ,
1576 974 1672 1026 καὶ
1732 974 1926 1043 ψαύειν

362 1058 496 1121 ὅλως
549 1059 655 1112 τῶν
708 1062 766 1113 ὲν
797 1063 987 1133 κόσμῳ
1018 1066 1411 1135 ἀπηγόρευται,
1441 1068 1533 1118 καὶ
1575 1067 1672 1135 ζῆν
1706 1067 1841 1127 ὅλως
1868 1067 1925 1118 ὲν

360 1149 540 1201 ἀνέσει
563 1149 662 1202 οῦκ
682 1150 915 1219 ἐφεῖται.
955 1155 1145 1207 Καίτοι
1178 1156 1397 1218 καὶτοῖς
1422 1157 1476 1207 ἐν
1508 1154 1737 1226 συζυγίᾳ
1761 1171 1926 1224 προσ-

362 1240 529 1307 φωνεῖ
563 1240 802 1305 Παῦλος·
850 1262 869 1294 ‹
920 1244 977 1296 '0
1011 1246 1198 1314 καιρὸς
1246 1246 1672 1315 συνεσταλμένος
1716 1245 1775 1298 τὸ
1811 1244 1923 1297 λοι-

360 1332 459 1383 πόν
488 1333 658 1395 ἐστιν,
689 1333 776 1387 ἵνα
816 1334 911 1387 καὶ
935 1335 983 1388 oi
1005 1335 1221 1406 ἔχοντες
1256 1338 1540 1405 γυναῖκας,
1564 1337 1638 1401 ὡς
1668 1336 1741 1407 μὴ
1770 1336 1922 1405 ἕχον⁴

358 1441 447 1486 τες
474 1418 594 1485 ὦσι,
626 1426 719 1477 καὶ
772 1426 822 1478 oi
880 1427 1151 1495 χρώμενοι
1182 1428 1259 1497 τῷ
1295 1429 1482 1499 κόσμῳ
1527 1428 1717 1496 τούτῳ,
1747 1428 1822 1489 ὡς
1848 1426 1922 1497 μὴ

2040 531 2117 584 sic
2147 531 2342 583 atlatnr
2379 529 2581 586 Paulus
2619 548 2631 585 :
2666 549 2682 581 ι
2734 531 2966 598 Tempus
3001 531 3163 584 breve
3188 542 3307 583 est:
3345 532 3615 599 reliquum

2039 632 2142 683 est,
2174 634 2227 675 ιιι
2260 635 2314 677 et
2352 624 2441 687 qui
2488 623 2686 676 habent
2722 638 2939 686 uxores,
2975 633 3231 690 tanquam
3268 638 3372 675 non
3415 623 3617 676 baben-

2041 722 2121 767 tes
2155 714 2289 776 sint,
2321 725 2373 769 τι
2403 717 2495 784 qui
2531 726 2754 768 utuntur
2802 716 2900 767 hoc
2947 716 3165 777 mundo,
3200 725 3453 783 tanquam
3508 728 3614 768 non

2039 817 2263 859 utantur
2318 810 2379 861 ’³.
2426 826 2443 859 ι
2505 806 2657 873 Quod
2702 808 2972 861 diﬂieilins
3028 824 3127 876 ego
3180 805 3415 859 arbitror
3448 821 3610 873 quam

2036 913 2257 952 scrvare
2302 900 2689 965 virginitatem.
2742 899 2874 952 Nam
2918 898 3183 967 jejunium
3246 897 3457 950 facilius
3492 909 3615 950 esse

2036 1004 2196 1058 quam
2229 991 2333 1043 cibi
2381 1000 2643 1061 potusque
2684 992 3097 1060 temperantiam
3135 990 3289 1043 docet
3324 987 3609 1055 experien-

2034 1076 2133 1130 tia.
2179 1076 2381 1129 Forsan
2438 1078 2634 1147 aliquis
2680 1091 2824 1133 recte
2874 1088 2927 1133 et
2980 1093 3106 1132 vere
3155 1077 3374 1140 dixerit,
3404 1075 3450 1129 si
3486 1074 3609 1142 quis

2033 1166 2168 1221 nolit
2198 1167 2416 1229 salvari,
2439 1170 2642 1224 nullum
2671 1184 2769 1224 nos
2786 1171 2852 1223 ad
2886 1170 3030 1223 ltttnc
3056 1168 3255 1223 habere
3279 1180 3609 1230 sermonem,

2032 1258 2077 1310 si
2113 1258 2197 1311 cui
2232 1273 2357 1311 vero
2386 1274 2512 1313 cura
2550 1270 2632 1314 est
2675 1261 2741 1314 de
2778 1278 2874 1314 sua
2910 1262 3103 1324 saluto,
3128 1262 3263 1314 sciat
3292 1259 3376 1311 hic
3408 1265 3610 1311 statum

2032 1349 2359 1419 virginitatis
2388 1352 2653 1420 coojugali
2703 1353 2869 1406 multo
2913 1352 3186 1405 utiliorem
3220 1365 3344 1405 esse
3374 1358 3427 1404 et
3471 1348 3610 1405 faci-

2030 1436 2251 1497 liorem.

359 1505 798 1575 καταχρὼμενοι.
841 1522 860 1556 ι
897 1506 963 1558 '0
991 1503 1085 1558 τοῦ
1116 1504 1260 1558 κατὰ
1288 1503 1387 1576 τὴν
1420 1503 1731 1575 παρθενίαν
1761 1504 1971 1571 ἀγῶνος
2005 1503 2474 1575 δυσανυστότερον
2518 1505 2631 1572 ιγω
2653 1506 2883 1577 νομίζω.
2914 1508 3028 1560 Καὶ
3058 1509 3161 1573 τὴν
3188 1512 3440 1577 νηστείαν
3475 1515 3612 1578 γὰρ,

356 1603 453 1670 τῆς
484 1602 614 1672 περὶ
641 1601 853 1671 τρυφὴν
879 1602 974 1654 καὶ
997 1600 1159 1654 πόσιν
1182 1598 1532 1671 ἐγκρατείας,
1560 1596 1957 1667 εὐχερεστέραν
1978 1596 2256 1651 δείκνυσιν
2283 1597 2316 1667 ἡ
2343 1600 2532 1667 πεῖρα.
2565 1599 2672 1652 Καὶ
2692 1600 2825 1669 φαίη
2856 1600 2922 1654 ἄν
2946 1618 3027 1663 τις
3043 1601 3256 1669 δίκαια,
3288 1606 3379 1656 καὶ
3395 1602 3569 1673 amor,
3595 1620 3609 1632 ·

356 1692 427 1755 ὡς
471 1694 521 1745 εί
558 1694 656 1762 μὲν
691 1693 765 1763 μὴ
788 1694 965 1747 ἓλοιτό
999 1710 1084 1758 τις
1113 1691 1409 1761 σώζεσθαι,
1439 1693 1598 1761 λόγος
1631 1691 1768 1761 πρὸς
1791 1692 1955 1745 αὑτὸν
1987 1693 2117 1764 ἡμῖν
2146 1693 2343 1756 οὐδεῖ;.
2382 1694 2443 1746 Ei
2477 1694 2534 1746 δέ
2580 1710 2687 1745 τινι
2732 1695 2885 1763 μέλει
2917 1694 3018 1764 τῆς
3065 1694 3277 1758 οίκείας
3309 1698 3613 1760 σωτηρίας,

357 1788 511 1850 οὗτος
541 1788 675 1841 ἵστω
700 1789 792 1841 τὸν
826 1790 887 1842 ὲν
924 1788 1195 1859 παρθενίᾳ
1226 1789 1343 1859 βίον
1369 1769 1547 1856 πολλῷ
1577 1787 1673 1841 τοῦ
1709 1774 1937 1856 μιγάδος
1968 1789 2383 1857 ἀνυσιμώτερον
2414 1790 2541 1843 ὄντα
2567 1791 2661 1843 καὶ
2687 1790 3075 1857 ἀπονώτερον.’

435 1872 591 1925 nam
617 1875 789 1926 ταῦτα
818 1873 918 1941 μὲν
945 1873 1191 1942 ἀφῶμεν,
1234 1874 1409 1926 έκεῖνο
1433 1875 1487 1926 δὲ
1512 1874 1603 1926 ἐπὶ
1630 1873 1755 1927 νοῦν
1782 1872 1913 1927 λάόε

355 1979 469 2034 μοι,
497 1963 751 2035 παρθένε,
786 1964 971 2034 νύμφη
1011 1965 1269 2035 Χριστοῦ,
1306 1966 1488 2034 κλῆμα
1525 1966 1624 2034 τῆς
1665 1964 1911 2033 ἀμπέλου

350 2058 448 2124 τῆς
468 2054 634 2123 ζωῆς,
655 2055 791 2122 ὅπερ
811 2056 1065 2127 ἀνωτέρω
1084 2055 1318 2125 εἴρηται.
1345 2056 1480 2125 Φησὶ
1503 2056 1610 2125 γὰρ
1640 2055 1667 2106 δ
1686 2054 1907 2125 Κύριος.

358 2164 374 2196 t
423 2146 562 2212 Ἐγώ
588 2146 701 2215 είμι
727 2147 760 2215 ἡ
790 2145 1054 2215 ἄμπελος,
1090 2147 1247 2214 ὑμεῖς
1270 2146 1339 2200 τὰ
1365 2147 1639 2215 κλήματα,
1666 2145 1693 2196 ὁ
1720 2146 1912 2214 Πατήρ

350 2256 453 2308 μου
482 2242 510 2291 ὀ
536 2237 779 2309 γεωργός
806 2241 941 2293 ἐστι.
971 2240 1085 2293 Πᾶν
1115 2239 1297 2309 κλῆμα
1333 2242 1391 2293 ὲν
1434 2240 1556 2307 ἐμοὶ
1582 2237 1791 2308 καρπὸν
1817 2237 1909 2304 φέ-

350 2346 460 2399 ρον,
521 2329 775 2400 καθαίρει
828 2330 982 2394 αὐτὸ,
1031 2330 1120 2384 ἵνα
1177 2329 1395 2382 πλείονα
1441 2328 1653 2399 καρπὸν
1687 2328 1846 2398 φέρῃ.
1883 2346 1902 2379 ι

344 2424 553 2492 Δεῖγμα
572 2422 750 2475 τοίνυν
778 2422 929 2475 ποιοῦ
952 2422 1053 2491 τὴν
1086 2422 1213 2491 περὶ
1243 2421 1303 2473 σὲ
1337 2419 1537 2486 ταύτην
1566 2420 1906 2489 ἐπιμέλειαν,

343 2513 438 2566 τοῦ
494 2514 593 2581 τῆς
642 2512 937 2582 παρθενίας
992 2530 1086 2564 σου
1139 2510 1373 2581 καρποῦ,
1419 2512 1511 2563 καὶ
1553 2510 1645 2563 τοῦ
1689 2511 1824 2580 πρὸς
1849 2512 1907 2563 σὲ

343 2606 565 2674 φίλτρου
596 2606 688 2659 τοῦ
739 2605 995 2675 νυμφίου.
1030 2606 1139 2657 Καὶ
1170 2606 1325 2673 χαῖρε
1361 2604 1580 2672 μᾶλλον,
1613 2604 1708 2656 καὶ
1755 2604 1906 2655 ἀντι-

342 2698 625 2767 φιλοτιμοῦ
674 2697 772 2767 τὴν
820 2697 955 2767 πρὸς
994 2695 1155 2748 αὐτὸν
1182 2694 1507 2748 εὐπείθειαν.
1567 2694 1775 2756 ’Δλλως
1804 2710 1864 2746 τε
1889 2709 1902 2720 ·

341 2791 435 2842 καὶ
489 2788 686 2859 χρυσὸς
740 2788 837 2856 μὲν
880 2788 1109 2857 χαλκοῦν
1165 2804 1217 2839 τι
1276 2786 1550 2856 συμμιγὲς
1590 2785 1901 2855 δεξάμενος.

339 2879 591 2948 κίϐδηλος
640 2879 927 2931 καλεῖται’
992 2879 1189 2948 χαλκὸς
1239 2878 1295 2931 δὲ
1355 2877 1646 2947 περιτακὲν
1709 2876 1905 2945 ψῆγμα

337 2973 626 3043 δεξάμενος
647 2974 873 3043 χρυσοῦ,
896 2972 1274 3043 λαμπρότερος
1324 2972 1518 3025 ἑαυτοῦ
1543 2974 1788 3039 φανεῖται
1813 2973 1905 3023 καὶ

339 3064 713 3135 στιλπνότερος
736 3080 751 3095 ·
793 3063 933 3117 οὕτω
980 3064 1039 3116 σὲ
1072 3063 1175 3133 μὲν
1206 3064 1301 3116 καὶ
1346 3062 1411 3117 τὰ
1439 3062 1507 3115 σὰ
1550 3062 1736 3115 ποθεῖν
1764 3062 1905 3114 ὲκείο

339 3173 478 3219 ναις,
532 3150 577 3208 ὦ
629 3154 888 3224 παρθένε,
921 3155 1040 3215 ταῖς
1070 3154 1143 3223 μὴ
1186 3154 1495 3223 παρθένοις,
1531 3152 1687 3216 δόξω
1731 3155 1812 3206 σοὶ
1848 3154 1903 3206 δὲ

335 3248 558 3317 ἀτιμίαν
604 3247 756 3317 φέρει
796 3246 978 3298 ποθεῖν
1030 3245 1277 3308 ὲκείναςο
1333 3246 1655 3315 ἐπιστρέφει
1689 3246 1795 3313 γάρ
1841 3263 1897 3296 σε

336 3339 498 3392 πάλιν
530 3340 557 3391 ὁ
587 3338 750 3398 πόθος
778 3339 854 3399 είς
885 3337 977 3389 τὸν
1009 3337 1241 3406 κόσμον·
1301 3336 1457 3390 τοῦτο
1488 3337 1606 3406 μὲν,
1643 3337 1719 3399 ὡς
1767 3338 1903 3406 πρὸς

332 3429 460 3490 τοῦς
489 3429 546 3480 ὲν
570 3427 759 3496 κόσμῳ
793 3425 997 3489 ζῶντας
1028 3425 1210 3495 σχέσιν
1246 3425 1492 3493 ἔχουσαν,
1522 3426 1613 3477 καὶ
1652 3426 1899 3489 συζῶσαν

334 3518 564 3579 ἐκείνοις
614 3518 713 3585 τὴν
751 3515 830 3585 τῷ
882 3516 1071 3586 κόσμῳ
1117 3516 1420 3569 θανοῦσαν·
1473 3517 1632 3570 τοῦτο
1678 3517 1772 3580 δὲ,
1824 3518 1899 3579 ὡς

332 3610 614 3677 προσεῖναι
642 3606 849 3669 τούτοις
879 3606 1228 3675 βουλομένην,
1256 3606 1290 3659 ἃ
1315 3607 1405 3658 καὶ
1432 3606 1587 3659 αὐτοὶ
1641 3606 1896 3674 βούλοιντ’

331 3697 418 3763 ἂν,
462 3698 692 3758 ἑαυτοῖς,
730 3697 960 3760 καὶτοῖς
996 3697 1313 3764 συγγενέσιν
1358 3698 1563 3750 ἑαυτῶν
1588 3714 1599 3727 ·
1644 3698 1897 3766 εὐθηνίαν

332 3789 599 3842 παντοίων
618 3788 728 3841 τῶν
761 3788 900 3841 κατὰ
931 3789 1024 3841 τὸν
1077 3788 1209 3857 βίον,
1242 3787 1491 3850 πλοῦτον,
1518 3790 1890 3857 περιφάνειαν,

328 3881 507 3946 δόξαν,
542 3880 632 3932 καὶ
658 3880 755 3949 τὴν
784 3879 875 3931 ἐπὶ
895 3879 1104 3943 τούτοις
1135 3879 1426 3948 εὐθυμίανσ
1459 3881 1550 3931 καὶ
1588 3878 1729 3931 οὕτω
1758 3896 1893 3947 συμ-

328 3965 554 4036 ϐήσεταί
581 3983 685 4031 σοι,
715 3966 808 4019 τοῦ
840 3966 1179 4037 βουλήματος
1213 3967 1306 4020 τοῦ
1343 3968 1436 4021 σοῦ
1464 3969 1696 4039 νυμφίου
1727 3970 1892 4024 ἐκπε-

329 4056 461 4108 σεῖν.
487 4056 669 4109 Ταῦτα
700 4055 805 4124 γὰρ
833 4055 1011 4109 πάντα
1058 4056 1268 4125 τρανῶς
1314 4058 1517 4118 ἐκεῖνος
1552 4058 1609 4109 έν
1648 4058 1889 4124 Εὑαγγε-

325 4146 457 4208 λίοις
480 4143 775 4209 ταλανίξει,
805 4145 978 4212 λέγων
998 4162 1010 4175 ·
1047 4164 1065 4196 ι
1101 4146 1237 4198 Οὐαὶ
1259 4148 1308 4198 οἱ
1341 4146 1727 4209 πλουτοῦντεςί
1771 4150 1891 4201 οὐαὶ

324 4237 372 4288 oi
395 4237 658 4303 γελῶντες
684 4239 695 4289 l
729 4236 909 4289 οὐαὶοί
934 4237 1379 4306 ἐμπεπλησμένοι
1399 4238 1410 4289 !
1429 4236 1551 4288 οὐαὶ
1568 4238 1695 4290 ὅταν
1715 4239 1889 4300 καλῶς

324 4329 467 4398 ὑμᾶς
488 4331 684 4382 εῖπωσι
706 4330 907 4392 πάντες
954 4330 1003 4381 οἱ
1056 4328 1363 4397 ἄνθρωποιί
1396 4349 1416 4381 ι
1452 4330 1572 4392 Πῶς
1600 4330 1693 4383 οῦν
1725 4333 1888 4383 ταλα-

322 4420 457 4483 νίζει
490 4420 748 4486 τούτους;
781 4420 893 4489 Οὐχ
940 4420 1015 4482 ὡς
1054 4419 1152 4488 τὴν
1195 4419 1373 4490 ψυχὴν
1416 4422 1887 4491 νενεκρωμένους;

322 4509 415 4571 Τίς
463 4506 558 4563 οὖν
604 4512 673 4580 τῇ
720 4509 903 4579 νύμφῃ
932 4510 1030 4577 τῆς
1062 4508 1207 4576 ζωῆς
1254 4510 1541 4577 συγγένεια
1591 4512 1728 4581 πρὸς
1765 4512 1889 4573 τοὺς

322 4601 545 4669 νεκρούς
573 4620 587 4664 ;
618 4602 700 4663 τίς
730 4601 994 4668 συνάφεια
1023 4602 1134 4663 τοῖς
1180 4602 1278 4664 τὰς
1309 4602 1557 4663 ἐναντίας
1582 4602 1889 4671 βαδίζουσιν

321 4689 506 4756 ὀδούςς
542 4690 779 4742 Πλατεῖα
809 4689 916 4757 γὰρ
960 4690 1052 4743 καὶ
1103 4690 1433 4761 εὐρύχωρος,
1472 4691 1538 4743 δι’
1585 4687 1652 4761 ἦς
1693 4695 1890 4745 ἐκεῖνοι

321 4782 610 4851 φέρονται·
640 4781 743 4835 κᾶν
786 4783 861 4852 μὴ
921 4783 1421 4854 παρακατάσχωσιν
1473 4784 1719 4845 ἑαυτοὺς,
1781 4784 1891 4839 τῶν

320 4870 428 4923 σῶν
452 4887 503 4922 τι
539 4869 813 4939 μίξαντες,
844 4871 1199 4924 ἐκπεσοῦνται
1231 4872 1427 4933 τελέως
1464 4873 1542 4933 είς
1572 4871 1845 4925 ἀπώλειαν
1868 4885 1887 4903 ⁶

330 4965 394 5015 σὺ
420 4965 474 5017 δὲ
506 4964 593 5019 διὰ
634 4968 733 5036 τῆς
784 4970 973 5039 στενῆς
1022 4973 1114 5023 καὶ
1167 4971 1534 5042 τεθλιμμένης
1580 4974 1753 5043 πύλης
1803 4974 1898 5027 καί

325 5052 447 5106 ὀδοῦ
476 5055 609 5121 πρὸς
654 5057 751 5126 τὴν
800 5059 945 5128 ζωὴν
993 5061 1238 5131 εἰσέρχῃ.
1279 5062 1377 5114 Διὰ
1406 5062 1599 5130 στενῆς
1632 5062 1689 5114 δὲ
1728 5062 1900 5130 πύλης

327 5144 421 5194 καὶ
451 5144 589 5211 ὁδοῦ,
625 5148 723 5199 οὐκ
748 5148 911 5215 ὄγκον
950 5149 1129 5219 δόξης,
1169 5152 1266 5220 οὐχ
1312 5152 1504 5221 ἡδονῆς
1532 5151 1797 5219 διάχυσιν,
1838 5153 1899 5205 οὐ

331 5232 529 5299 φόρτον
570 5236 867 5305 χρημάτων
916 5240 1008 5292 καὶ
1065 5240 1361 5311 κτημάτων
1411 5240 1739 5310 ἀναθέμενος
1792 5260 1896 5303 τις,

327 5323 520 5378 διιέναι
572 5326 772 5381 δύναιτ’
825 5330 926 5385 ἄν·
982 5332 1118 5386 ἀλλὰ
1167 5333 1242 5404 μὴ
1292 5334 1554 5389 πλατεῖαν
1598 5334 1897 5397 ἀκούσασα,

328 5417 547 5486 ἐκείνην
569 5420 665 5491 τὴν
703 5422 821 5477 ὁδὸν
853 5423 947 5477 τοῦ
998 5424 1137 5495 βίου,
1181 5426 1382 5480 ἄλυπον
1414 5426 1576 5497 ἡγοῦο
1626 5428 1901 5495 πολυσυμ·

329 5511 618 5580 φ’ρωτάτη
680 5515 789 5585 γάρ
847 5517 961 5570 ἐστι
1022 5518 1115 5573 καὶ
1154 5519 1719 5589 βαρυσυμφορωτάτη.
1761 5521 1899 5571 Πλα-

397 5663 441 5689 "'
500 5662 515 5712 l
557 5664 680 5716 C'll".
724 5684 837 5733 vnt,
872 5667 962 5731 ΞΟ,
1014 5669 1101 5723 Si.
1181 5669 1227 5700 "
1261 5668 1418 5725 Joan.
1452 5669 1777 5735 “31,15-

1855 5673 1898 5702 ²⁷
1929 5671 1970 5725 ll
2001 5672 2125 5728 Cor.
2158 5689 2227 5735 γι,
2266 5676 2345 5728 li.

2120 1867 2225 1921 Sed
2271 1869 2386 1921 luce
2442 1873 2835 1938 relinquamus.
2884 1873 3012 1925 “iud
3049 1882 3228 1926 autem
3279 1878 3330 1928 in
3381 1884 3619 1929 mentem

2047 1956 2228 2029 inilge,
2252 1961 2400 2029 virgo
2429 1960 2631 2015 Christi
2662 1978 2883 2031 sponsa,
2917 1968 3060 2032 quod
3090 1980 3250 2034 supra
3282 1967 3484 2019 dictum
3509 1978 3616 2022 est.

2044 2050 2133 2105 Ait
2161 2054 2300 2105 enim
2333 2054 2594 2108 Dominus
2626 2070 2641 2110 ι
2671 2073 2689 2107 ι
2732 2056 2842 2125 Ego
2875 2071 2994 2110 sum
3029 2058 3175 2121 vitis,
3207 2071 3305 2109 vos
3344 2057 3613 2125 palmites,

2042 2149 2097 2193 ct
2165 2141 2329 2194 Pater
2364 2157 2518 2197 meus
2543 2145 2781 2212 agricola
2818 2156 2923 2199 cst.
2961 2144 3187 2199 Otnnezn
3246 2146 3523 2213 paitnitem
3552 2125 3612 2202 in

2040 2246 2130 2283 me
2185 2233 2444 2285 ferentem
2498 2234 2756 2298 fructum,
2790 2236 3043 2303 purgabit
3090 2252 3237 2297 eum,
3271 2244 3327 2288 ut
3377 2234 3609 2290 fructum

2038 2319 2159 2387 plus
2194 2320 2385 2376 adferat
2412 2322 2477 2378 ’⁸.
2529 2342 2547 2376 ι
2580 2324 2729 2379 tlanc
2768 2332 2834 2378 de
2866 2335 2915 2379 te
2948 2341 3134 2379 curam
3171 2326 3307 2378 habe
3342 2335 3396 2379 ut
3437 2329 3613 2393 speci-

2038 2426 2158 2464 men
2192 2411 2403 2466 fructus
2438 2424 2542 2467 tua:
2574 2415 2920 2486 virginitatis,
2942 2426 2993 2470 et
3018 2420 3199 2483 sponsi
3228 2432 3353 2485 ergt
3382 2427 3431 2471 te
3460 2435 3611 2471 amo.

2037 2504 2150 2569 ris;
2182 2514 2233 2559 et
2267 2509 2478 2561 exsulta
2543 2510 2732 2576 magis,
2756 2521 2804 2561 et
2837 2511 3071 2563 retribue
3099 2511 3150 2563 in
3180 2526 3301 2563 eunt
3332 2512 3612 2565 confiden-

2036 2593 2183 2648 tiam.
2226 2596 2384 2648 Aliud
2435 2598 2608 2650 dicam
2638 2615 2653 2654 ;
2687 2616 2878 2652 aurum
2922 2600 3139 2667 quidem
3173 2616 3277 2654 tere
3312 2602 3482 2653 ascito
3510 2604 3611 2654 nti-

2041 2695 2211 2750 stum,
2259 2688 2584 2742 adulterium
2666 2704 2933 2756 vocatur;
2975 2705 3048 2745 aes
3096 2706 3225 2744 vero
3278 2691 3607 2746 circumfusa

2029 2774 2225 2828 lamina
2266 2776 2625 2843 bracteatum,
2653 2782 2877 2834 nitidius
2924 2781 3104 2850 seipso
3150 2782 3619 2852 videturetiulgi~

2027 2866 2174 2920 dius.
2205 2868 2297 2922 Sic
2354 2878 2405 2922 te
2453 2871 2693 2939 quidem,
2725 2873 2897 2940 virgo,
2935 2884 2989 2928 et
3022 2882 3109 2926 ttta
3157 2875 3508 2941 desiderare;
3534 2876 3617 2929 iis‘

2026 2975 2146 3023 quae
2178 2975 2281 3013 non
2325 2972 2451 3014 sunt
2504 2963 2762 3031 virgines.
2794 2967 2965 3033 gloria
2999 2976 3085 3021 est
3117 2983 3130 3033 ;
3164 2970 3268 3021 itas
3300 2982 3429 3021 vero
3464 2969 3605 3021 desi-

2026 3052 2236 3115 derare,
2267 3052 2360 3106 tibi
2398 3054 2636 3110 dedecus
2659 3056 2815 3111 atl‘ert
2842 3074 2855 3111 ;
2887 3074 3008 3111 nam
3041 3069 3093 3113 te
3139 3060 3466 3113 desiderium
3519 3075 3603 3113 re-

1947 3144 1988 3199 C
2024 3144 2185 3196 traltit
2214 3147 2280 3197 ad
2336 3148 2620 3210 mundum,
2659 3158 2767 3202 tum
2808 3151 2933 3219 quia
2974 3162 3279 3221 respectum
3328 3152 3498 3208 babes
3533 3153 3598 3205 ad

2024 3234 2263 3290 viventes
2303 3238 2355 3291 in
2418 3242 2639 3305 mundo,
2665 3251 2718 3294 et
2751 3259 2873 3295 cum
2906 3243 2985 3297 eis
3034 3246 3190 3306 vivis,
3226 3246 3350 3299 licet
3401 3245 3603 3297 mundo

2019 3336 2270 3390 mortua;
2306 3337 2415 3380 tum
2450 3328 2573 3397 quia
2612 3332 2801 3384 eadem
2840 3332 2922 3387 eis
2953 3343 3129 3401 Optas,
3157 3349 3276 3402 qua:
3321 3335 3420 3403 irsi
3470 3335 3605 3390 sibi-

2026 3426 2135 3471 met
2190 3421 2410 3489 suisque
2447 3424 2691 3492 cognatis
2726 3435 2937 3492 optant,
2982 3441 3175 3495 nempe
3232 3427 3611 3481 omnimodanr

2020 3508 2140 3561 vitrc
2175 3514 2614 3578 prosperitatem,
2655 3515 2901 3575 divitias.
2948 3516 3228 3581 honorem,
3269 3517 3517 3585 gloriam.
3548 3528 3603 3571 et

2018 3599 2069 3650 in
2121 3599 2208 3654 his
2254 3602 2517 3669 laetitiam,
2549 3614 2601 3657 et
2661 3606 2739 3658 sic
2793 3606 2888 3659 tibi
2948 3608 3156 3660 accidet
3209 3618 3265 3661 ut
3324 3610 3609 3663 voluntate

2014 3694 2197 3754 sponsi
2231 3698 2469 3749 ῡιεὶιίειε.
2498 3696 2620 3751 Haec
2655 3700 2798 3751 cnim
2841 3700 3024 3752 omnia
3062 3700 3153 3753 ille
3218 3702 3271 3754 in
3308 3703 3609 3771 Evangelia

2015 3781 2162 3836 clare
2194 3783 2500 3849 infelicitat,
2535 3788 2723 3841 dicens
2757 3804 2772 3843 :
2809 3808 2827 3840 ι
2868 3788 2957 3842 Vae
2986 3792 3141 3845 vobis
3177 3791 3439 3847 divitibus
3472 3793 3485 3846 ι
3523 3808 3605 3847 va:

2018 3873 2175 3927 vobis
2211 3875 2300 3942 qui
2338 3878 2573 3932 videtis!
2614 3896 2690 3933 va:
2722 3879 2876 3933 vobis
2924 3882 3012 3949 qui
3058 3884 3283 3937 saturati
3317 3885 3451 3938 estis
3478 3886 3498 3939 ι·
3523 3900 3609 3937 va:

2015 3980 2135 4018 cont
2159 3965 2529 4023 benedixcrint
2550 3970 2701 4025 Vobis
2727 3986 2912 4026 omnes
2940 3973 3186 4027 homines
3211 3975 3223 4026 ί
3258 3993 3277 4025 ι
3307 3974 3593 4041 Quomodo

2017 4058 2177 4124 isitur
2230 4060 2326 4113 ltos
2380 4061 2509 4113 dicit
2563 4062 2853 4117 infelices?
2888 4062 3074 4119 Nonne
3117 4078 3372 4135 tanquam
3414 4068 3604 4121 animat

2015 4160 2257 4204 mortuos
2284 4151 2306 4203 ?
2334 4150 2463 4217 Qua:
2505 4153 2668 4221 igitur
2694 4170 2905 4221 sponsas
2941 4158 3286 4227 participatio
3325 4160 3446 4211 vim
3474 4175 3603 4211 cum

2015 4244 2246 4295 mortuis
2274 4243 2295 4293 ?
2330 4246 2431 4296 Aut
2472 4260 2593 4313 quae
2627 4248 2861 4300 societas
2895 4249 2961 4302 ad
3010 4253 3284 4303 contraria
3313 4250 3596 4303 ambulati-

2017 4340 2095 4384 tes
2115 4334 2195 4384 via
2227 4334 2315 4385 '7?
2351 4333 2481 4389 Nam
2514 4338 2619 4390 lata
2646 4348 2699 4390 et
2728 4342 2963 4406 spatiosa
2996 4341 3080 4395 via
3104 4353 3186 4395 est
3211 4341 3592 4410 ",[1uaince-

1938 4453 1987 4510 ο
2015 4426 2148 4477 dunt
2181 4440 2197 4491 ;
2230 4436 2283 4479 et
2319 4429 2421 4481 nisi
2482 4431 2670 4499 pedem
2704 4430 2926 4497 Sistant,
2961 4443 3017 4487 ct
3072 4434 3204 4502 quid
3250 4433 3316 4487 de
3358 4434 3465 4488 tuis
3491 4434 3601 4487 sibi

2016 4516 2641 4583 admisceant,incident
2696 4525 2939 4594 profecto
2993 4526 3043 4579 in
3100 4525 3481 4591 perditionem,
3539 4533 3600 4578 tu

2014 4620 2145 4662 vero
2178 4624 2272 4675 per
2304 4622 2586 4680 angustam
2641 4627 2852 4684 portam
2885 4626 2940 4670 et
2969 4625 3173 4671 arctam
3228 4618 3365 4671 viam
3421 4618 3601 4673 intras

2013 4699 2081 4751 ad
2126 4700 2314 4754 vitam.
2365 4700 2467 4756 Per
2520 4714 2803 4772 angustam
2865 4718 3043 4759 autem
3099 4715 3314 4774 portam
3365 4718 3419 4762 et
3454 4710 3598 4762 viam

2015 4804 2173 4845 nemo
2226 4803 2438 4847 tumens
2476 4794 2669 4863 gloria,
2702 4803 2794 4850 aut
2850 4798 3124 4867 voluptate
3182 4798 3448 4866 difﬂuens,
3500 4810 3595 4854 aut

2009 4896 2171 4949 opum
2235 4882 2657 4953 divitiarntnque
2706 4885 2883 4941 ferens
2922 4888 3338 4953 ouus,transire
3377 4904 3583 4959 posset.

2010 4971 2166 5036 Quod
2202 4981 2381 5026 autem
2419 4973 2526 5029 lata
2562 4976 2780 5031 dicatur
2826 4978 2928 5031 ista
2985 4980 3170 5035 mundi
3221 4982 3330 5047 via,
3360 4996 3468 5035 non
3510 4992 3593 5033 ta—

2010 5077 2131 5119 mon
2157 5078 2275 5117 eam
2308 5065 2427 5120 sine
2460 5066 2705 5124 molestia
2757 5084 2879 5125 esse
2932 5082 3149 5139 reputes
3175 5088 3195 5129 :
3223 5090 3351 5128 nam
3401 5078 3589 5130 multis

2004 5163 2060 5209 et
2107 5158 2364 5225 gravibus
2412 5159 2568 5229 plena
2631 5172 2714 5217 est
2753 5162 3177 5220 calamitatibus.
3212 5165 3316 5220 Sed
3371 5165 3477 5219 lata
3529 5174 3585 5220 et

2006 5250 2243 5319 spatiosa
2289 5260 2528 5317 vocatur,
2572 5254 2698 5319 quia
2752 5256 2905 5311 multi
2952 5266 3081 5312 sunt
3112 5257 3204 5325 qui
3247 5256 3451 5309 intrant
3488 5271 3584 5324 per

2005 5353 2149 5404 eam,
2178 5348 2230 5392 ct
2262 5342 2491 5410 quisque
2519 5343 2733 5401 illorum
2759 5345 2960 5416 ingenti
2995 5355 3223 5401 onustus
3248 5358 3329 5400 est
3359 5346 3578 5402 caducae

2005 5429 2247 5481 materia
2280 5445 2495 5484 acervo.
2536 5432 2646 5487 Tua
2680 5445 2883 5499 autem,
2918 5436 3088 5504 virgo,
3123 5435 3427 5488 arctissitua
3492 5444 3582 5491 est

2005 5515 2090 5569 via
2122 5533 2135 5568 :
2172 5533 2291 5569 nam
2325 5520 2461 5575 duos
2494 5522 2653 5576 simul
2695 5533 3041 5579 transeuntes
3076 5523 3217 5578 baud
3250 5521 3414 5591 capit.

2426 5678 2467 5705 ’τ
2509 5676 2694 5731 Matth.
2724 5696 2818 5743 vtt,
2870 5680 2954 5734 13.
