3962 6208
339 267 473 328 ιιιη

1595 251 1979 312 GREGORII
2027 251 2214 309 l‘;\l..\
2233 253 2274 306 .li

3475 227 3616 292 ιυδι

338 374 685 431 inuisibilem,
719 383 772 423 ct
827 371 928 422 hor
989 367 1476 424 mirabilissitnttm,
1512 365 1651 433 quod
1714 373 1859 415 tanta
1897 378 1923 411 e

2068 371 2142 440 :ijv
2177 371 2267 421 ἐπὶ
2312 367 2404 420 τοῦ
2442 367 2633 436 καιροῦ
2682 364 2877 433 φορὰν,
2916 364 2989 424 ὼς
3034 360 3396 431 ἀνεκλάλητὸν
3429 377 3486 411 τε
3523 363 3616 411 καί

337 469 565 521 twiulis
617 466 842 536 prodeat
877 461 1111 515 cellariis
1154 475 1332 530 seges.

409 560 485 615 lta
515 574 584 613 ne
614 559 664 611 in
703 555 906 610 divitiis
931 553 1144 620 quidem
1190 551 1442 605 homines
1493 548 1677 604 dciicit
1723 547 1926 602 amoris

353 669 516 722 opum
570 663 755 711 causa,
796 646 889 701 sed
925 654 1218 715 egestatem
1275 643 1490 707 timent,
1518 640 1924 710 promittentem

337 745 520 798 oiunia
549 744 700 796 hicre
717 739 1020 809 adjicienda
1050 736 1420 806 quaerentibus
1464 748 1686 806 regnum
1715 731 1808 786 Dei
1857 731 1923 796 ³⁹,

343 839 565 890 minime
598 833 901 895 credentes,
959 841 1014 885 et
1048 831 1147 884 has
1179 839 1385 882 tantum
1417 826 1748 882 restimantes
1795 824 1930 877 divi-

346 931 477 992 tius,
499 925 712 980 etiamsi
733 923 986 977 omnibus
1009 918 1411 979 circumﬂuant,
1440 917 1508 970 ab
1526 917 1626 970 ista
1652 913 1928 968 morbiﬁea

337 1031 396 1078 et
439 1016 642 1072 exitiali
703 1015 998 1084 cupiditate
1051 1025 1327 1079 nunquam
1388 1008 1718 1077 resipiscunt
1757 1048 1772 1068 ,
1836 1003 1929 1057 sed

345 1126 565 1179 semper
617 1115 1001 1177 eungerentes,
1037 1103 1138 1157 sibi
1178 1103 1464 1171 imponunt
1522 1114 1662 1155 onus
1719 1097 1928 1159 inntile,

342 1203 425 1256 vel
462 1201 642 1271 potius
697 1198 1051 1252 novissimum
1089 1195 1190 1249 sibi
1238 1195 1416 1248 adhuc
1469 1191 1608 1244 vivis
1664 1189 1930 1242 tumulum

350 1297 786 1361 circnmponunt.
847 1289 902 1344 ln
970 1304 1176 1342 meram
1217 1287 1361 1340 enim
1423 1293 1622 1340 terram
1684 1282 1934 1337 homines

347 1385 549 1441 mortui
578 1383 933 1443 infodiuntur,
955 1380 1008 1434 in
1046 1393 1206 1432 aurea
1255 1384 1435 1432 autem
1495 1377 1683 1438 humo,
1703 1373 1935 1426 viventis

347 1476 498 1530 avari
527 1475 760 1529 animus.
792 1471 858 1525 Et
886 1471 1107 1525 fetidum
1167 1477 1249 1524 est
1280 1469 1381 1522 hoc
1423 1467 1580 1522 istius
1626 1465 1933 1536 sepulcrum

347 1572 415 1624 iis
437 1568 526 1637 qui
553 1581 717 1620 sanos
746 1564 949 1619 habent
982 1577 1197 1625 sensus,
1246 1570 1298 1615 et
1332 1567 1484 1613 tanto
1513 1559 1702 1630 magis.
1731 1567 1937 1626 quanto

350 1663 473 1729 plus
501 1659 721 1727 adjiciet
761 1666 940 1711 terra.
975 1653 1222 1722 Namque
1253 1650 1580 1720 ingravescit
1606 1648 1935 1717 sepultorum

349 1754 564 1805 illorum
622 1746 914 1801 infelicium
953 1744 1128 1806 ulcus,
1163 1753 1218 1796 et
1271 1743 1392 1811 ejus
1445 1751 1606 1809 putor
1663 1754 1837 1805 usque
1869 1737 1934 1790 ad
1971 1709 2013 1766 Β

346 1841 545 1897 cmlum
573 1839 766 1902 fertur,
807 1845 861 1890 et
893 1837 957 1889 ad
1011 1833 1231 1902 angelos
1296 1833 1410 1893 Dei,
1441 1839 1496 1886 et
1531 1829 1597 1883 ad
1652 1828 1840 1881 Deum.
1875 1827 1941 1881 Et

349 1935 431 1990 sic
446 1931 804 1988 exsecrabiles
833 1927 979 1991 facti,
997 1939 1050 1982 ct
1074 1924 1492 1980 abominationis
1516 1935 1641 1976 vere
1667 1921 1940 1982 homines,

350 2032 701 2095 pntrnerunt,
731 2033 788 2076 ut
813 2020 1128 2074 Davidicuin
1154 2023 1364 2086 loquar,
1390 2031 1418 2069 a
1447 2014 1583 2070 facie
1615 2012 1942 2083 insipientia

349 2136 466 2172 suae
500 2118 568 2169 "°.

431 2210 652 2263 Libernt
681 2214 858 2261 autem
891 2202 1140 2258 homines
1171 2201 1240 2255 ab
1265 2202 1366 2256 hac
1388 2198 1554 2254 fetida
1581 2197 1944 2266 lethit‘eraque

354 2303 502 2364 tabe,
537 2300 708 2354 electa
739 2295 1047 2352 voluntarie
1076 2303 1130 2348 et
1163 2309 1270 2347 non
1320 2294 1388 2346 ad
1421 2291 1699 2346 hominum
1727 2290 1943 2343 laudem

359 2395 566 2461 inopia,
597 2393 778 2454 idest,
825 2386 1125 2458 spiritualis
1161 2395 1458 2456 paupertas
1487 2398 1648 2454 quam
1687 2381 1948 2436 Dominus

359 2487 572 2538 beatam
606 2479 940 2551 pra-dicavit.

434 2575 730 2630 Monachus
785 2571 921 2625 vitio
975 2570 1062 2624 illo
1123 2569 1395 2636 laborans,
1433 2583 1537 2622 non
1595 2575 1776 2635 potest
1827 2579 1950 2621 esse

369 2669 638 2720 subditus.
672 2665 728 2718 Si
786 2673 967 2718 autem
1001 2671 1313 2730 persoveret
1349 2661 1583 2714 maxima
1629 2673 1749 2712 eum
1785 2658 1951 2726 perti-

364 2759 538 2826 nacia,
568 2757 723 2812 Valde
772 2757 1065 2810 timendum
1113 2760 1197 2808 est
1232 2767 1302 2807 ne
1350 2751 1834 2808 irremcdiabilibns
1870 2748 1951 2805 vel

368 2849 613 2916 corporis
643 2845 843 2900 incidat
884 2845 1059 2899 malis.
1091 2841 1240 2898 Giezi
1267 2851 1322 2898 et
1353 2840 1544 2904 Judas,
1581 2856 1646 2894 ex
1687 2838 1869 2894 Veteri
1898 2846 1953 2893 et

369 2942 519 2995 Novo
547 2938 918 3002 Testamento,
955 2946 1078 3006 apta
1108 2944 1234 2991 sunt
1281 2935 1550 3002 exempla.
1585 2932 1751 2986 Alteri
1809 2929 1952 2982 enim

367 3032 633 3088 succurrit
687 3031 858 3098 lepra,
894 3029 1071 3097 imago
1126 3029 1324 3081 animre
1365 3026 1705 3086 insanabilis,
1737 3023 1872 3075 alter
1902 3023 1951 3072 in
1984 3047 2028 3108 C

372 3139 504 3196 agro
549 3122 854 3192 sanguinis,
883 3135 948 3174 ex
1011 3117 1202 3186 laqueo
1237 3119 1531 3181 detractus,
1564 3128 1801 3184 praeceps
1833 3128 1954 3166 cre-

371 3221 487 3290 puit
517 3218 747 3282 medius,
779 3223 832 3269 et
871 3211 1066 3269 diﬂusa
1090 3223 1219 3266 sunt
1253 3213 1460 3266 viscera
1487 3209 1604 3279 ejus
1634 3207 1701 3258 υ.

452 3497 558 3553 Sed
584 3496 630 3553 si
664 3503 956 3566 paupertas
975 3495 1242 3546 antecedit
1273 3487 1664 3546 obedientiam.
1684 3488 1956 3555 quomodo

379 3599 672 3663 prrecurret
721 3583 1065 3641 antecedenti
1116 3579 1497 3650 consequens?
1528 3579 1582 3632 Si
1635 3588 1818 3632 autem
1869 3575 1959 3632 iiia

379 3688 502 3739 vitae
541 3679 876 3750 monachica;
905 3688 986 3731 est
1010 3675 1151 3729 velut
1172 3673 1502 3726 elernentare
1522 3669 1789 3738 quoddam
1815 3667 1960 3736 prin-

379 3778 607 3847 cipium,
635 3772 908 3844 quomodo
930 3769 1162 3839 aliquam
1178 3768 1335 3820 alium
1362 3765 1627 3819 laetarum
1654 3762 1773 3814 vita:
1801 3760 1962 3827 hujus

383 3873 519 3924 bene
536 3867 781 3933 suil‘erat,
809 3864 899 3934 qui
920 3876 1024 3917 noti
1045 3860 1200 3931 prius
1223 3858 1424 3913 divitiis
1462 3848 1963 3910 abrenuntiaverit?

384 3963 523 4029 Qnid
556 3962 698 4016 enim
734 3960 757 4013 2
791 3957 953 4013 etiam
986 3957 1030 4011 si
1059 3954 1124 4008 ad
1151 3952 1514 4009 obedientiam
1550 3948 1637 4002 ille
1667 3947 1739 4001 sit
1771 3959 1963 4014 repro-

383 4059 508 4123 bus,
550 4064 793 4110 attamen
848 4050 1154 4119 requiescet
1213 4046 1361 4102 solns
1414 4044 1466 4097 in
1524 4042 1681 4106 cella,
1718 4051 1961 4093 seorsum

383 4150 672 4220 quiescens
703 4158 757 4201 et
808 4143 1042 4199 orationi
1091 4137 1347 4194 vacans?
1379 4137 1447 4190 At
1481 4151 1495 4190 :
1537 4152 1556 4186 ‹
1597 4132 1698 4188 Ubi
1733 4136 1817 4184 est
1845 4129 1966 4182 the-

385 4258 581 4296 saurus
617 4250 760 4301 tuus,
796 4237 873 4291 ait
903 4233 1191 4292 Dominus,
1236 4229 1309 4284 ibi
1333 4236 1417 4282 est
1449 4234 1503 4280 et
1533 4241 1629 4279 cor
1662 4233 1808 4276 luunt
1839 4220 1908 4274 δ’.
1943 4237 1961 4270 ι

386 4328 669 4394 Quomodo
703 4325 870 4394 igitur
900 4319 1211 4376 nientaliter
1258 4315 1558 4371 intuebitur
1586 4313 1865 4366 sedentem
1902 4311 1966 4363 ad

389 4421 666 4471 dexteram
706 4409 1001 4478 majestatis
1021 4409 1075 4462 in
1093 4407 1269 4471 ratiis,
1294 4406 1346 4458 in
1381 4413 1524 4458 terra
1555 4401 1973 4458 tbesatirizans?
2006 4405 2049 4460 ι)

388 4511 492 4562 Ant
520 4503 793 4578 quomodo
849 4517 1071 4572 regnum
1123 4497 1482 4558 haereditabit,
1515 4497 1656 4566 quod
1686 4510 1754 4550 ne
1785 4495 1973 4549 conci-

391 4615 521 4669 pere
553 4598 768 4666 quidem
798 4596 997 4650 mundo
1039 4594 1203 4650 corde
1233 4591 1414 4661 passio
1443 4586 1748 4659 permittit?
1770 4587 1834 4641 Et
1858 4588 1976 4656 qui-

388 4694 512 4745 dem
548 4701 769 4761 propter
803 4689 932 4744 illud
971 4703 988 4744 :
1029 4707 1048 4739 ι
1109 4686 1259 4741 Beati
1285 4699 1550 4754 pauperes
1581 4681 1802 4752 spiritu,
1832 4693 1973 4748 quo-

391 4785 538 4838 ttintn
574 4787 810 4853 ipsorum
835 4791 918 4838 est
952 4795 1174 4850 regnum
1199 4778 1482 4834 malorum.
1527 4795 1545 4828 ι

465 4875 629 4930 Vides
661 4890 823 4944 quam
866 4873 1061 4927 multas
1094 4885 1191 4941 per
1221 4883 1384 4924 unam
1441 4864 1832 4921 beatitudinem
1866 4861 1976 4914 cir-

393 4965 655 5020 enmcidit
686 4964 947 5020 Dominus
1013 4962 1318 5038 passiones.
1374 4959 1513 5024 Quin
1557 4957 1688 5014 imo,
1723 4967 1828 5007 non
1860 4950 1978 5004 illas

395 5060 798 5122 tantummodo,
843 5071 968 5111 cum
1034 5055 1338 5110 dixerimus
1385 5050 1698 5104 divitiarum
1737 5058 1978 5098 amorem

395 5167 517 5206 esse
540 5151 770 5220 primum
803 5163 984 5220 pravae
1001 5143 1461 5216 concupiscentize
1486 5141 1681 5193 ﬁliuni.
1713 5135 1807 5189 Est
1833 5134 1979 5188 enim

399 5247 526 5301 huic
562 5253 621 5299 et
653 5243 930 5300 secundus
970 5239 1266 5304 horridior,
1297 5245 1352 5290 et
1403 5234 1596 5288 tertius
1627 5231 1768 5284 haud
1803 5229 1983 5281 minus

400 5353 654 5408 nequam.

475 5431 609 5498 Quis
652 5439 731 5484 est
764 5427 932 5498 igitur
964 5423 1238 5479 secundus
1268 5422 1290 5475 ?
1326 5423 1491 5474 Amor
1527 5415 1753 5486 ,glmiziu
1820 5411 1986 5464 Nobis

401 5525 546 5576 enim
608 5517 1023 5591 proﬁcientibus
1087 5523 1251 5569 :etate
1313 5521 1369 5568 et
1426 5510 1603 5566 adhuc.
1667 5507 1984 5578 juvenibus,

479 5700 524 5733 ”
557 5698 746 5753 Matth.
797 5717 873 5768 Vt,
923 5700 1012 5756 5'5.
1091 5699 1134 5731 ⁸ο
1171 5695 1314 5754 Psal.
1351 5705 1556 5758 sxxvt',
1587 5689 1638 5744 6.

1719 5688 1758 5718 δ’
1796 5685 1917 5741 Aci.
1953 5696 1990 5751 l,
2037 5681 2115 5735 i8.

2048 463 2364 530 ἀνεννόητον
2385 477 2396 487 ·
2432 460 2525 511 καὶ
2548 459 2608 510 τὸ
2637 455 3088 526 παραδοξότατον,
3123 456 3246 507 ὅσον
3275 451 3341 505 ἂν
3367 451 3472 505 ἀπὸ
3499 469 3618 502 στε-

2048 554 2301 624 νωτέρων
2396 549 2636 619 ταμιείων
2668 549 2735 600 τὰ
2779 547 3101 615 σπέρματα·
3150 543 3323 606 οὕτως
3370 543 3486 595 οὑδὲ
3531 544 3616 593 ἐπ’

2049 645 2238 714 ἀγαθῷ
2265 647 2377 705 τοῖς
2418 642 2726 709 ἀνθρώποις
2752 639 3026 707 πρόφασις
3064 637 3302 704 ἐφέσεως
3324 633 3420 687 τοῦ
3452 637 3618 686 πλου-

2049 739 2160 789 τεῖν
2191 735 2602 788 ὑπολέλειπταιο
2640 731 2774 783 ἀλλὰ
2804 731 2900 799 τὴν
2941 730 3145 782 ἔνδειαν
3185 726 3514 798 ὑφορῶνται,
3541 725 3622 794 τῷ

2051 829 2382 899 προσθήσειν
2407 826 2772 894 ὑπεσχημένῳ
2791 824 2858 874 τὰ
2885 822 3011 893 τῇδε
3043 821 3237 882 πάντα,
3266 823 3375 882 τοῖς
3397 817 3624 890 ζητοῦσι

2051 921 2149 988 τὴν
2199 918 2292 971 τοῦ
2333 916 2468 969 Θεοῦ
2515 915 2824 984 βασιλείαν,
2867 911 2941 981 μὴ
2993 911 3210 969 πάντως
3249 908 3622 970 πιστεύοντες,

2052 1009 2146 1060 καὶ
2172 1006 2381 1076 ταύτην
2414 1007 2580 1074 μόνην
2602 1004 2812 1072 ἔχοντες
2835 1000 3112 1070 ἀφορμὴν,
3142 999 3242 1052 κᾶν
3264 999 3442 1052 πάντα
3472 1014 3626 1066 περι-

2053 1099 2378 1160 ϐάλλωνται,
2414 1098 2510 1166 τῆς
2533 1096 2762 1164 νοσερᾶς
2787 1095 2879 1146 καὶ
2908 1091 3290 1160 ἀπολουμένης
3325 1088 3626 1156 ἐπιθυμίας

2049 1190 2306 1244 οὐδέποτε
2339 1188 2697 1257 ἀναφέρουσιν
2719 1203 2732 1215 ·
2757 1185 2872 1239 ἀλλ’
2905 1185 2992 1238 ἀεὶ
3017 1183 3384 1250 συλλέγοντες,
3410 1181 3626 1240 ἑαυτοῖς

2052 1277 2369 1348 ἀνατιθέασι
2423 1276 2618 1346 φόρτον
2659 1275 2936 1343 ἀνόνητον,
2983 1271 3182 1342 μᾶλλον
3217 1269 3273 1324 δὲ
3303 1269 3628 1322 καινότατον

2053 1368 2134 1419 ἔτι
2166 1367 2301 1431 ζῶσι
2326 1366 2494 1434 τάφον
2528 1363 2888 1435 περιτιθέασι.
2931 1363 3009 1431 Τῇ
3043 1359 3144 1430 μὲν
3189 1359 3297 1431 γὰρ
3328 1357 3516 1420 ἁπλῶς
3555 1359 3624 1425 γῇ

2055 1459 2165 1509 τῶν
2195 1454 2496 1526 ἀνθρώπων
2527 1456 2574 1508 οἱ
2598 1452 2781 1522 νεκροὶ
2805 1451 3226 1519 κατορύττονται
3253 1463 3266 1476 ⁸
3297 1447 3376 1518 τῷ
3399 1447 3455 1499 δὲ
3484 1447 3628 1499 κατὰ

2056 1549 2257 1618 χρυσὸν
2285 1547 2388 1618 χοῖ,
2421 1549 2449 1598 6
2472 1545 2564 1599 τοῦ
2585 1545 2788 1607 ζῶντος
2817 1542 3156 1613 φιλαργύρου
3186 1541 3330 1603 νοῦς.
3368 1541 3477 1594 Καὶ
3504 1539 3629 1591 δυσ-

2053 1637 2350 1706 ωδέστερος
2389 1631 2541 1697 οὗτος
2561 1635 2590 1686 6
2617 1635 2784 1702 τάφος
2847 1635 3078 1695 ἐκείνου,
3114 1633 3224 1693 τοῖς
3255 1630 3420 1697 ὑγιῶς
3444 1629 3627 1698 έχουσι

2058 1728 2166 1781 τῶν
2209 1728 2547 1796 αἰσθήσεων·
2588 1727 2684 1777 καὶ
2727 1723 2984 1776 τοσοῦτον
3039 1723 3260 1791 μᾶλλον,
3308 1723 3432 1774 ὅσον
3465 1721 3629 1772 πλέον

2057 1819 2310 1888 ἐπιθήσει
2340 1820 2431 1870 τὸν
2464 1816 2610 1886 χοῦν.
2652 1817 2796 1886 Nix-:2.
2831 1816 2937 1884 γὰρ
2970 1815 3031 1868 τὸ
3055 1815 3163 1867 τῶν
3199 1812 3627 1881 κατακεχωσμέ-

2057 1929 2164 1963 νων
2200 1911 2423 1962 ἐκείνων
2455 1909 2656 1960 ἀθλίων
2697 1907 2852 1968 ἕλκος
2875 1922 2888 1936 ⁸
2922 1907 3014 1958 καὶ
3065 1907 3257 1974 μέχρις
3297 1903 3530 1972 οὐρανοῦ
3564 1903 3631 1954 τὰ

2059 1999 2157 2067 τῆς
2173 1999 2347 2067 ὀσμῆς
2367 1998 2614 2067 φέρεται,
2642 1997 2733 2050 καὶ
2757 1997 2863 2048 τῶν
2889 1995 3134 2061 ἀγγέλων
3166 1992 3322 2057 Θεοῦ,
3352 1995 3446 2045 καί
3470 1993 3628 2043 Θεοῦ.

2063 2089 2174 2142 Καὶ
2208 2089 2488 2158 βδελυκτοὶ
2519 2086 2690 2157 ταύτῃ
2724 2087 2988 2153 γίνονται,
3023 2084 3240 2152 καὶτῆς
3278 2083 3632 2153 ἀποστροφῆς

2059 2183 2229 2248 ὅντως
2257 2183 2554 2255 ἄνθρωποι,
2608 2181 2912 2244 Δαυῗτικῶς
2955 2181 3147 2242 εἰπεῖν,
3183 2178 3291 2230 ἀπὸ
3338 2179 3632 2246 προσώπου

2059 2277 2158 2344 τῆς
2182 2276 2493 2345 ἀφροσύνης
2524 2273 2702 2326 αὑτῶν
2720 2270 3170 2342 προσοζέσαντες.
3202 2268 3558 2322 Ἀπαλλάττει
3579 2269 3633 2318 δὲ

2060 2366 2188 2427 τοὺς
2216 2364 2557 2433 ἀνθρώπους,
2581 2362 2671 2415 τοῦ
2696 2360 2961 2423 δυσώδους
2984 2361 3079 2412 καὶ
3102 2357 3418 2428 νεκροποιοῦ
3445 2359 3636 2409 τούτου

2065 2456 2368 2524 πάθους,ὴ
2421 2456 2495 2523 μὴ
2548 2454 2685 2523 πρὸς
2737 2451 3258 2520 ἀνθρωπαρέσκειαν
3330 2448 3638 2508 ἐθελούσιος

2065 2545 2420 2614 ἀκτημοσύνη
2442 2562 2455 2575 ο
2475 2545 2667 2597 ταυτὸν
2689 2543 2732 2595 δ’
2752 2543 2926 2595 εἰπεῖν
2943 2543 2974 2609 ὴ
2994 2543 3050 2592 ὲν
3071 2539 3342 2608 πνεύματι
3371 2538 3635 2606 πτωχεία,

2065 2640 2130 2709 ἣν
2158 2641 2186 2692 6
2228 2638 2428 2706 Κύριος
2491 2635 2818 2706 ἐμακάρισε.
2873 2634 3120 2702 Μοναχὺν
3169 2633 3228 2684 τδ
3279 2631 3448 2692 πάθος
3489 2630 3637 2681 τοῦτ’

2064 2731 2254 2799 ἕλοντα
2295 2727 2635 2795 ὑποταγῆναι
2667 2725 2947 2778 ἀδύνατον.
2983 2726 3080 2775 Ἂν
3134 2724 3191 2776 δὲ
3224 2723 3514 2792 παραμένῃ
3543 2739 3640 2772 περ

2067 2835 2271 2892 ριεπων
2298 2821 2378 2872 ὅτι
2403 2819 2661 2888 μάλιστα,
2691 2817 2824 2869 πολὺ
2841 2817 2901 2867 τὸ
2921 2816 3056 2878 δέος,
3094 2814 3168 2884 μὴ
3200 2815 3292 2866 καὶ
3317 2814 3640 2881 ἀνηκέστοις

2068 2912 2209 2963 κατὰ
2241 2910 2401 2980 σῶμα
2435 2910 2708 2980 περιπέσῃ
2740 2911 2948 2968 κακοῖς.
2988 2907 3145 2974 Γιεζῆ
3174 2906 3267 2959 καὶ
3317 2904 3539 2966 Ἰούδας.
3574 2907 3641 2956 ὲκ

2071 3001 2311 3061 "alata;
2353 3001 2444 3052 καὶ
2485 2999 2628 3061 Νέας
2678 2999 2972 3067 Διαθήκης,
3031 2997 3190 3048 ἱκανὰ
3240 2996 3638 3063 ὑποδείγματα.

2069 3089 2157 3158 Τῷ
2188 3090 2286 3158 μὲν
2309 3091 2417 3158 γὰρ
2448 3090 2621 3156 λέπρα
2655 3087 2938 3157 ἐξήνθησε,
2972 3087 3167 3154 δεῖγμα
3198 3085 3297 3153 τῆς
3327 3085 3640 3152 ἀθεραπεύ-

2067 3198 2162 3232 του
2217 3179 2420 3250 ψυχῆς·
2457 3183 2483 3232 ὁ
2519 3179 2573 3230 δὲ
2621 3181 2678 3232 ὲν
2741 3177 2819 3246 τῷ
2859 3176 3044 3245 χωρίῳ
3111 3173 3202 3224 τοῦ
3264 3173 3530 3243 αἵματος,
3581 3173 3643 3238 ἐξ

2068 3274 2302 3344 ἀγχόνης
2364 3271 2654 3344 χωρισθεὶς
2710 3270 2812 3342 [ἐν
2862 3270 3002 3324 ἄλλο
3044 3269 3366 3339 norim].
3426 3269 3643 3337 πρηνὴς

2069 3366 2303 3436 ἐλάκησε
2339 3353 2521 3434 μέσος,
2559 3365 2652 3417 καὶ
2680 3363 2908 3432 ἐξεχύθη
2946 3362 3012 3414 τὰ
3043 3363 3321 3430 σπλάγχνα
3343 3361 3531 3414 αὑτοῦ.

2057 3489 2080 3503 .
2143 3455 2204 3506 ΕΞ
2234 3455 2344 3524 δὲή
2382 3454 2634 3523 ἁποταγὴ
2682 3455 3003 3522 προηγεῖται
3035 3453 3132 3520 τῆς
3184 3453 3487 3520 ὑποταγῆς,
3525 3449 3644 3510 πῶς

2071 3547 2224 3600 ἔσται
2255 3547 2361 3616 πρὸ
2384 3545 2477 3598 τοῦ
2513 3544 2816 3614 ἡγουμένου
2841 3544 2900 3595 τὸ
2924 3543 3214 3612 ἐπόμενονς
3245 3543 3305 3594 Ei
3334 3542 3393 3593 δὲ
3423 3544 3514 3594 καὶ
3538 3541 3646 3609 τῆς
3694 3556 3702 3562 ·

2073 3639 2215 3690 κατά
2243 3638 2505 3707 μοναχοὺς
2531 3636 2824 3697 πολιτείας,
2859 3629 2971 3686 οἷον
3006 3651 3088 3696 τις
3121 3632 3467 3702 στοιχειώδης
3500 3633 3648 3702 ἀρχὴ

2073 3731 2409 3800 καθέστηκεν
2441 3729 2603 3796 αὕτη,
2646 3728 2760 3790 πῶς
2789 3727 2854 3780 ἂν
2887 3726 3070 3796 ἕτερόν
3104 3744 3223 3778 τινα
3252 3725 3504 3794 διενέγκῃ
3544 3743 3647 3777 κα-

2072 3821 2178 3882 λῶς
2207 3821 2314 3873 τῶν
2347 3822 2467 3874 κατ’
2495 3820 2664 3888 αὐτὴν
2693 3817 2938 3886 ἀγώνιον,
2966 3821 2991 3870 ὁ
3019 3817 3093 3886 μὴ
3122 3819 3224 3886 χρή
3237 3835 3307 3884 μα
3319 3834 3400 3867 σιν
3436 3817 3651 3868 ἀποτα-

2076 3914 2305 3982 ξάμενος
2342 3913 2638 3984 πρότερον;
2668 3913 2732 3965 Τί
2768 3913 2895 3978 γὰρ,
2929 3912 2975 3961 εξ
3009 3911 3100 3961 καὶ
3149 3911 3280 3977 πρὸς
3315 3908 3594 3978 ὑποταγὴν
3620 3909 3651 3960 ὁ

2073 4004 2309 4066 τοιοῦτος
2354 4003 2648 4072 ἀδόκιμος,
2699 4001 2814 4054 ἀλλ’
2848 4001 3112 4070 ἠσυχάσει
3161 4000 3287 4053 καθ’
3343 3999 3537 4052 ἑαυτὸν
3566 3998 3641 4068 τᾷ

2075 4097 2291 4165 κελλίῳ,
2327 4096 2639 4164 καταμόνας
2673 4094 2966 4164 σχολάζων.
3004 4095 3097 4144 καὶ
3143 4094 3418 4163 προσευχῇ
3476 4102 3621 4162 προσ

2076 4185 2316 4253 ανέχων;
2349 4184 2541 4248 Ἀλλ’,ι
2584 4185 2755 4236 Ὅπου
2781 4186 2807 4235 ὁ
2836 4182 3107 4253 θησαυρός
3133 4198 3247 4242 σου,
3277 4183 3443 4250 φησιν
3477 4185 3505 4234 6
3537 4184 3638 4234 Κυ-

2080 4289 2212 4343 ριος,
2242 4274 2358 4325 ἐκεῖ
2377 4273 2469 4325 καὶ
2499 4272 2666 4335 ὁνοῦς
2698 4290 2812 4326 σου.
2846 4291 2864 4323 ι
2904 4273 3024 4336 Πῶς
3053 4268 3144 4324 οῦν
3176 4273 3374 4340 νοερῶς
3413 4273 3652 4324 ἀτενεσει

2079 4362 2213 4432 πρὸς
2250 4366 2340 4416 τὸν
2367 4365 2423 4417 ὲν
2449 4363 2596 4434 δεξιᾷ
2624 4364 2724 4433 τῆς
2755 4363 3141 4432 μεγαλωσύνης
3172 4363 3228 4414 ἐν
3258 4361 3483 4430 ὑψηλοῖς
3515 4363 3654 4414 x10-

2077 4457 2295 4526 ήμενον,
2322 4457 2413 4511 ἐπὶ
2473 4458 2576 4527 γῆς
2606 4455 2988 4526 θησαυρίζων;
3023 4456 3143 4516 Πῶς
3159 4455 3212 4506 δὲ
3243 4455 3654 4524 κληρονομήσει

2079 4547 2178 4617 τὴν
2213 4548 2514 4617 βασιλείαν,
2547 4547 2613 4618 ἢν
2637 4548 2745 4600 οὐδ’
2769 4549 2860 4600 ἐπὶ
2884 4546 3008 4599 νοῦν
3041 4546 3249 4610 λαὸεἰν,
3281 4545 3387 4598 ὑπὸ
3416 4545 3513 4598 τοῦ
3547 4548 3656 4599 πάι

2081 4638 2206 4702 θους
2229 4640 2485 4710 καθαρῶς
2509 4642 2900 4710 συγχωρεῖταις
2929 4639 3026 4692 Διά
3049 4639 3231 4690 τοῦτο’
3259 4657 3275 4687 ι
3300 4636 3582 4706 Μακάριοι
3599 4637 3655 4687 oi

2085 4735 2292 4802 πτωχοὶ
2313 4733 2390 4802 τῷ
2419 4733 2709 4802 πνεύματι,
2739 4733 2820 4784 ὅτι
2839 4729 3018 4784 αὑτῶν
3043 4731 3189 4781 ἐστιν
3211 4728 3244 4797 ἡ
3263 4726 3516 4796 βασιλεὶα
3546 4726 3659 4778 τῶν

2083 4829 2351 4898 οὐρανῶν.
2395 4847 2413 4880 ι

2161 4946 2322 5016 Ὁρᾷς
2355 4945 2456 4997 ὅσα
2487 4942 2554 4998 δι’
2585 4941 2701 5003 ἑνὸς
2741 4933 3091 5007 μακαρισμοῦ
3122 4930 3448 5003 περιέκοψεν
3475 4929 3504 4980 6
3530 4927 3652 4981 K'J-

2084 5054 2198 5108 ριος
2237 5037 2406 5104 παθη.
2465 5034 2628 5086 Ἀλλὰ
2661 5033 2768 5099 γὰρ
2826 5030 2887 5080 οὑ
2925 5024 3095 5079 ταῦτα
3148 5025 3329 5092 μόνον,
3380 5021 3507 5075 ἐπεὶ
3556 5020 3657 5071 καὶ

2083 5129 2299 5200 πρῶτον
2330 5128 2572 5193 γέννημα
2607 5125 2703 5190 τῆς
2735 5121 2974 5190 πονηρᾶς
3013 5115 3302 5184 ἐπιθυμίας
3331 5112 3433 5182 τὴν
3467 5111 3660 5177 ψιλοῦ-

2083 5221 2204 5274 λίαν
2230 5220 2549 5288 εἰρήκαμεν.
2574 5216 2728 5265 Ἔστι
2756 5214 2864 5281 γὰρ
2884 5211 3018 5278 αὑτῇ
3047 5209 3137 5260 καὶ
3153 5205 3404 5274 δεύτερον
3423 5202 3662 5272 φευκτό-

2085 5329 2264 5382 τερον,
2296 5311 2390 5366 καὶ
2429 5309 2634 5378 τρίτον,
2669 5311 2734 5376 τῇ
2773 5304 2941 5372 κακίᾳ
2973 5303 3073 5370 οὑχ
3098 5296 3278 5370 ἧττον.

2155 5406 2319 5459 -Ιιοῖον
2358 5404 2421 5470 δὴ
2447 5403 2508 5455 τὸ
2542 5400 2829 5468 δεὺτερονς
2893 5396 2957 5448 'H
3002 5391 3292 5462 φιλοδοξία.
3347 5386 3664 5458 Προϊούσης

2091 5498 2200 5567 γὰρ
2227 5499 2324 5567 τῆς
2360 5493 2592 5563 ἡλικίας,
2625 5491 2888 5561 πρότερον
2917 5487 3017 5557 τῆς
3051 5481 3409 5555 φιλοσαρκίας
3441 5478 3663 5546 ὑπαντᾷ

2193 5679 2238 5709 ⁵⁸³
2273 5673 2458 5730 Matth.
2512 5687 2582 5739 vi,
2625 5669 2714 5722 Eli.
