3962 6208
284 337 389 405 106
400 342 425 395 ζ)

1387 331 1485 390 DE
1524 325 1875 388 MENTALI
1921 322 2023 394 QU
2038 320 2441 385 lETUDINE.

3413 316 3552 382 1066

296 463 449 516 τουτὶ
478 461 539 515 τὸ
565 462 750 524 πάθος,
799 461 874 514 ἔτι
913 461 1050 522 νέοις
1081 458 1230 524 οὖσι,
1282 457 1532 528 καθάπερ
1581 455 1864 526 προοίμιον

1993 448 2101 494 mle
2135 453 2376 493 amorem
2408 435 2684 491 carnalem
2714 433 2958 505 subrepit
3011 433 3154 492 istud
3188 434 3398 501 vitium,
3439 449 3560 490 tan-

301 556 468 609 κακὸν
493 554 725 621 ἐκείνης.
757 551 1060 616 Φιλοδοξίας
1087 551 1142 603 δὲ
1170 546 1328 615 εἶδος,
1355 552 1529 604 ἐκεῖνο
1576 549 1719 615 λέγω
1745 547 1863 609 νῦν,

300 647 328 700 δ
358 646 495 717 πρὸς
524 645 940 713 καλλωπισμοὺς
976 643 1165 712 βλέπει
1200 641 1488 712 σωμάτων,
1519 641 1612 694 καὶ
1634 639 1864 692 πολυτε-

300 737 447 799 λείας
503 735 850 804 ἐνδυμάτων·
902 736 966 802 ἣν
1017 733 1112 786 καὶ
1159 733 1430 803 κοσμικὴν
1476 730 1779 796 κενοδοξίαν
1817 733 1864 783 οἰ

301 827 542 896 Πατέρες
569 825 806 894 λέγουσι.
835 826 906 877 Τὸ
932 826 1037 895 γὰρ
1058 825 1144 878 ’ἐτε
1155 841 1244 896 ρον
1266 820 1406 888 εἶδος
1427 829 1522 894 τῆς
1542 822 1864 888 κενοδοξίας,

301 922 410 982 τοῖς
434 920 602 990 ἀρετῇ
622 917 714 990 [ἐν
734 917 872 972 ἄλλ.
901 915 1124 988 ἀρετὴν]
1148 916 1514 984 διένεγκοῦσιν
1541 915 1864 977 ἐπιτίθεται,

304 1011 740 1078 συνεπαγόμενον
769 1009 944 1078 οἷησίν
967 1027 1025 1062 τε
1059 1010 1148 1062 καὶ
1175 1009 1483 1077 ὑπόκρισιν,
1510 1007 1576 1060 δι’
1600 999 1675 1060 ὧν
1706 1006 1868 1076 συλῆ-

303 1120 392 1156 σαι
440 1104 532 1154 καὶ
597 1100 951 1154 διασκεδάσαι
989 1099 1080 1153 τὸν
1139 1100 1510 1169 πνευματικὸν
1576 1097 1806 1151 πλοῦτον
1843 1100 1870 1149 ὁ

301 1194 494 1265 ἐχθρὸς
546 1187 876 1262 μηχανᾶται.
907 1193 1093 1245 Ταῦτα
1124 1191 1180 1244 δὲ
1212 1192 1409 1257 πάντα,
1449 1191 1659 1254 τελείας
1689 1189 1873 1256 τεύξε-
1949 1215 1964 1227 ο

302 1304 388 1338 ται
418 1288 518 1355 τῆς
554 1283 847 1353 θεραπείας
871 1284 1120 1352 αἰσθήσει
1150 1300 1209 1336 τε
1240 1284 1332 1337 καὶ
1364 1283 1514 1352 πόθῳ
1535 1283 1634 1349 τῆς
1668 1281 1870 1336 ἄνωθεν

301 1378 485 1448 τιμῆς,
513 1378 650 1446 μετὰ
678 1376 771 1429 τοῦ
793 1377 1010 1439 ἀνάξιον
1041 1377 1253 1446 ἐκείνης
1278 1378 1475 1448 ἑαυτὴν
1501 1375 1750 1448 ἡγεῖσθαι
1775 1374 1871 1447 τὴν

303 1469 574 1522 ποθοῦσαν
589 1486 603 1499 θ
623 1469 830 1538 καὶτῆς
861 1470 944 1520 ἐπ’
978 1469 1262 1539 ἀνθρώπιον
1283 1469 1557 1532 εὐτελείας
1581 1468 1870 1539 καρτερίᾳ,

307 1562 444 1632 μετά
471 1561 561 1615 τοῦ
598 1562 746 1626 ἄξιον
770 1562 938 1632 αὐτῆς
965 1561 1238 1632 ήγεῖσθαι.
1271 1564 1414 1632 Πρὸς
1445 1562 1522 1624 δὲ,
1547 1564 1639 1616 καὶ
1668 1562 1746 1631 τῷ
1775 1563 1872 1629 τῆς

301 1653 506 1714 οἰκείας
536 1653 716 1721 δόξης,
750 1654 1148 1722 προτιμοτέραν
1183 1655 1432 1725 ήγεϊσθαι
1476 1654 1572 1723 τὴν
1599 1655 1750 1718 δόξαν
1778 1653 1871 1706 τοῦ

301 1743 458 1810 Θεοῦ,
487 1745 627 1797 κατὰ
654 1745 746 1797 τὸν
777 1745 1004 1812 λέγοντα
1025 1762 1037 1775 ο
1071 1765 1086 1796 ι
1116 1745 1206 1814 Μὴ
1225 1747 1374 1814 ἡμῖν,
1410 1745 1601 1816 Κύριε,
1624 1745 1696 1816 μὴ
1719 1746 1870 1814 ήμῖν,

1973 549 2133 602 quam
2159 531 2360 586 malum
2387 529 2505 599 ejus
2541 527 2885 598 praeludium.
2923 527 3036 582 [loc
3064 527 3187 580 dico
3211 542 3354 580 nunc
3384 541 3556 595 genus

1969 628 2178 699 gloriae,
2207 623 2350 694 quod
2393 621 2856 692 pulchritudinem
2880 620 3193 674 considerat
3239 635 3555 690 corporum,

1976 729 2031 774 rt
2070 718 2303 772 vestium
2334 714 2834 784 sumptuositatem,
2865 722 2917 768 et
2953 713 3094 782 quod
3129 729 3322 767 vanam
3372 715 3556 768 nmndi

1971 809 2196 874 gloriam
2242 807 2430 860 Patres
2477 815 2824 876 nuncupant.
2873 805 3120 859 Alterum
3159 804 3336 858 inanis
3369 805 3554 872 gloria:

1972 917 2140 971 genus
2172 900 2376 954 virtute
2421 898 2755 954 excellentes
2791 898 2960 959 subit,
2996 896 3308 964 superbiam
3356 911 3551 964 sugge-

1975 1010 2098 1048 rens
2123 1003 2175 1048 et
2209 992 2566 1063 hypocrisitn,
2631 991 2829 1059 quibus
2862 990 3148 1056 subripere
3197 1003 3262 1041 ac
3293 986 3558 1055 dissipare

1973 1086 2285 1155 spirituales
2322 1085 2543 1138 divitias
2571 1083 2828 1137 inimicus
2861 1082 3227 1135 machinatur.

2048 1173 2171 1228 [huc
2199 1183 2377 1227 autem
2415 1174 2596 1226 omnia
2628 1171 2865 1240 perfecte
2919 1172 3158 1238 sanabit,
3190 1174 3282 1242 qui
3333 1174 3565 1234 a'stimat

1975 1277 2029 1324 et
2052 1267 2258 1336 appetit
2287 1265 2566 1320 ccelestem
2597 1265 2848 1333 gloriam,
2887 1279 2948 1319 ea
2981 1266 3145 1320 simul
3191 1283 3314 1322 cum
3345 1267 3563 1324 deside-

1975 1360 2059 1413 rio
2093 1375 2149 1413 se
2179 1359 2384 1414 habens
2425 1359 2734 1426 indignum,
2775 1367 2830 1410 et
2884 1358 3161 1412 hominum
3209 1359 3402 1414 suffert
3429 1374 3563 1413 con-

1978 1463 2266 1522 temptmn,
2293 1467 2357 1505 eo
2388 1451 2548 1504 simul
2576 1467 2635 1505 se
2657 1452 2874 1517 dignum
2899 1450 3239 1515 existimans,
3265 1462 3316 1506 et
3341 1454 3563 1520 insuper

1978 1545 2212 1617 prOprize
2244 1543 2428 1612 glorize
2481 1544 2746 1613 pra:ponit
2803 1542 3026 1613 gloriam
3071 1543 3185 1610 Dei,
3240 1546 3393 1612 juxta
3429 1545 3561 1598 illud

1977 1638 2281 1694 Psalmista:
2317 1650 2334 1692 :
2371 1653 2388 1686 ι
2429 1636 2548 1689 Non
2581 1636 2758 1702 nobis,
2799 1634 3048 1701 Domine,
3106 1651 3212 1690 non
3264 1637 3440 1700 nobis,
3475 1641 3567 1690 scd

1981 1730 2189 1785 nomini
2229 1738 2317 1783 tuo
2344 1728 2412 1782 da
2445 1727 2672 1796 gloriam
2707 1726 2777 1779 ⁵³.
2840 1745 2859 1778 ι
2903 1727 2968 1780 Et
2999 1726 3046 1780 si
3100 1727 3256 1795 cujus
3281 1726 3568 1781 laudabilis

301 1835 418 1890 ἀλλ’
501 1837 579 1907 τῷ
605 1837 829 1904 ὀνόματί
851 1800 948 1890 σου
975 1837 1062 1900 δὸς
1081 1800 1276 1904 δόξανέ⁸
1295 1859 1311 1888 ι
1352 1800 1469 1892 Κᾶν
1500 1800 1554 1892 τι
1583 1800 1873 1892 ἑπαιεί

1993 1821 2212 1877 ιοιίοιιίε
2233 1820 2338 1874 sibi
2367 1829 2454 1875 est
2483 1819 2757 1884 conscius,
2788 1819 2892 1874 scit
2917 1817 3079 1874 Deum
3105 1834 3223 1872 esse
3254 1817 3563 1872 habendum

303 1925 474 1980 νετῶν
497 1927 916 1998 ἐξειργασμένον
933 1924 1070 1981 οἶδεν
1097 1929 1305 1992 ἑαυτὸν,
1331 1927 1408 1999 τῷ
1425 1929 1544 2000 Θεῷ
1564 1929 1873 1997 λογίζεσθαι

303 2020 404 2090 τὴν
430 2020 608 2072 αἰτίαν
636 2018 730 2072 τοῦ
765 2020 1188 2090 κατορθώματος
1206 2062 1222 2086 ,
1245 2022 1337 2074 καὶ
1357 2022 1530 2092 τούτῳ
1559 2023 1756 2092 χρῆναι
1779 2022 1875 2074 καὶ

307 2113 440 2182 ὑπὲρ
461 2111 651 2164 τούτου
675 2113 832 2178 δόξαν
858 2113 1215 2182 εὐγνωμόνως
1243 2114 1608 2184 ἀναπέμπειν,
1638 2115 1752 2166 ἀλλ’
1775 2115 1874 2184 οὐχ

304 2201 503 2272 ἑαυτῷ.
531 2202 686 2256 Οὐτω
724 2203 831 2274 γὰρ
860 2205 1110 2273 χαιρήσει
1145 2205 1242 2275 μὲν
1266 2207 1341 2269 ὼς
1369 2205 1539 2277 δῶρον
1566 2205 1745 2260 λαϐὼν
1774 2206 1872 2277 τήν

303 2295 535 2364 ἀρετήν·
558 2295 658 2348 οὐκ
685 2295 1057 2366 ἐπαρθήσεται
1081 2295 1154 2360 δὲ,
1178 2296 1250 2359 ὠς
1268 2296 1478 2350 οίκοθεν
1512 2297 1678 2367 μηδὲν
1701 2297 1866 2366 ἔχων·

305 2385 441 2439 ἀλλὰ
473 2386 566 2438 καὶ
598 2387 1090 2456 ταπεινωθήσεται,
1134 2389 1261 2452 τοὺς
1286 2388 1596 2459 ὀφθαλμοὺς
1626 2389 1723 2459 τῆς
1755 2389 1872 2443 δια-

305 2475 451 2538 νοίας
489 2476 627 2545 ἔχων
656 2476 747 2528 ἐπὶ
767 2475 858 2528 τὸν
881 2476 1011 2528 Θεὸν
1042 2477 1250 2550 ἡμέρας
1277 2479 1370 2530 καὶ
1399 2478 1613 2540 νυκτὸς,
1645 2479 1720 2541 ὡς
1749 2480 1876 2541 τοὺς

304 2567 622 2636 ὀφθαλμοὺς
651 2567 936 2636 παιδίσκη,
966 2567 1254 2639 ψαλμικῶς
1279 2572 1476 2634 εἰπεῖν,
1514 2571 1606 2624 ἐπὶ
1632 2571 1730 2634 τὰς
1760 2574 1875 2641 χεῖ-

308 2676 408 2730 ρας
460 2658 562 2726 τῆς
613 2658 808 2726 κυρίας
869 2658 1074 2728 αὐτῆς·
1118 2661 1305 2724 δεδιὼς
1337 2661 1412 2732 μὴ
1443 2660 1538 2714 τοῦ
1591 2661 1751 2732 μόνου
1786 2664 1880 2717 καί¹

305 2749 484 2812 δόντος
516 2749 610 2802 καί⁸
633 2749 947 2819 συνέχοντος
970 2753 1027 2804 ὲν
1051 2751 1129 2821 τῷ
1154 2753 1303 2824 καλῷ
1325 2752 1679 2823 διαζευχθεὶς,
1717 2756 1796 2816 εἰς
1821 2749 1881 2807 τὸ

305 2843 402 2910 τῆς
421 2842 617 2904 κακίας
651 2841 924 2913 βάραθρον
960 2844 1281 2915 κατενεχθῇ.
1316 2844 1488 2898 Τοῦτο
1520 2846 1626 2917 γὰρ
1683 2849 1881 2917 πάσχει

307 2935 334 2984 ὁ
362 2935 539 3004 οἰήσει
575 2933 841 2987 δουλεύων
871 2934 966 2987 καὶ
1004 2935 1302 3006 κενοδοξία.
1355 2937 1619 3006 Συνεργεῖ
1657 2936 1713 2990 δὲ
1746 2937 1878 3006 πρὸς

306 3024 406 3094 τὴν
432 3025 636 3079 τούτων
656 3014 798 3080 ἴασιν
822 3028 1185 3099 διαφερόντως
1206 3031 1296 3082 καὶ
1319 3031 1352 3100 ή
1379 3030 1726 3101 ἀναχώρησις
1743 3046 1757 3058 ⁸
1788 3029 1881 3083 καὶ

307 3117 370 3170 τὸ
400 3118 712 3187 καταμόνας
752 3121 1156 3181 πολιτεύεσθαι,
1199 3122 1294 3176 καὶ
1327 3124 1393 3193 τῇ
1427 3122 1593 3193 κέλλῃ
1621 3124 1879 3192 παραμέ-

309 3223 454 3259 νειν·
519 3207 900 3277 ὲπῃσθημένον
962 3211 1144 3280 μέντοι
1195 3213 1292 3280 τῆς
1357 3188 1730 3283 προαιρέσεως
1781 3188 1880 3276 τὴν
1911 3188 1957 3247 C

308 3298 514 3351 οἰκείαν
536 3299 841 3367 ἀσθένειαν,
871 3302 966 3354 καὶ
985 3303 1084 3372 οὐχ
1114 3304 1292 3355 ἰκανὸν
1312 3304 1658 3373 λογιζόμενον
1688 3305 1880 3357 ἑαυτὸν

311 3391 810 3460 συναναμίγνυσθαι
839 3394 1169 3464 ἀνθρώποις.
1194 3396 1377 3448 Ταῦτα
1400 3396 1452 3449 δὲ
1479 3397 1530 3449 τι
1552 3396 1677 3450 ἄλλο
1705 3395 1877 3459 ἐστὶν,

307 3483 340 3550 ἦ
372 3484 405 3551 ἡ
438 3483 494 3534 ὲν
522 3481 792 3551 πνεύματι
832 3485 1096 3553 πτωχεία,
1129 3485 1195 3553 ἥν
1224 3485 1251 3535 ὁ
1277 3485 1480 3555 Κύριος
1509 3485 1877 3555 ὲμακάρισεν,

309 3576 407 3626 Ἀν
433 3574 490 3626 δέ
517 3591 597 3634 τις
629 3575 722 3626 ἐπὶ
755 3574 876 3627 νοῦν
920 3575 1059 3646 λάϐῃ
1099 3576 1194 3629 καὶ
1223 3577 1288 3628 τὰ
1319 3577 1601 3644 πεφυκότα
1654 3579 1884 3649 προσγί-⁸

308 3664 496 3718 νεσθαι
533 3665 660 3734 παρ’
709 3664 875 3717 αὐτοῦ
901 3664 995 3718 τοῦ
1025 3666 1235 3729 πάθους
1266 3655 1454 3736 αίσχτῖ,
1491 3667 1748 3736 φεύξεται
1783 3669 1882 3738 τὴν

307 3754 615 3819 κενοδοξίαν
729 3738 1010 3826 δυνάμεως
1048 3757 1185 3827 ἔχει.
1240 3751 1577 3827 Ποθῶν⁶γὰρ
1625 3759 1724 3826 τὴν
1752 3749 1880 3828 παρ’

304 3845 612 3914 ἀνθρώπων
641 3845 818 3911 δόξαν,
846 3845 905 3910 ἐξ
933 3847 1114 3900 αὐτῶν
1152 3847 1264 3900 τῶν
1306 3847 1446 3918 ὑπὲρ
1477 3848 1648 3916 αὐτῆς
1682 3846 1878 3917 ἔργων,

305 3936 497 4008 ἀδοξίᾳ
527 3939 935 4008 περιτυγχάνει.
965 3939 1138 4010 Ὥρας
1162 3938 1272 4008 γὰρ
1307 3939 1758 4008 ἐπιμελούμενος,
1787 3940 1883 3992 καὶ

309 4029 456 4100 μέγα
486 4029 700 4100 φρονῶν
725 4031 815 4082 ἐπὶ
845 4031 1128 4099 προγόνων
1158 4030 1404 4100 εὐκλείᾳ,
1427 4031 1521 4083 καὶ
1547 4029 1633 4082 ἐπ’
1659 4030 1883 4100 εὐχροίᾳ

308 4117 697 4187 περιϐολαίων,
756 4117 849 4170 καὶ
911 4116 1174 4180 τοιούτοις
1225 4117 1407 4180 ἄλλοις
1460 4118 1878 4188 σεμνυνόμενος,

304 4209 465 4278 δῆλον
503 4208 692 4261 ἑαυτὸν
720 4210 884 4271 ποιεῖ,
913 4207 1216 4276 νηπιώδους
1244 4208 1321 4261 ἔτι
1355 4210 1700 4279 φρονήματος
1734 4211 1885 4262 ἐπειρ-

307 4300 608 4370 λημμένον.
644 4300 754 4354 Καὶ
804 4299 912 4368 γὰρ
946 4299 1100 4352 ταῦθ’
1131 4300 1266 4370 ὁμοῦ
1299 4302 1500 4364 πάντα,
1540 4299 1669 4370 χοῦς
1694 4316 1709 4330 ο
1741 4301 1794 4354 τί
1824 4301 1881 4355 δὲ

308 4393 434 4462 χοὸς
481 4391 834 4462 ἁτιμότερονς
870 4391 994 4460 ἡδὲ
1037 4393 1111 4460 μὴ
1160 4394 1293 4460 πρὸς
1355 4392 1647 4462 σκέπην,ἢ
1686 4392 1882 4461 οὰλψιν

1981 1926 2036 1968 ut
2063 1921 2342 1967 auctorem
2384 1910 2510 1965 boni
2553 1911 2716 1980 hujus
2750 1911 2954 1980 operis,
2985 1918 3039 1965 et
3079 1913 3145 1965 de
3201 1912 3302 1965 buc
3336 1911 3410 1963 illi
3449 1911 3566 1978 glo-

1982 2005 2118 2059 riam
2148 2004 2367 2067 merito,
2411 2017 2521 2057 non
2559 2003 2663 2057 sibi
2728 2003 3134 2057 vindicandum.
3174 2002 3266 2056 Sic
3301 2003 3570 2056 lzctabitur

1982 2096 2124 2167 quod
2175 2097 2431 2150 virtutem
2488 2094 2634 2149 d0no
2665 2096 2958 2162 acceperit,
3015 2093 3108 2147 sed
3150 2109 3258 2148 non
3313 2092 3570 2148 eﬂ‘eretm-

1981 2207 2104 2246 cum
2137 2205 2168 2245 a
2200 2205 2262 2246 se
2295 2189 2430 2243 nihil
2484 2188 2707 2253 haheat,
2761 2189 2871 2241 imo
2928 2187 3326 2249 bumiliabitur,
3381 2185 3570 2240 oculos

1984 2283 2185 2339 tuentis
2208 2283 2274 2336 ad
2299 2282 2468 2336 Deum
2504 2279 2693 2334 levans
2725 2279 2812 2333 die
2847 2293 2912 2332 ac
2971 2287 3152 2344 nocte,
3183 2279 3325 2334 sicut
3378 2279 3568 2333 ocuIOs

1985 2373 2220 2437 ancillae,
2262 2375 2340 2426 ait
2366 2369 2676 2438 psalmista,
2707 2372 2758 2424 in
2791 2370 3040 2424 manibus
3072 2370 3303 2424 dominae
3333 2383 3448 2424 suae
3501 2368 3569 2433 "‘,

1984 2467 2111 2538 quia
2148 2467 2304 2521 timet
2351 2479 2442 2530 ne,
2473 2479 2502 2518 a
2535 2463 2654 2518 solo
2685 2465 2874 2518 dature
2905 2475 2960 2517 et
2996 2475 3382 2518 conservatore
3441 2463 3565 2516 boni

1985 2568 2292 2629 separatus,
2327 2557 2380 2610 in
2424 2557 2552 2610 mali
2608 2557 2868 2627 abyssum
2927 2557 3284 2632 detrudﬁur:
3346 2557 3490 2626 quod
3521 2557 3568 2609 ei

1986 2653 2188 2708 accidit
2221 2652 2317 2722 qui
2345 2649 2616 2720 superbiae
2648 2650 2876 2705 inservit
2912 2659 2962 2706 et
3001 2651 3148 2704 inani
3180 2649 3390 2720 gloriaa.

2058 2744 2138 2799 Ad
2175 2743 2297 2800 illas
2353 2744 2639 2812 passiones
2693 2743 2968 2797 sanandas
3028 2741 3246 2797 confert
3299 2742 3465 2796 etiam
3519 2757 3574 2795 et

1989 2836 2123 2891 utile
2145 2847 2228 2891 est
2260 2835 2492 2890 scorsim
2528 2835 2799 2901 secedere,
2837 2845 2892 2890 et
2927 2835 2981 2888 in
3040 2834 3332 2890 solitudine
3367 2834 3571 2893 vivere,

1989 2927 2123 2982 etin
2168 2927 2300 2982 cella
2338 2941 2680 2996 permanere,
2741 2927 3032 2982 sentiendo
3090 2936 3272 2982 tamen
3333 2928 3569 2997 propria:

1990 3019 2287 3073 voluntatis
2321 3018 2712 3083 infirmitatem,
2768 3031 2936 3087 seque
2959 3017 3238 3087 indignum
3269 3019 3575 3086 reputando

1991 3112 2407 3170 conversatione
2439 3109 2744 3165 hominum.
2776 3109 2890 3166 Hoc
2922 3119 3104 3164 autem
3154 3111 3284 3180 quid
3311 3111 3460 3164 aliud
3489 3120 3576 3166 est

1989 3220 2152 3277 quam
2185 3204 2488 3275 spiritualis
2517 3213 2832 3275 paupertas,
2867 3218 3028 3272 quam
3063 3200 3328 3258 Dominus
3359 3202 3572 3257 beatam

1991 3301 2128 3357 dixit
2155 3299 2176 3352 ?
3257 3287 3263 3292 ’

2062 3390 2282 3460 Siquis
2333 3401 2516 3442 autem
2575 3396 2757 3442 mente
2811 3387 3086 3458 concipiat
3139 3386 3462 3460 profluentia
3509 3403 3575 3442 cx

1991 3485 2104 3552 ipsa
2128 3484 2380 3553 passione
2415 3481 2710 3546 dedecora,
2773 3495 2963 3534 vanam
3013 3459 3240 3550 gloriam
3280 3483 3406 3537 totis
3442 3483 3578 3536 viri-

1993 3576 2098 3630 bus
2128 3575 2312 3644 fugiet.
2343 3573 2476 3628 Nam
2504 3588 2758 3642 quarens
2785 3572 3066 3628 hominum
3091 3573 3573 3638 existimationem,

1991 3682 2059 3720 ex
2094 3667 2224 3735 ipsis
2245 3666 2501 3735 operibus
2523 3663 2590 3718 ad
2615 3679 2735 3719 eam
2765 3666 2996 3719 intentis
3019 3664 3170 3718 ducit
3191 3665 3570 3734 ignominiam.

1990 3757 2269 3828 Siquidem
2296 3758 2361 3812 de
2388 3757 2791 3825 pulchritudine
2818 3772 3039 3824 curans,
3069 3767 3123 3812 et
3150 3759 3474 3827 superbiens
3506 3763 3572 3813 de

1990 3865 2318 3924 proavorum
2351 3851 2651 3916 nobilitate,
2685 3866 2751 3905 ac
2801 3852 2868 3906 de
2899 3850 3124 3922 fulgidis
3162 3851 3399 3907 vestium
3429 3851 3577 3906 colo-

1991 3945 2166 4011 ribus,
2192 3954 2246 3998 ct
2278 3945 2345 3998 de
2378 3943 2500 3998 aliis
2562 3943 2876 4014 hujusmodi
2904 3944 3184 4012 glorians;
3250 3944 3490 4000 ostendit
3519 3961 3578 3999 se

1994 4039 2188 4109 puerili
2239 4038 2417 4092 adhuc
2450 4037 2648 4107 spiritu
2712 4035 3224 4092 inllatum.Etenim
3283 4039 3398 4093 hac
3451 4041 3577 4092 uni-

1991 4147 2147 4186 versa
2175 4131 2352 4201 pulvis
2383 4140 2533 4191 sunt,
2566 4131 2694 4199 quid
2720 4140 2906 4184 autem
2939 4131 3164 4200 pulvere
3215 4131 3418 4187 vilius?
3447 4131 3579 4198 Qua:

1992 4239 2158 4295 porro
2213 4238 2320 4277 non
2355 4222 2421 4276 ad
2452 4222 2739 4291 tegendum
2785 4221 2867 4275 vel
2902 4221 3330 4276 calefaciendum
3382 4237 3584 4290 corpus

1992 4317 2332 4370 vestimentis
2363 4313 2555 4380 utitur,
2586 4315 2680 4367 sed
2708 4311 2775 4367 ad
2833 4313 3112 4368 mollitiem
3147 4325 3212 4372 et.
3233 4315 3580 4383 splendorem

1995 4408 2232 4471 advolat,
2258 4421 2363 4461 non
2401 4405 2578 4460 solum
2627 4405 2974 4461 sterilitatem
3007 4407 3204 4462 auium
3253 4422 3366 4462 suae
3394 4408 3582 4461 viden-

308 4483 567 4554 χρωμένη
597 4485 663 4551 τῇ
701 4482 958 4552 περιϐολῇ
993 4481 1088 4535 τοῦ
1124 4481 1392 4550 σώματος,
1415 4465 1544 4536 Ἀλλ’
1571 4485 1876 4556 ἐπτοημένη

1997 4501 2141 4556 tibus
2171 4501 2482 4566 annuntiat,
2515 4500 2608 4554 sed
2638 4508 2897 4568 prxterea
2930 4501 3272 4581 meretricum
3294 4499 3580 4570 impuden-

307 4577 450 4646 πρὸς
491 4574 874 4645 μαλακότητας
907 4591 966 4626 τε
1016 4574 1110 4627 καὶ
1151 4576 1573 4645 στιλπνότητας,
1623 4577 1683 4628 οὐ
1718 4578 1881 4646 μόνον

307 4666 411 4734 τὴν
449 4663 728 4734 ἀκαρπίαν
753 4665 851 4734 τῆς
878 4664 1086 4736 οἰκείας
1112 4664 1312 4735 ψυχῆς,
1338 4669 1450 4728 τοῖς
1478 4666 1644 4733 ὁρῶσι
1672 4683 1880 4735 καταγ-

307 4755 515 4824 γέλλει,
561 4754 696 4825 πρὸς
721 4754 777 4806 δὲ
812 4753 1004 4823 τούτῳ,
1049 4755 1143 4808 καὶ
1172 4755 1268 4824 τὴν
1303 4755 1410 4809 τῶν
1454 4755 1877 4825 ἑταιριζομένων

308 4847 702 4918 ἐσχημοσύνην
728 4847 1045 4900 ἐπιτίθεται.
1087 4848 1287 4910 Παντὸς
1310 4848 1364 4902 δὲ
1399 4849 1598 4919 μᾶλλον
1638 4850 1881 4902 ἀκουέτω

304 4941 402 4995 τοῦ
429 4941 700 5007 λέγοντος,
728 4941 810 4993 ὅτι
838 4959 857 4990 ι
898 4940 960 4990 Οἱ
985 4938 1051 4990 τὰ
1081 4939 1298 5007 μαλακὰ
1329 4941 1644 5010 φοροῦντες,
1672 4943 1730 4993 ὲν
1763 4943 1875 5004 τοῖς,

306 5035 482 5095 οἴκοις
508 5029 620 5085 τῶν
661 5031 944 5101 βασιλείων
993 5032 1130 5083 εἰσίν
1153 5047 1167 5062 ·
1212 5033 1370 5102 ἡμῶν
1397 5033 1452 5084 δὲ
1482 5033 1542 5084 τὸ
1576 5032 1878 5100 πολίτευμα

312 5130 372 5182 ὲν
398 5127 648 5197 οὐρανοῖς
691 5121 851 5187 εἶναι,
894 5142 911 5173 ι
952 5123 1114 5191 φησὶν
1142 5126 1170 5176 ὁ
1204 5123 1489 5188 θεσπέσιος
1519 5122 1749 5186 Παῦλος.
1785 5123 1877 5188 Μὴ

306 5226 402 5284 οὖν
439 5231 528 5284 διὰ
567 5234 742 5302 τὴνὲν
777 5235 1034 5306 ἐνδύμασι
1080 5240 1358 5308 βλακείαν,
1404 5247 1482 5307 εἰς
1529 5244 1628 5307 τὰς
1680 5245 1881 5312 σκηνὰς

309 5323 408 5374 ἀπ’
447 5324 678 5394 οὐρανοῦ
730 5329 980 5398 ριιρῶμεν
1013 5331 1105 5384 τοῦ
1141 5330 1583 5407 κοσμοκράτορος
1628 5334 1722 5390 τοῦ
1759 5337 1885 5390 σκό-

307 5431 436 5478 τους
463 5416 556 5469 τοῦ
589 5419 784 5482 αίῶνος
814 5420 1029 5476 τούτου.
1065 5423 1224 5478 Τοῦτ’
1254 5426 1382 5478 αὐτὸ
1412 5429 1680 5497 πάσχουσι
1712 5430 1806 5481 καὶ
1838 5430 1886 5482 οἱ

309 5505 449 5575 πρὸς
469 5506 566 5576 τὴν
597 5508 704 5561 τῶν
727 5510 1032 5582 ἀνθρώπων
1061 5515 1215 5579 δόξαν
1233 5517 1330 5586 τὴν
1358 5517 1558 5588 ἀρετὴν
1585 5520 1882 5588 μετιόντες.

309 5597 371 5648 Oi
402 5596 511 5666 γὰρ
542 5597 796 5668 λαχόντες
823 5603 884 5655 τὸ
916 5605 1218 5676 πολίτευμα
1250 5607 1394 5677 ἔχειν
1424 5610 1480 5660 ὲν
1509 5610 1758 5674 οὐρανοῖς
1787 5627 1886 5662 κα-

392 5798 434 5824 δ³
470 5795 790 5850 l‘sal.cxnt.
865 5793 911 5826 ⁸⁸
947 5793 1088 5850 Psnl.
1139 5811 1300 5853 cun.

649 5891 924 5950 l'At'nuL.
972 5895 1084 5953 Gn.
1142 5895 1258 5955 CL.

2000 4594 2128 4647 tiatn
2180 4592 2542 4661 superinduit.
2595 4591 2735 4645 Ante
2788 4592 2972 4646 omnia
3023 4593 3212 4647 audiat
3255 4591 3524 4648 dicentem
3567 4611 3580 4648 :

2003 4683 2157 4750 «Qui
2224 4683 2479 4738 mollibus
2527 4684 2837 4738 vestiuntur
2878 4721 2892 4748 ,
2973 4683 3027 4735 in
3086 4683 3336 4740 domibus
3399 4699 3586 4754 regum

1998 4785 2125 4829 sunt
2152 4775 2220 4828 ⁸⁵.
2257 4791 2276 4824 ι
2316 4773 2384 4826 At
2420 4783 2664 4828 nostram
2702 4776 3170 4828 conversationem
3195 4790 3314 4830 esse
3338 4777 3395 4830 in
3431 4777 3586 4831 cmlis

2000 4869 2160 4924 divus
2189 4867 2265 4920 ait
2297 4864 2529 4920 Paulus.
2562 4865 2642 4920 Ne
2666 4867 2830 4937 igitur
2865 4867 3306 4923 indumentorum
3363 4870 3588 4924 mollitie

2001 4977 2098 5014 nos
2129 4961 2193 5014 de
2229 4958 2368 5023 coelo
2421 4960 2778 5013 detrudamus
2812 4960 2865 5014 in
2927 4961 3279 5016 tabernacula
3315 4963 3584 5033 principis

2001 5053 2346 5108 tenebrarum
2370 5053 2530 5123 hujus
2553 5054 2756 5109 saeculi.

2068 5146 2214 5202 ldem
2245 5147 2442 5202 accidit
2489 5147 2742 5202 virtutem
2775 5148 3084 5204 colentibus
3130 5161 3353 5220 propter
3405 5151 3578 5203 homi-

1999 5257 2126 5295 num
2159 5243 2639 5298 existimationem.
2680 5242 2889 5309 Quibus
2945 5245 3087 5299 enim
3119 5248 3388 5314 obtigerat
3449 5261 3578 5300 con-

1999 5335 2361 5390 versationem
2409 5335 2610 5391 babere
2664 5339 2718 5391 in
2750 5338 2924 5406 cmlis,
2987 5338 3279 5402 deducunt,
3337 5338 3440 5392 heu
3475 5337 3489 5390 l
3527 5339 3578 5393 in

2002 5429 2281 5496 pulverem
2307 5443 2460 5481 suam
2482 5429 2732 5498 gloriam,
2751 5429 3064 5487 Davidicam
3084 5431 3132 5462 ⁸⁸
3151 5429 3584 5485 maledictioncm

2001 5520 2058 5574 in
2093 5535 2153 5575 se
2184 5524 2484 5576 trahentes.
2525 5521 2660 5576 Nam
2687 5537 2879 5578 eorum
2905 5529 3077 5578 oratio
3113 5538 3222 5577 non
3256 5523 3500 5578 ascendit
3534 5524 3590 5576 in

2005 5612 2226 5677 uelum,
2257 5613 2352 5668 scd
2381 5627 2544 5669 omne
2581 5630 2718 5685 opus
2744 5618 2997 5671 deorsum
3035 5615 3164 5681 ruit,
3205 5630 3311 5671 non
3353 5614 3592 5671 circum-

1387 5799 1430 5830 "
1462 5795 1654 5853 Matth.
1691 5813 1766 5863 xl,
1803 5796 1856 5852 8.
1933 5798 1977 5830 “
2004 5798 2148 5856 Psal.
2185 5817 2281 5868 \m,
2315 5801 2368 5858 6.

3111 5895 3191 5960 34
