3962 6208
343 329 488 395 1063

1444 331 1543 392 DE
1599 330 1943 391 MENTAL-I
1989 331 2506 404 QUIETUDlNE.

3480 327 3623 396 1070

337 454 594 522 σαρκική.
628 453 749 516 Πῶς
773 454 830 508 δὲ
857 455 1027 527 αὐτὴν
1052 455 1244 527 τρίτην
1266 456 1361 510 καὶ
1389 456 1627 528 ὑπέραν
1654 457 1910 529 λέγομεν,

2046 442 2396 500 mmuuditia.
2450 445 2559 498 Cur
2581 450 2760 498 autem
2781 455 2897 496 eam
2927 440 3139 496 tertiam
3164 438 3518 509 ultimamque
3536 443 3619 493 di-

339 545 512 598 καίτοι
567 544 807 614 ἔμφυτον
853 548 982 616 ἡμῖν
1009 547 1172 601 οὖσαν
1201 547 1259 614 ἐξ
1289 548 1458 619 αὐτῆς
1500 550 1764 617 γενέσεως
1794 568 1808 616 ;
1847 551 1909 604 οὐ

339 637 445 706 γάρ
485 637 645 707 μόνον
668 636 829 706 αὕτη,
864 637 999 690 ἀλλὰ
1025 639 1116 690 καί
1140 641 1194 691 αἱ
1219 637 1356 708 πρὸς
1381 641 1728 707 τεκνογονίαν
1756 659 1914 709 φυσι-

339 729 429 780 καὶ
487 728 730 799 κινήσεις
792 729 1249 800 ἐπισημαίνουσιν
1311 731 1636 801 ὑπομαζίοις
1687 731 1759 784 ἐτ’
1793 729 1912 786 οὖσι

347 822 448 880 τοῖς
478 819 651 872 παισί.
687 819 808 880 Πῶς
835 815 926 871 οὖν
949 822 1111 890 ἡμεῖς
1148 820 1382 890 ὑστέραν
1414 823 1630 892 τίθεμεν
1661 823 1760 892 τὴν
1816 825 1914 891 τῆς

343 911 610 980 σαρκικῆς
641 911 935 980 ἐπιθυμίας
963 912 1114 965 νόσον
1141 929 1155 977 ;
1190 913 1492 985 ἐπειδήπερ
1549 917 1733 968 ἐκεῖνα
1756 916 1915 984 φύσει

343 1004 631 1074 πρόσεστιν
665 1004 826 1072 ἡμῖν·
864 1003 1172 1073 ἀνέγκλητα
1200 1003 1254 1057 δὲ
1285 1005 1352 1056 τὰ
1380 1005 1604 1075 φυσικὰ,
1643 1006 1794 1075 παρὰ
1818 1005 1913 1058 τοῦ

340 1095 545 1164 ἀγαθοῦ
587 1094 721 1148 Θεοῦ
772 1095 1146 1165 πεποιημένα·
1187 1097 1272 1150 ἵνα
1312 1097 1379 1150 δι’
1409 1098 1587 1151 αὐτῶν
1636 1099 1697 1151 ἐν
1731 1098 1916 1171 ἔργοις

340 1187 562 1253 ἀγαθοῖς
601 1187 1086 1255 περιπατήσωμεν.
1135 1187 1436 1257 Τοιγαροῦν
1480 1188 1580 1240 οὐκ
1646 1188 1762 1242 ἔστι
1804 1189 1916 1241 δεί-

341 1296 526 1345 γματα
593 1275 774 1347 ψυχῆς
837 1277 1120 1346 νοσούσης.
1176 1279 1297 1341 Τοῖς
1351 1279 1407 1332 δέ
1459 1282 1916 1350 παραχρωμένοις

339 1368 560 1421 τοιαῦτα
591 1367 762 1420 ταῦτα
786 1367 1014 1434 γίνεται.
1047 1369 1154 1420 Καὶ
1185 1369 1366 1421 τοίνυν
1393 1370 1626 1440 ὁπηνίκα
1658 1371 1757 1440 τῆς
1782 1387 1918 1440 σαρ-

340 1460 434 1521 κδς
475 1460 734 1527 πρόνοιαν
778 1458 1080 1527 ποιούμεθα
1132 1459 1266 1528 πρὸς
1314 1460 1410 1523 τὰς
1441 1461 1757 1530 ἐπιθυμίας,
1795 1463 1918 1514 τότε

340 1553 402 1621 δὴ
438 1553 602 1604 κακὸν
641 1552 701 1604 τὸ
733 1552 923 1615 πάθος,
977 1553 1068 1605 καὶ
1105 1555 1382 1622 σαρκικῶν
1414 1554 1600 1606 παθῶν
1627 1555 1788 1624 ἀρχὴ,
1825 1557 1920 1608 καὶ

340 1643 521 1713 ψυχῆς
562 1643 714 1707 νόσος
745 1644 776 1712 ή
814 1642 1116 1713 φιληδονία,
1155 1643 1296 1696 ῶστε
1346 1644 1439 1695 ἐπί
1497 1644 1607 1697 τῶν
1641 1646 1916 1714 τοιούτων,

344 1734 713 1803 πρωτοπαθής
771 1736 918 1786 ἐστιν
945 1735 972 1786 6
1006 1730 1148 1797 νοῦς.
1188 1734 1277 1787 Διὸ
1308 1736 1399 1787 καὶ
1426 1735 1532 1788 ἀπὸ
1556 1736 1654 1804 τῆς
1684 1736 1920 1798 διανοίας

344 1825 568 1893 πρώτης
609 1823 947 1895 ὁρμωμένων
994 1825 1103 1876 τῶν
1137 1825 1397 1895 πονηρῶν
1450 1825 1659 1887 παθῶν,
1698 1829 1862 1896 φησὶν
1892 1829 1920 1880 6

345 1917 570 1986 Κύριος,
609 1916 689 1968 ὅτι
729 1917 792 1968 ἐκ
823 1915 921 1984 τῆς
956 1915 1186 1985 καρδίας
1234 1917 1547 1986 ἐξέρχονται
1581 1916 1920 1986 διαλογισμοὶ

346 2009 593 2078 πονηροὶ,
627 2009 869 2064 κάκεῖνοί
910 2009 1048 2061 εἰσιν
1084 2009 1134 2060 οἰ
1169 2008 1475 2070 κοινοῦντες
1497 2007 1584 2060 τὸν
1614 2007 1915 2078 ἄνθρωπον.

347 2102 453 2153 Καὶ
485 2103 513 2153 ὁ
545 2100 648 2172 πρδ
677 2101 770 2154 τοῦ
805 2101 1136 2170 Εὐαγγελίου
1193 2101 1356 2172 νόμος
1405 2102 1568 2170 φησί’
1617 2121 1634 2152 ι
1683 2103 1921 2172 Πρόσεχε

349 2191 580 2265 σεαυτῷ,
633 2197 842 2264 μήποτε
879 2195 1104 2266 γένηται
1152 2195 1302 2266 ῥῆμα
1333 2195 1572 2268 κρυπτὸν
1599 2195 1657 2248 ἐν
1686 2197 1753 2266 τῇ
1784 2211 1920 2264 καρ-

343 2287 432 2354 δία
467 2303 560 2338 σου
595 2287 874 2356 ἁνόμημα.
909 2303 926 2336 ι
960 2287 1024 2340 Εἰ
1058 2283 1168 2356 γὰρ
1193 2285 1284 2338 καὶ
1313 2284 1530 2354 πρῶτος
1561 2286 1588 2338 ὁ
1618 2282 1744 2346 νοῦς
1774 2285 1923 2336 ἐστιν

344 2380 373 2431 ὁ
404 2379 667 2442 διατεθεὶς
691 2379 895 2441 κακῶς,
921 2377 1060 2431 ἀλλὰ
1093 2375 1339 2430 κάτωθεν
1357 2375 1446 2430 διὰ
1463 2375 1571 2429 τῶν
1593 2374 1920 2445 αἰσθήσεων,

344 2469 766 2537 ἁναμαξάμενος
798 2471 894 2537 τὴν
939 2467 1240 2537 φαντασίαν
1271 2466 1379 2520 τῶν
1409 2467 1684 2536 αἰσθητῶν
1737 2467 1924 2537 σωμά-

343 2579 474 2626 των,
507 2561 648 2614 οὕτω
678 2563 809 2631 πρὸς
839 2565 1019 2615 ἐκεῖνα
1049 2560 1260 2630 διετέθη
1282 2576 1295 2589 ·
1327 2561 1424 2613 καὶ
1450 2559 1686 2628 μάλιστα
1707 2559 1793 2612 διὰ
1814 2559 1923 2613 τῶν

345 2651 642 2722 ὀφθαλμῶν
669 2651 920 2722 πρώτων,
946 2651 1264 2721 δυναμένων
1295 2653 1390 2704 καὶ
1414 2649 1697 2721 πόρρωθεν
1731 2647 1791 2702 τὺ
1817 2647 1923 2719 μῦ-

347 2761 439 2805 σος
467 2742 898 2806 ἐπισπάσασθαι,
925 2741 1061 2812 πρδς
1088 2741 1187 2810 τὴν
1217 2742 1570 2811 παράχρησιν
1601 2738 1920 2808 ἐπαίρεται·

346 2831 440 2883 καὶ
479 2833 669 2882 τούτου
707 2830 871 2898 σαφὲς
907 2829 1226 2899 μαρτύριον,
1264 2829 1629 2898 ἡπρομήτωρ
1654 2825 1923 2896 καθέστη-

346 2940 442 2976 κεν
475 2917 606 2976 Eua.
633 2921 854 2991 Πρῶτον
879 2921 986 2992 γὰρ
1016 2915 1154 2973 εἶδεν
1177 2920 1257 2971 ὅτι
1287 2918 1450 2972 καλὸν
1479 2919 1559 2981 εἰς
1589 2919 1802 2989 ὅρασιν,
1829 2918 1925 2970 καὶ

346 3015 547 3086 ὡραῖον
574 3014 667 3066 τοῦ
697 3015 1055 3082 κατανοῆσαι,
1087 3013 1183 3065 καὶ
1205 3013 1325 3066 τότε
1363 3011 1833 3080 συγκατατεθεῖσα
1857 3011 1923 3080 τῇ

348 3106 564 3177 καρδία,
596 3107 770 3175 ἥψατο
797 3105 890 3159 καὶ
928 3104 1191 3172 ἐγεύσατο
1227 3103 1320 3157 τοῦ
1350 3102 1800 3173 ἀπηγορευμένον
1830 3099 1922 3164 ξύ-

346 3199 462 3251 λου.
490 3197 685 3260 Καλῶς
712 3197 799 3266 ἄρ’
825 3196 1102 3266 ἐλέγομεν,
1123 3195 1204 3246 δτι
1235 3192 1574 3264 προτερεύει,
1612 3191 1706 3244 καὶ
1738 3189 1925 3262 προοί-

351 3290 472 3360 μιόν
495 3291 640 3340 ἐστιν
672 3289 703 3357 ἡ
735 3287 870 3356 πρὸς
902 3288 967 3338 τὰ
999 3287 1169 3356 κάλλη
1195 3286 1302 3338 τῶν
1337 3283 1604 3352 σωμάτων
1632 3278 1771 3355 ἧττα
1815 3281 1924 3334 τῶν

347 3378 593 3448 αἰσχρῶν
620 3376 825 3429 παθῶν.
860 3375 948 3427 Διὸ
979 3375 1072 3427 καὶ
1097 3373 1359 3444 θεατρικόν
1387 3374 1503 3424 ἐστι
1530 3369 1924 3440 παράγγελμα,

347 3469 543 3531 κάλλος
579 3468 876 3536 ἀλλοτρίων
920 3467 1188 3534 σωμάτων
1224 3464 1300 3535 μὴ
1333 3462 1794 3532 καταμανθάνειν,
1830 3460 1924 3512 καὶ

347 3561 444 3613 ἐπὶ
481 3559 596 3627 ἰδίῳ
634 3557 709 3627 μὴ
747 3555 1065 3626 τέρπεσθαι.
1106 3554 1219 3625 Πρὸ
1268 3553 1451 3625 μέντοι
1495 3555 1595 3622 τῆς
1645 3549 1924 3621 ἐμπαθοῦς

348 3651 608 3714 διανοίας,
637 3649 686 3701 εἰ
722 3649 816 3701 καὶ
843 3643 1506 3715 φυσικῶς-ὲνθεωροῦνται
1535 3641 1646 3701 τοῖς
1682 3641 1837 3693 παισὶ
1861 3639 1925 3690 τά

349 3741 521 3809 πάθη,
571 3739 686 3792 ἀλλ’
729 3739 789 3790 οὐ
824 3736 1076 3806 συνεργεῖ
1120 3733 1252 3805 πρὸς
1286 3731 1585 3803 ἁμαρτίαν,
1619 3729 1757 3782 ἀλλὰ
1787 3730 1924 3798 πρὸς

347 3837 448 3904 τὴν
487 3834 585 3902 τῆς
626 3831 838 3901 φύσεως
877 3828 1133 3880 σύστασιν
1155 3843 1169 3856 ο
1205 3825 1413 3896 διόπερ,
1441 3822 1563 3876 οὐδὲ
1593 3821 1806 3891 πονηρὰ
1829 3837 1925 3890 τη-

348 3926 584 3978 νικαῦτα
632 3923 787 3977 ταῦτ’
833 3921 1003 3974 ἐστίν.
1049 3916 1189 3971 Ἀλλ’
1222 3917 1407 3986 ἐπειδὴ
1457 3913 1644 3969 καὶτὰ
1687 3913 1923 3983 σαρκικὰ

349 4017 522 4088 πάθη,
555 4017 704 4086 παρὰ
734 4013 826 4068 τοῦ
865 4007 1145 4086 ἐμπαθοῦς
1175 4007 1265 4060 νοῦ
1293 4006 1560 4076 λαμϐάνει
1598 4005 1696 4077 τὴν
1726 4004 1922 4075 ἀρχὴν,

349 4111 412 4175 ἐξ
440 4109 605 4164 αὐτοῦ
635 4108 751 4161 δέον
784 4105 878 4159 καὶ
901 4105 998 4174 τῆς
1027 4101 1322 4173 θεραπείας
1359 4099 1647 4172 ἄρχεσθαι.
1700 4099 1788 4161 Ὠς
1816 4097 1924 4168 γὰρ

349 4201 444 4254 ἐπὶ
481 4198 772 4269 πυρκαϊᾶς,
817 4197 845 4248 6
874 4195 1064 4248 σϐέσαι
1117 4192 1324 4262 ταύτην
1363 4191 1833 4262 προθυμούμενος,
1874 4192 1924 4245 εἰ

349 4295 449 4365 τὴν
501 4293 673 4363 φλόγα
738 4290 1013 4358 διατέμνει
1068 4287 1299 4352 ἄνωθεν,
1366 4287 1564 4358 ἤνυσεν
1627 4286 1822 4340 οὐδέν’
1873 4287 1924 4339 εἰ

350 4388 407 4440 δὲ
434 4387 529 4454 τὴν
557 4384 688 4454 ὓλην
713 4381 1084 4436 ἀποσπάσειεν
1114 4379 1226 4451 [ton
1254 4376 1669 4449 ὑποσπάσειεν],
1701 4376 1859 4439 εὐθὺς
1889 4377 1922 4446 ή

354 4476 600 4546 πυρκαῖὰ
629 4471 1015 4544 κατεμαράνθη
1038 4487 1052 4502 ·
1084 4471 1228 4523 οὕτω
1258 4471 1352 4523 καὶ
1383 4471 1472 4522 ἐπὶ
1505 4469 1615 4522 τῶν
1649 4467 1926 4542 πορνικῶν

352 4569 562 4622 παθῶν.
595 4567 658 4620 El
696 4567 770 4637 μὴ
803 4566 902 4634 τὴν
932 4564 1116 4634 πηγὴν
1149 4562 1257 4614 τῶν
1287 4561 1560 4630 λογισμῶν
1590 4561 1735 4614 ἔνδον
1764 4561 1926 4631 ξηραο

350 4661 462 4720 νεῐς
494 4658 559 4711 δι’
587 4658 754 4726 εὐχῆς
790 4657 882 4708 καὶ
910 4652 1314 4716 ταπεινώσεως,
1333 4651 1468 4722 μόνῃ
1492 4651 1548 4703 δέ
1583 4652 1804 4722 νηστείᾳ
1833 4652 1929 4704 καὶ

350 4748 698 4819 κακοπαθείᾳ
751 4747 1003 4818 σώματος
1036 4744 1232 4815 ὁπλίζῃ
1278 4744 1398 4796 κατ’
1439 4741 1640 4806 αὐτῶν,
1688 4743 1926 4814 ἀνήνυτα

359 4844 556 4904 πονεῖςθ
576 4843 623 4894 εἰ
648 4838 819 4909 δὲτὴν
839 4838 992 4907 ῥίζαν
1017 4835 1284 4904 ἁγιάσεις,
1308 4833 1394 4886 διὰ
1417 4831 1806 4896 ταπεινώσεως
1830 4831 1926 4884 καὶ

355 4931 691 5004 προσευχῆς,
727 4929 804 4992 ὡς
837 4929 1069 4997 ἔφημεν,
1097 4925 1240 4991 ἕξεις
1262 4925 1356 4976 καὶ
1379 4923 1492 4984 τοῖς
1525 4921 1630 4987 ἔξω
1650 4923 1740 4976 τὸν
1765 4923 1926 4992 ἁγια-

353 5024 514 5095 σμόν.
543 5024 654 5075 Καὶ
686 5020 845 5075 τοῦτό
876 5035 965 5088 μοι
993 5017 1142 5071 δοκεῖ
1162 5014 1334 5068 καὶτὸ
1362 5012 1719 5066 ἀποστολικδν
1751 5015 1926 5067 ἐκεῖνο

353 5112 689 5184 ὑφηγεῖσθαι
745 5111 957 5178 λόγιον,
1010 5107 1070 5160 τδ
1111 5105 1290 5174 λέγον,
1357 5103 1787 5175 περιζώννυσθαι
1824 5103 1924 5175 τὴν

350 5207 527 5275 ὀσφὺν
558 5204 712 5274 ήμῶν
758 5204 818 5256 ἐν
851 5199 1075 5271 ἀληθείᾳ
1102 5213 1117 5227 °
1153 5195 1296 5250 καθὰ
1335 5196 1428 5262 καί
1473 5212 1577 5248 τινι
1611 5193 1721 5247 τῶν
1744 5194 1924 5248 Πατέ-

357 5316 468 5372 ρων
492 5295 753 5352 κάλλιστα
777 5292 1230 5364 πεφιλοσόφηται,
1263 5288 1336 5352 ὡς
1357 5287 1456 5360 τοῦ.
1482 5285 1816 5358 θεωρητικοῦ
1864 5283 1925 5340 τδ

365 5397 764 5466 ἐπιθυμητικὸν
801 5396 1280 5465 περισφίγγοντος,
1313 5396 1406 5446 καὶ
1444 5395 1823 5461 συστέλλοντος
1857 5394 1928 5448 τὰ

357 5486 451 5540 ὑπ’
476 5485 650 5554 ὀσφύν
680 5503 738 5538 τε
766 5488 860 5538 καὶ
909 5487 1154 5556 γαστέρα
1186 5486 1354 5556 πάθη.
1384 5489 1476 5539 Δεῖ
1505 5487 1688 5558 μέντοι
1722 5489 1818 5541 καὶ
1849 5488 1928 5559 τῷ

359 5577 572 5646 σώματι
604 5577 998 5643 κακοπαθείας,
1030 5577 1126 5632 καὶ
1173 5578 1271 5641 τῆς
1300 5579 1613 5650 συμμέτρου
1644 5579 1752 5634 τῶν
1785 5579 1926 5651 βρω-

436 5791 479 5822 "
516 5789 710 5846 .‘llatth.
743 5807 832 5860 xv,
869 5792 954 5855 19,
981 5789 1074 5846 20.
1153 5791 1198 5823 ⁶¹
1231 5788 1387 5847 Deut.
1419 5806 1509 5860 xv,
1544 5792 1599 5849 9.

2026 541 2223 600 cimus,
2254 537 2379 590 licet
2403 535 2558 590 nobis
2608 535 2769 589 insita
2806 535 2878 589 sit
2907 535 2973 589 ab
3009 534 3120 602 ipsa
3147 531 3468 587 nativitate?
3502 531 3618 586 Non

2025 630 2202 684 solum
2249 631 2394 684 enim
2443 630 2708 701 ipsa,sed
2765 629 2926 682 etiam
2975 627 3242 696 genitales
3272 624 3618 678 naturalium

2030 733 2210 776 motus
2242 721 2663 775 manifestautnr
2698 720 2750 772 iu
2783 719 3116 774 laetentibus
3150 717 3326 771 adhuc
3346 715 3613 786 parvulis.

2027 813 2208 878 Quare
2245 812 2410 881 igitur
2443 826 2543 864 nos
2583 811 2830 863 ultimum
2883 807 3135 879 jmnimus
3187 810 3426 863 carnalis
3477 823 3613 863 con-

2028 904 2380 972 cupiscentia:
2414 903 2714 956 morbum?
2747 903 2880 968 Quia
2918 903 3005 955 illa
3039 912 3166 958 sunt
3197 915 3391 956 natura
3453 901 3612 956 nobis

2026 998 2192 1050 indita
2220 1013 2234 1063 ;
2272 1011 2360 1050 res
2388 1010 2554 1066 porro
2589 997 2868 1050 naturales
2893 1011 2998 1049 nou
3032 1007 3156 1050 sunt
3186 995 3508 1066 culpabiles,
3544 997 3614 1048 al)

1973 1082 1978 1087 ’
2025 1091 2235 1159 Optimo
2285 1087 2395 1143 Deo
2441 1089 2632 1152 facta,
2693 1097 2750 1141 ut
2796 1102 3014 1156 pereas
3057 1087 3108 1140 in
3151 1088 3308 1140 bouis
3354 1088 3615 1156 operibus

2025 1180 2368 1235 ambulemus
2407 1198 2421 1234 :
2466 1196 2566 1234 nec
2609 1181 2770 1246 igitur
2821 1181 3056 1232 iudicant
3093 1189 3444 1246 :rgrotantem
3497 1179 3614 1231 ani-

2029 1287 2195 1336 mam,
2239 1273 2332 1326 sed
2369 1273 2420 1326 in
2464 1271 2816 1326 abutentibus
2851 1272 3154 1338 lmjusmodi
3227 1269 3433 1326 iudices
3467 1271 3620 1326 liunt.

2027 1366 2161 1419 Cum
2198 1366 2364 1432 igitur
2396 1365 2738 1433 prudentiam
2775 1364 2958 1418 carnis
2989 1364 3317 1417 adhibemus
3358 1362 3426 1417 ad
3479 1379 3615 1417 cou-

2025 1458 2414 1526 Cnpisccutias.
2441 1468 2566 1510 tunc
2593 1456 2730 1509 mala
2761 1456 2960 1524 passio,
2981 1467 3035 1510 et
3080 1456 3379 1510 carnalium
3406 1457 3616 1526 passio-

2028 1569 2154 1606 num
2188 1552 2329 1616 lous,
2364 1561 2418 1605 et
2455 1552 2654 1614 anima:
2693 1550 2915 1603 morbus
2943 1565 3099 1603 amor
3141 1551 3503 1617 voluptatum,
3546 1551 3618 1603 ita

2027 1656 2079 1701 ιιι
2107 1646 2214 1698 illis
2242 1645 2588 1712 passionilius
2619 1644 2791 1712 prima
2823 1644 3085 1697 alliciatnr
3109 1661 3281 1697 tuens.
3320 1643 3443 1696 Ideo
3487 1660 3611 1696 cttm

2027 1741 2092 1792 ab
2127 1733 2307 1792 animo
2342 1752 2577 1806 primum
2627 1736 2888 1804 incipiant
2919 1750 3094 1800 pravae
3129 1736 3440 1803 passiones,
3486 1733 3620 1786 dicit

2029 1827 2292 1884 Dominus
2327 1830 2394 1880 de
2440 1828 2605 1882 corde
2637 1829 2784 1880 exire
2808 1827 3170 1896 cogitationes
3195 1829 3386 1888 malas,
3425 1834 3480 1881 ct
3506 1825 3624 1879 hate

2030 1934 2154 1976 esse
2211 1935 2331 1988 qua:
2385 1921 2746 1987 coinquinant
2804 1919 3084 1973 hominem
3145 1921 3212 1973 ⁸⁸.
3248 1920 3316 1973 Et
3379 1922 3626 1972 anterior

2027 2008 2317 2080 Evangelii)
2367 2012 2448 2064 lex
2517 2011 2620 2065 fert
2655 2027 2670 2066 :
2716 2029 2734 2061 ι
2775 2010 2919 2064 Cave
2955 2024 3021 2064 ne
3053 2010 3194 2064 forte
3224 2023 3266 2063 si
3293 2008 3483 2076 brcpat
3529 2008 3625 2063 tibi

2029 2103 2170 2156 mala
2204 2103 2461 2172 cogitatio
2495 2113 2549 2156 et
2578 2108 2726 2156 dicas
2759 2105 2809 2154 in
2841 2104 3004 2156 corde
3034 2112 3147 2156 tuo.
3213 2105 3259 2134 °'
3302 2119 3320 2152 ο
3361 2100 3418 2154 Si
3444 2109 3625 2156 autem
3701 2123 3707 2129 ε

2031 2198 2248 2250 animus
2280 2197 2487 2265 primus
2525 2207 2608 2248 est
2647 2196 2738 2263 qui
2785 2194 2926 2248 male
2977 2193 3230 2258 allicitur,
3288 2196 3386 2246 hos
3439 2202 3621 2246 tamen

2031 2290 2264 2345 aﬂ‘ecms
2291 2289 2454 2342 habet
2477 2290 2542 2341 ab
2572 2288 2739 2350 infra,
2763 2302 2862 2356 per
2890 2301 3086 2341 sensus
3140 2287 3420 2356 impressis
3474 2285 3525 2338 in
3559 2299 3624 2340 eo

2032 2384 2360 2451 imaginibus
2403 2383 2750 2436 sensibilium
2796 2393 3112 2450 corporum,
3165 2391 3220 2435 et
3261 2379 3534 2449 pratcipue
3560 2393 3626 2432 ac

2033 2474 2292 2543 primario
2324 2487 2420 2541 per
2452 2473 2666 2536 oculos,
2708 2472 2800 2541 qui
2837 2472 3223 2542 possuntvela
3269 2473 3426 2540 longe
3469 2472 3625 2527 nefas

2036 2566 2338 2632 attrahere,
2368 2565 2435 2620 ad
2465 2565 2804 2620 abutendum
2839 2565 3129 2618 adducitur
3161 2581 3175 2618 :
3208 2565 3362 2633 cujus
3388 2565 3466 2620 rei
3507 2582 3628 2620 ma-

2038 2660 2298 2713 uitiatum
2320 2657 2471 2712 dedit
2506 2657 2878 2712 testimonium
2914 2658 3088 2725 prima
3114 2673 3310 2727 parens
3339 2658 3463 2713 Eva.
3503 2659 3624 2714 Pri-
3693 2696 3697 2703 ε

2037 2766 2185 2804 mum
2209 2751 2351 2804 enim
2385 2751 2519 2803 vidit
2540 2750 2830 2820 pulchrum
2859 2763 2980 2802 esse
2997 2751 3166 2802 oculis
3190 2752 3631 2820 aspectuquedeo

2037 2841 2307 2907 lectahile,
2327 2855 2380 2896 et
2403 2853 2531 2896 tunc
2547 2842 2900 2896 consentiens
2923 2841 3110 2905 corde,
3137 2841 3262 2894 tulit
3299 2852 3351 2896 et
3387 2843 3629 2896 comedit

2035 2934 2274 2989 fructum
2295 2935 2546 2992 vetitum.
2598 2933 2766 2988 [tecte
2813 2932 2978 3000 igitur
2997 2933 3629 2991 diximusortumeror-

2036 3042 2230 3098 porum
2268 3025 2672 3096 pulchritudine
2723 3037 3004 3096 peccatum
3025 3031 3332 3094 praecedere
3351 3040 3405 3082 et
3423 3031 3632 3083 anteire

2040 3119 2288 3188 turpibus
2306 3119 2709 3188 cupiditatibus.
2733 3121 2856 3173 ideo
2876 3120 3020 3173 Patr.
3040 3134 3066 3174 s
3083 3121 3400 3191 praecipiunt
3421 3139 3486 3177 ne
3510 3130 3633 3193 quis

2040 3211 2270 3266 aliorum
2323 3226 2617 3283 corporum
2661 3213 2912 3267 decorem
2966 3213 3206 3283 indaget,
3259 3230 3356 3270 nec
3406 3220 3630 3286 proprio

2040 3303 2364 3359 delectetur.
2395 3293 2665 3362 ueterum
2701 3309 2949 3375 quamvis
2980 3306 3301 3362 libidinosas
3341 3311 3632 3376 cogitatio-

2039 3411 2156 3462 nes,
2212 3401 2491 3453 naturales
2549 3413 2850 3455 cernantur
2902 3401 2954 3452 in
3010 3401 3254 3468 parvulis
3316 3404 3628 3472 passionum

2042 3501 2245 3559 motus,
2282 3507 2386 3546 non
2426 3502 2602 3545 tamen
2640 3477 2925 3562 pertinent
2959 3492 3024 3546 ad
3057 3505 3367 3563 peccatum,
3420 3497 3512 3550 sed
3565 3501 3632 3549 ad

2039 3595 2252 3642 natura:
2308 3583 2786 3650 constitutionem,
2850 3599 2948 3640 nec
3011 3586 3244 3655 proinde
3311 3595 3438 3642 tunc
3505 3590 3633 3642 mali

2039 3690 2187 3736 sunt.

2117 3770 2246 3834 Sed,
2275 3784 2396 3821 cum
2429 3767 2684 3824 carnales
2721 3754 3006 3837 passiones
3039 3769 3106 3823 ab
3135 3769 3296 3823 animi
3343 3769 3632 3825 all‘ectibns

2040 3863 2306 3933 originem
2333 3859 2562 3924 ducant,
2588 3865 2654 3915 ab
2675 3863 2774 3916 hoc
2800 3864 2960 3917 etiam
2987 3864 3342 3918 certationem
3387 3865 3632 3934 incipere

2047 3963 2286 4026 oportet.
2309 3954 2464 4008 Sicut
2489 3953 2633 4008 enim
2661 3954 2750 4022 qui
2779 3955 3091 4010 incendium
3112 3954 3462 4028 exstinguere
3497 3957 3636 4022 vult,

2043 4046 2378 4110 sillammant
2398 4045 2589 4098 dividit
2607 4045 2859 4113 desuper,
2881 4044 3012 4099 nihil
3030 4047 3280 4113 proiiciti,
3302 4047 3348 4101 si
3368 4063 3498 4102 vero
3521 4064 3636 4101 ma-

2045 4138 2234 4194 teriam
2271 4137 2574 4202 subtrahat,
2611 4136 2792 4191 statim
2821 4137 2995 4206 ignem
3029 4137 3310 4192 imminuit
3367 4155 3382 4195 :
3411 4139 3536 4192 item
3567 4141 3633 4193 de

2043 4230 2334 4285 immundis
2355 4229 2764 4298 cupiditatibus,
2789 4230 2834 4282 si
2868 4243 2975 4281 non
2999 4227 3206 4284 {utilem
3234 4232 3631 4302 cogitationum

2044 4323 2192 4378 intus
2244 4323 2539 4377 siccaveris
2571 4321 2818 4376 oratione
2851 4329 2906 4374 et
2937 4319 3262 4388 humilitate,
3285 4321 3382 4377 sed
3424 4321 3636 4393 jejunio

2045 4424 2252 4469 tantum
2285 4423 2340 4466 et
2381 4413 2748 4468 maceratione
2782 4412 3030 4481 corporis
3057 4420 3246 4467 contra
3280 4414 3405 4470 illas
3428 4430 3638 4486 pugna-

1977 4528 2021 4584 ι)
2051 4507 2220 4573 veris,
2254 4504 2452 4559 frustra
2482 4505 2734 4570 laboras;
2768 4504 2814 4560 si
2832 4519 2961 4559 vero
2991 4505 3236 4560 radicem
3260 4509 3636 4565 sanctilicabis

2053 4600 2365 4656 humilitate
2395 4609 2448 4653 et
2480 4599 2749 4665 oratione,
2790 4608 2849 4653 ut
2897 4598 3156 4667 diximus,
3216 4601 3439 4655 habebis
3469 4605 3633 4657 etiam

2052 4693 2297 4750 exterius
2323 4693 2692 4746 sanctitatem.
2718 4691 2894 4759 Atque
2937 4690 2990 4745 id
3027 4690 3158 4744 mihi
3203 4693 3416 4747 videtur
3446 4693 3631 4748 doceri

2051 4784 2277 4841 oraculo
2321 4781 2564 4852 Apostoli
2609 4779 2859 4852 jubentis
2906 4779 3381 4850 nossuccingere
3427 4780 3639 4835 lumbos

2051 4883 2271 4930 nostros
2307 4873 2362 4928 in
2403 4873 2631 4928 veritate
2659 4870 2729 4955 ⁵³,
2765 4871 2910 4941 quod
2941 4871 3159 4941 quidam
3190 4868 3411 4926 Patrum
3437 4874 3517 4927 sic
3557 4873 3638 4927 iit-

2050 4976 2412 5038 terpretatur,
2442 4975 2502 5020 ut
2531 4965 2921 5034 contemplatio
2944 4965 3442 5035 concupiscentiam
3466 4965 3639 5036 repri-
3725 4955 3732 5006 Ϊ

2053 5069 2186 5128 mat,
2227 5070 2282 5115 et
2313 5068 2623 5131 compescat
2659 5058 2964 5116 lumborum
2987 5069 3044 5113 et
3075 5059 3281 5114 ventris
3333 5060 3636 5128 passiones.
3688 5070 3710 5080 ··

2124 5151 2274 5223 Opus
2322 5161 2409 5208 est
2459 5160 2639 5207 tamen
2674 5151 2894 5220 corpori
2932 5152 3297 5206 maceratione
3345 5160 3399 5204 et
3437 5164 3640 5204 conve-

2049 5245 2225 5301 nienti
2255 5245 2502 5300 ciborum
2533 5247 2917 5314 temperantia,
2952 5259 3021 5298 ne
3050 5242 3323 5298 inl‘renum
3354 5243 3426 5298 sit
3469 5248 3522 5296 et
3554 5258 3640 5296 ra-

2050 5338 2199 5393 tione
2227 5337 2482 5392 validius.
2519 5335 2734 5391 Etenim
2772 5336 3029 5393 omuibus
3064 5337 3248 5392 carnis
3288 5333 3639 5407 passionibus

2026 5429 2184 5498 gnihil
2233 5429 2379 5485 aliud
2438 5429 2688 5484 medetur
2737 5443 2900 5499 quam
2956 5429 3233 5484 cruciatus
3286 5426 3536 5496 corporis
3588 5421 3661 5481 et‘

2047 5523 2228 5578 oratio
2279 5535 2347 5577 ex
2411 5522 2716 5578 humilitate
2765 5523 2951 5576 cordis
3000 5521 3317 5576 eﬂ'ervens:
3367 5521 3513 5590 quod
3557 5529 3642 5575 est

2053 5615 2356 5686 spiritualis
2400 5625 2698 5686 paupertas
2729 5629 2890 5687 quam
2938 5615 3152 5669 beatam
3187 5615 3324 5670 dixit
3358 5611 3641 5670 Dominus.

1675 5795 1724 5826 ⁵³
1746 5793 1948 5866 Epiros.
1978 5809 2053 5862 vi,
2084 5795 2140 5851 4.
