3962 6208
336 235 473 302 1075

1581 226 1969 292 GBEGORII
2005 227 2333 291 PALAMJE

3430 223 3576 290 1076

329 351 474 404 enim
535 344 832 416 evangelici
897 345 1147 416 pracepti
1202 343 1540 414 complexus,
1587 351 1646 396 ut
1701 340 1904 395 dictum

2015 353 2386 422 ἑξῆπται,καὶ
2429 353 2535 408 ἀπὸ
2575 351 2776 421 ταύτης
2820 349 2933 420 ῑχει
2977 345 3478 416 συνυπακουὸμενον
3512 344 3579 399 τὸ

329 452 436 500 est.
467 442 722 511 gratiam,
762 438 964 494 ﬂumen
999 436 1333 506 paupertatis
1382 450 1410 488 a
1462 435 1640 501 seipso
1679 430 1898 493 emittit,

333 535 565 603 irrigans
609 531 914 585 universam
963 528 1152 581 faciem
1187 536 1346 581 terra
1418 533 1638 589 nostrae,
1671 520 1906 576 exterio-

334 641 447 679 rem
487 622 739 676 videlicet
788 620 1089 685 hominem,
1127 627 1183 674 et
1217 617 1361 672 hunc
1389 617 1655 673 virtutum
1690 611 1904 670 faciens

333 715 664 783 paradisum.

406 811 647 870 Quatuor
689 804 854 875 igitur
902 803 1208 873 specierum
1241 799 1548 866 spiritualis
1575 793 1907 867 paupertati!

337 912 668 966 unaquaeque
711 896 986 966 pr0prium
1024 902 1247 962 generat
1297 892 1528 953 luctum,
1583 886 1746 941 simul
1775 899 1900 940 cum

336 1003 570 1057 congrua
605 987 996 1042 consolatione.
1037 984 1111 1038 Ex
1159 983 1462 1038 voluntaria
1511 979 1728 1048 quidem
1781 991 1907 1032 cor-

337 1080 480 1148 poris
505 1088 820 1148 paupertate
842 1088 896 1132 et
919 1077 1250 1137 humilitate,
1274 1090 1395 1145 quae
1424 1082 1505 1126 est
1534 1071 1728 1135 fames,
1750 1069 1905 1133 sitis,

341 1171 632 1234 insomnia,
684 1179 732 1223 et
797 1158 1095 1239 igcncratim
1170 1167 1416 1236 corporis
1497 1162 1803 1218 invaletutlo
1854 1167 1909 1213 et

338 1279 600 1328 aerumna,
631 1272 684 1317 et
715 1263 935 1330 insuper
977 1259 1232 1315 meditata
1283 1270 1540 1312 sensuum
1591 1251 1856 1322 repressio
1891 1267 1906 1307 :

340 1371 405 1412 ex
427 1356 529 1417 his,
561 1357 802 1422 inquam,
827 1368 935 1407 non
962 1351 1141 1405 luctus
1171 1349 1527 1412 solummodo,
1557 1345 1648 1399 sed
1675 1353 1730 1398 et
1751 1343 1910 1397 ﬂetus

343 1448 603 1502 nascftur.
667 1443 821 1498 Sicut
876 1443 1021 1498 enim
1081 1440 1372 1508 stupiditas
1433 1437 1810 1502 stoliditasque
1855 1441 1912 1488 et

343 1539 573 1594 durities
608 1536 790 1591 cordis
823 1550 890 1589 ex
937 1533 1117 1602 quiete
1157 1531 1536 1600 voluptateque
1591 1543 1653 1581 ac
1678 1525 1912 1581 'deliciis

338 1632 468 1686 oriri
516 1629 715 1693 solent,
763 1629 834 1681 ita
873 1640 937 1681 ex
985 1631 1317 1694 temperante
1376 1633 1431 1677 et
1464 1623 1770 1676 abstinente
1800 1620 1907 1672 vita

2011 438 2377 508 πνευματικὸν
2399 439 2493 493 καὶ
2515 433 2784 493 ἑκούσιον.
2816 437 2979 492 Ἀλλὰ
3009 437 3117 508 γὰρ
3144 436 3344 508 ἴδωμεν
3365 479 3380 504 ,
3397 437 3515 499 πῶς
3543 441 3584 509 ἡ

1980 532 1985 538 ’
2018 527 2333 599 μακαριστὴ
2362 529 2607 598 πτωχεία
2638 529 2700 584 τὸ
2737 529 3010 599 μακάριον
3060 529 3334 598 ἅπογεννᾷ
3364 529 3587 590 πένθος.

2078 617 2368 691 Τεττάρων
2405 615 2497 674 οὖν
2527 619 2684 674 εἰδῶν
2731 623 2830 691 τῆς
2879 621 3259 690 πνευματικῆς
3307 621 3590 690 πτωχείας

2007 709 2114 762 ὑπὸ
2142 708 2235 763 τοῦ
2264 710 2423 778 λόγου
2483 710 2680 782 μικρὸν
2711 709 2968 781 ἀνωτέρω
3017 711 3364 780 πεφηνότων,
3394 713 3496 780 τῆς
3527 715 3587 765 ἐν

2006 799 2088 872 τῷ
2114 802 2447 871 φρονήματι,
2490 802 2589 870 τῆς
2631 801 2690 856 ἐν
2726 801 2804 872 τῷ
2852 800 3085 872 σώματι,
3131 805 3228 872 τῆς
3261 805 3319 855 ὲν
3344 807 3412 875 τῇ
3439 805 3589 858 κατὰ

2006 892 2099 945 τὸν
2126 891 2240 963 βίον
2279 893 2589 963 περιουσίᾳ,
2639 895 2731 946 καὶ
2757 894 2853 962 τῆς
2883 895 2943 946 ὲν
2975 895 3087 956 τοῖς
3116 894 3317 960 ἔξωθεν
3343 897 3585 964 ἐπερχοο

2012 983 2191 1052 μένοις
2245 987 2594 1054 πειρασμοῖς,
2634 983 2824 1056 μηδεὶς
2855 984 2911 1038 δὲ
2947 982 3101 1054 ὑμῶν
3155 984 3369 1037 ἀκούων
3410 1002 3589 1056 μεμε-

2007 1072 2278 1146 ρισμένως
2306 1074 2481 1129 ταῦτα
2529 1075 2953 1146 προστιθέντων.
2990 1077 3089 1130 καὶ
3109 1078 3209 1147 τὴν
3237 1080 3377 1131 κατὰ
3411 1080 3591 1131 ταῦτα

2007 1163 2206 1234 πρᾶξιν
2247 1165 2660 1235 μεμερισμένην
2693 1166 2962 1237 ύπολάϐῃ.
3011 1168 3115 1221 Σὺν
3141 1169 3319 1230 ἄλλοις
3348 1170 3456 1237 γάρ
3489 1187 3588 1222 πε-

2009 1253 2214 1324 φύκασι
2245 1255 2550 1310 τελεῖσθαι·
2580 1256 2662 1314 διὸ
2686 1259 2779 1316 καὶ
2807 1258 3144 1329 μακαρισμῷ
3169 1261 3586 1329 περιεκλείσθηο

2007 1362 2108 1399 σαν
2136 1347 2239 1412 ἑνὶ,
2271 1348 2388 1416 ἅμα
2405 1347 2727 1418 θαυμασίως
2751 1349 3113 1415 emergam,
3140 1353 3232 1405 καὶ
3257 1353 3409 1405 ποῖόν
3434 1354 3584 1403 ἐστιν

2005 1434 2209 1506 ὡσανεὶ
2262 1437 2390 1506 ῥίζα
2439 1442 2532 1491 καὶ
2584 1440 2848 1512 πρόξενον
2882 1441 2992 1495 τῶν
3024 1442 3222 1505 ἄλλων,
3275 1442 3477 1512 δηλαδὴ
3525 1443 3586 1493 τὸ

2005 1529 2224 1599 πνεῦμα
2266 1529 2328 1582 τὺ
2355 1530 2647 1602 ἡμέτερον.
2679 1532 2852 1586 Τοῦτο
2890 1533 2998 1602 γὰρ
3025 1532 3124 1602 τὴν
3159 1533 3252 1585 τοῦ
3289 1535 3583 1601 εὐαγγελι-

2009 1623 2107 1677 κοῦ
2138 1623 2490 1694 κηρύγματος
2507 1626 3019 1696 ἑγκολπωσάμενον,
3041 1627 3116 1690 ὡς
3137 1628 3369 1696 εἴρηται,
3399 1626 3582 1696 χάριν,

340 1722 599 1778 contritio
626 1719 808 1774 cordis
846 1725 900 1772 et
934 1716 1298 1786 compunctio,
1339 1728 1456 1783 qua:
1489 1727 1702 1767 omnem
1733 1709 1911 1765 aufert

2010 1713 2192 1785 πηγὴν
2220 1717 2493 1784 πτωχείας
2528 1717 2848 1772 ἀναδίδωσιν
2877 1717 2970 1785 ἀφ’
3001 1717 3215 1779 ἑαυτοῦ,
3253 1717 3587 1778 ποτίζουσιν

343 1811 794 1876 amaritudinem,
857 1810 912 1863 et
980 1808 1265 1862 suavitatis
1329 1804 1486 1859 affert
1554 1803 1906 1876 hilaritatem.

344 1903 552 1955 Etenim
612 1903 818 1970 absque
859 1898 1097 1953 contrito
1126 1896 1288 1952 corde
1338 1894 1674 1965 impossibile
1717 1903 1821 1956 est,
1853 1901 1912 1947 ut

340 1994 564 2053 dicitur,
607 1989 830 2046 liberari
880 2005 909 2043 a
972 1989 1247 2058 nequitia;
1301 1987 1535 2042 conterit
1587 1995 1763 2039 autem
1795 1998 1912 2061 cor

342 2081 532 2150 triplex
583 2079 939 2148 temperantia
1000 2094 1018 2136 :
1069 2078 1275 2144 somni,
1329 2075 1458 2140 cibi,
1511 2087 1564 2130 et
1611 2075 1913 2145 corporalis

339 2173 562 2242 quietis.
624 2170 876 2226 Liberata
928 2185 1092 2239 porro
1152 2170 1333 2224 anima
1387 2185 1482 2239 per
1531 2169 1674 2222 illam
1711 2168 1916 2222 contri-

342 2267 546 2319 tionem
578 2279 606 2317 a
641 2264 880 2333 nequitia
933 2273 987 2316 et
1037 2262 1421 2323 amaritudine,
1467 2262 1689 2316 omnino
1721 2274 1915 2316 conse-

341 2357 528 2425 quitur
573 2355 913 2426 spiritualem
951 2353 1298 2418 suavitatem,
1332 2363 1386 2407 et
1429 2356 1540 2407 haec
1590 2362 1674 2408 est
1718 2367 1914 2408 conso-

339 2449 470 2500 latio
492 2457 890 2517 propterquam
919 2447 1110 2501 beatos
1137 2446 1269 2499 dicit
1298 2443 1558 2498 Dominus
1591 2445 1682 2512 qui
1707 2446 1910 2514 lugent.

339 2541 430 2593 Ait
463 2539 625 2593 etiam
658 2538 894 2594 Joannes
929 2537 1017 2591 ille
1067 2537 1157 2606 qui
1209 2537 1502 2598 Climacetn
1537 2537 1694 2592 nobis
1747 2537 1911 2603 spiri-

342 2633 541 2684 tualem
579 2629 927 2684 sermonibus
954 2629 1291 2684 aediﬁcavit:
1331 2646 1349 2679 ι
1396 2629 1529 2682 Sitis
1559 2639 1614 2682 et
1645 2627 1912 2683 insomnia

340 2730 634 2775 conterunt
694 2736 825 2785 cor,
878 2721 1045 2775 corde
1105 2733 1289 2774 autem
1377 2720 1612 2774 contrito
1692 2717 1915 2773 etlluunt

2006 1807 2117 1859 πᾶν
2137 1807 2199 1858 τὸ
2222 1807 2514 1876 πρόσωπον
2566 1807 2664 1876 τῆς
2697 1808 2800 1876 γῆς
2837 1808 2992 1878 ἡμῶν
3019 1823 3031 1837 ο
3065 1808 3156 1861 τὸν
3186 1808 3292 1872 ἔξω
3335 1807 3585 1877 δηλονότι

2005 1897 2288 1970 ἄνθρωπον
2310 1914 2322 1928 ’
2353 1899 2446 1953 καὶ
2479 1900 2808 1968 παράδεισον
2838 1899 3050 1970 ἀρετῶν
3086 1899 3364 1952 ἀποτελῶν
3388 1899 3576 1952 αὐτόν.

2006 1989 2298 2063 Τεττάρων
2352 1990 2446 2046 οὖν
2497 1992 2657 2046 είδῶν
2711 1993 2812 2061 τῆς
2873 1992 3252 2063 πνευματικῆς
3308 1992 3586 2060 πτωχείας

2007 2079 2382 2150 ὑπαρχόντων,
2441 2080 2536 2151 ἀφ’
2585 2080 2820 2140 ἑκάστου
2868 2081 3072 2134 τούτων
3135 2083 3196 2134 τὸ
3245 2081 3584 2150 κατάλληλον

2005 2172 2263 2239 γεννᾶται
2289 2172 2507 2236 πένθος,
2555 2173 2696 2243 μετὰ
2732 2174 2830 2241 τῆς
2871 2171 3258 2243 προσηκούσης
3287 2172 3583 2243 παρακλή-

2009 2274 2168 2323 σεως,
2217 2259 2454 2315 αὐτίκα·
2502 2261 2590 2314 διᾶ
2643 2261 2742 2331 μὲν
2794 2261 2894 2331 τῆς
2942 2262 3194 2317 ἑκουσίου
3258 2253 3584 2332 σωματικῆς

2010 2350 2288 2420 πτωχείας
2343 2354 2438 2408 καὶ
2486 2351 2890 2418 ταπεινώσεως,
2945 2353 3070 2422 ἥτις
3124 2354 3242 2408 ἐστὶ
3274 2357 3454 2418 πεῖνα,
3485 2353 3584 2406 καὶ

2007 2439 2164 2511 δίψα,
2219 2444 2313 2496 καὶ
2367 2445 2688 2513 ἀγρυπνία,
2740 2446 2835 2499 καὶ
2886 2445 3076 2508 ἁπλῶς
3133 2447 3423 2515 κακουχία,
3485 2449 3584 2500 καὶ

2007 2533 2355 2593 κακοπάθεια
2433 2534 2688 2606 σώματος
2715 2553 2730 2567 ο
2764 2537 2858 2590 καὶ
2926 2537 3062 2606 πρὸς
3110 2536 3326 2600 τούτοις
3385 2539 3418 2607 ἠ
3483 2539 3584 2590 σὺν

2009 2622 2153 2695 λόγῳ
2213 2625 2443 2696 συστολὴ
2487 2625 2596 2679 τῶν
2647 2627 2990 2698 αίσθήσεων’
3035 2628 3097 2679 ὲκ
3124 2626 3330 2679 τούτων
3377 2627 3580 2688 τοίνυν,

2008 2716 2070 2768 ού
2117 2716 2310 2780 πένοος
2358 2717 2544 2780 ἁπλῶς
2576 2719 2735 2788 μόνον
2761 2757 2776 2782 ,
2825 2717 2960 2771 ἀλλὰ
2992 2717 3089 2769 καὶ
3126 2718 3338 2787 δάκρυα
3368 2717 3586 2769 τίκτον-

339 2812 610 2882 laerymas.
665 2811 764 2878 Qui
799 2826 929 2866 vero
979 2820 1062 2866 est
1122 2821 1401 2881 expertus,
1459 2812 1510 2866 in
1566 2812 1650 2868 his
1705 2813 1907 2867 videbit

2010 2825 2117 2863 ται.
2166 2809 2437 2881 Καθάπερ
2483 2810 2592 2880 γὰρ
2643 2810 2972 2879 ἁναλγησία,
3014 2810 3108 2863 καὶ
3170 2809 3448 2879 πώρωσις,
3484 2811 3583 2862 καὶ

347 2906 514 2957 risum
537 2903 746 2957 scilicet
771 2905 1014 2966 beatum,
1043 2918 1160 2972 qum
1185 2913 1265 2956 est
1293 2904 1594 2958 consolatio
1625 2920 1654 2956 a
1687 2903 1911 2958 Domino

2010 2900 2315 2973 σκληρότης
2364 2902 2608 2972 καρδίας,
2663 2903 2723 2966 ἐξ
2773 2903 3044 2965 ἀνέσεως,
3086 2902 3179 2953 καὶ
3216 2903 3448 2972 τρυφῆς,
3483 2901 3584 2953 καὶ

339 2995 632 3067 promissa.
674 3014 691 3046 ι
733 2995 808 3049 lta
849 3010 914 3048 ex
958 3007 1109 3066 grata
1164 2994 1271 3050 Deo
1305 2997 1548 3064 corporis
1602 3007 1911 3066 paupertate

2010 2993 2305 3057 εὐπαθείας
2357 2995 2638 3050 τίκτεσθαι
2686 2995 3020 3062 πεφύκασιν,
3073 2993 3244 3056 οὓτως
3288 2992 3348 3058 ἐξ
3373 2996 3583 3063 ἐγκρα-

343 3089 496 3138 beata
557 3085 857 3138 consolatio
910 3085 1219 3155 lugentibus
1266 3087 1456 3140 oritur.
1491 3084 1566 3138 Ex
1599 3096 1911 3156 paupertate

2010 3083 2136 3146 τοῦς
2166 3085 2261 3138 καὶ
2296 3087 2735 3155 συνεσταλμένης
2765 3087 2999 3157 διαίτης,
3058 3085 3316 3158 συντριϐῇ
3353 3086 3584 3156 καρδίας

344 3191 472 3231 vero
497 3177 695 3230 mentis
715 3186 765 3229 et
795 3177 978 3231 divina
1013 3178 1212 3230 animae
1245 3177 1574 3241 humilitate,
1600 3180 1911 3248 quomodo?

2010 3175 2103 3226 xui.
2157 3175 2484 3240 κατανυξις,
2542 3177 2770 3246 πικρίας
2822 3179 3001 3247 πάσης
3040 3178 3441 3248 ἀποτρεπτικὴ,
3483 3181 3584 3231 καὶ

414 3267 784 3322 Humilitatem
818 3269 1008 3322 animae
1062 3271 1351 3322 comitatur
1406 3284 1619 3336 Semper
1657 3273 1736 3323 sui
1774 3286 1910 3324 con-

345 3362 614 3428 temptio:
651 3361 764 3413 hinc
811 3370 997 3413 autem
1060 3359 1129 3412 ab
1182 3360 1337 3413 initio
1366 3363 1415 3413 in
1463 3376 1636 3430 poena:
1667 3364 1914 3418 timorem

346 3452 573 3504 multum
611 3451 943 3516 extenditur,
975 3451 1153 3505 oculis
1182 3453 1442 3506 exhibens
1477 3455 1914 3510 adversariorum

348 3541 667 3596 horribilem
703 3542 767 3594 ad
796 3543 956 3597 unius
986 3551 1313 3597 tormentum
1348 3545 1833 3610 concertationem,
1860 3557 1916 3603 et

348 3638 523 3690 adhuc
551 3635 893 3689 formidinem
925 3651 1126 3704 augens
1145 3653 1209 3690 ex
1236 3652 1299 3690 eo
1335 3638 1478 3708 quod
1515 3640 1649 3693 sciat
1698 3655 1914 3709 pwuam

350 3728 498 3781 illam
552 3741 672 3781 esse
708 3725 1036 3781 inelfabilem
1089 3737 1144 3780 et
1197 3728 1342 3782 dicto
1396 3714 1818 3797 terribiliorem;
1862 3741 1917 3785 et

350 3824 571 3888 insuper
599 3818 718 3888 ejus
735 3820 1008 3873 aeternitas
1043 3828 1302 3887 quantum
1333 3821 1481 3875 addit
1507 3823 1622 3892 ejus
1663 3825 1870 3878 horrori
1897 3825 1912 3880 ί

349 3911 508 3965 Calor
537 3913 680 3964 enim
741 3920 796 3964 et
860 3911 1056 3979 frigus,
1110 3911 1284 3978 caligo
1342 3920 1396 3965 et
1437 3914 1601 3982 ignis,
1651 3927 1827 3969 motus
1863 3926 1916 3970 et

354 4001 538 4065 statio,
598 4001 806 4054 vincula
836 4011 888 4054 et
935 4002 1210 4066 tertictila,
1259 4013 1314 4056 et
1358 4005 1592 4057 ferarum
1641 4006 1918 4058 immorta-

350 4097 476 4147 lium
511 4109 748 4161 morsus,
777 4094 829 4147 ia
869 4110 1036 4148 unum
1077 4107 1344 4166 coguntur
1375 4097 1440 4150 ad
1485 4097 1587 4150 ista
1628 4097 1912 4167 supplicia.

349 4188 416 4240 Et
453 4187 534 4241 sic
573 4201 638 4240 ne
668 4187 1021 4239 adumbratur
1047 4191 1260 4254 quidem
1309 4189 1585 4243 horribilis
1618 4191 1702 4242 illa
1733 4205 1914 4258 pcetta,

347 4295 506 4340 cuin,
558 4288 615 4331 ut
686 4280 946 4346 scriptum
1000 4290 1083 4330 est
1121 4280 1188 4341 ",
1233 4299 1250 4330 ι
1285 4280 1392 4332 Nec
1446 4283 1496 4331 in
1543 4298 1635 4334 cur
1686 4282 1918 4335 hominis

2009 3264 2268 3332 γλυκείας
2299 3267 2616 3337 ἱλαρότητος
2648 3270 2980 3340 παρεκτική.
3015 3272 3122 3324 Καὶ
3152 3270 3261 3338 γὰρ
3291 3271 3419 3323 ἄνευ
3451 3286 3584 3322 συν-

2006 3359 2252 3429 τριμμοῦ
2302 3359 2528 3429 καρδίας
2583 3360 2882 3425 ἀδύνατον,
2939 3367 3138 3432 φησὶν,
3199 3362 3586 3432 ἀπαλλαγῆναι

2008 3449 2238 3512 κακίας⁶
2291 3451 2566 3520 συντρίϐει
2613 3452 2670 3505 δὲ
2709 3453 2938 3520 καρδίαν
2967 3455 3004 3522 ἡ
3046 3453 3317 3523 τριμερὴς
3374 3453 3584 3522 ἐγκρά-

2007 3555 2160 3594 τεια·
2196 3540 2386 3606 ὕπνου,
2433 3543 2527 3593 καὶ
2564 3545 2792 3612 τροφῆς.
2831 3543 2926 3596 καὶ
2960 3545 3279 3613 σωματικῆς
3320 3545 3585 3604 ἀνέσεως.

2021 3631 2420 3698 Ἀπαλλαγεῖσα
2463 3632 2520 3684 δὲ
2567 3632 2714 3704 ψυχὴ
2761 3633 2850 3685 διὰ
2890 3638 2986 3704 τῆς
3039 3635 3331 3704 συντριόῆς
3379 3634 3586 3703 ταύτης

2008 3722 2204 3784 κακίας
2226 3722 2320 3774 καὶ
2348 3723 2593 3793 πικρίας,
2624 3722 3017 3791 ἀντιλαμϐάνει
3050 3724 3268 3786 πάντως
3289 3725 3390 3794 τὴν
3421 3738 3587 3774 πνευ-

2013 3816 2248 3886 ματικὴν
2283 3813 2550 3885 Θυμηδίαν
2576 3831 2589 3843 ο
2618 3819 2709 3866 καὶ
2743 3814 2903 3866 τοῦτό
2945 3817 3094 3868 ἐστιν
3137 3817 3168 3884 ὴ
3205 3814 3586 3884 παράκλησις,

2008 3907 2077 3960 δι’
2105 3907 2172 3979 ἢν
2198 3908 2322 3969 τοὺς
2351 3905 2683 3968 πενθοῦντας
2714 3908 3010 3978 μακαρίζει
3039 3910 3065 3959 ὁ
3098 3906 3322 3977 Κύριος.
3353 3908 3491 3976 Φησὶ
3520 3906 3582 3959 δὲ

2010 4000 2103 4052 καὶ
2160 3999 2411 4068 Ἰωάννης
2447 4001 2476 4053 ὁ
2507 3998 2606 4069 τὴν
2663 3997 2749 4052 διὰ
2798 3999 2971 4067 λόγων
3012 4001 3390 4068 πνευματικὴν
3451 4001 3587 4069 ἡμῖν

2008 4092 2333 4160 δειμάμενος
2365 4090 2656 4159 Κλίμακα·
2690 4089 2829 4157 Δίψα
2853 4091 2948 4141 καὶ
2981 4091 3257 4159 ἀγρυπνία
3295 4090 3588 4159 ἐξέθλιψαν

2012 4183 2240 4251 καρδίαν
2261 4199 2274 4212 ·
2306 4181 2533 4252 καρδίας
2565 4181 2622 4234 δὲ
2647 4181 2944 4250 θλιὸείσης,
2980 4181 3320 4252 ἐξεπήδησαν
3350 4183 3585 4251 δάκρυα.

2021 4274 2080 4327 '0
2111 4275 2168 4326 δὲ
2201 4273 2524 4343 δοκιμάσας.
2594 4274 2748 4343 φησι,
2821 4275 3044 4342 γελάσει
3087 4277 3145 4328 ἐν
3181 4275 3394 4336 τούτοις
3422 4314 3438 4337 ,
3491 4275 3588 4327 τὸν

349 4370 591 4423 ascendit
624 4387 642 4420 ι
682 4371 813 4436 quid
853 4370 924 4419 sit
971 4368 1176 4422 inutilis
1213 4371 1723 4442 int-Oiisolabilisquc
1748 4385 1800 4426 et
1831 4377 1911 4427 iti-

2015 4369 2283 4438 μακάριον
2314 4367 2556 4437 δηλονότι
2604 4366 2842 4433 γέλωτα,
2875 4366 3272 4436 παρακληθεὶς,
3302 4367 3379 4429 ὡς
3408 4370 3437 4420 ὁ
3471 4367 3591 4421 Κύ-

348 4461 707 4514 terminabilis
734 4459 820 4512 ille
845 4459 1044 4512 luctus.
1075 4460 1170 4517 llis
1204 4462 1350 4515 enim
1375 4465 1464 4531 qui
1499 4465 1549 4516 in
1586 4464 1752 4520 Deum
1789 4482 1915 4536 pec-

349 4563 630 4613 caverunt,
665 4566 736 4605 ex
780 4550 1108 4606 olIeusarum
1162 4557 1350 4608 notitia
1401 4556 1580 4612 lnrtus
1619 4559 1910 4614 excitatur.

349 4646 462 4700 Illis
493 4645 658 4714 igitur
697 4645 962 4712 reprobis,
1006 4645 1149 4700 dulci
1185 4662 1280 4716 spe
1312 4647 1486 4703 ablata
1531 4659 1589 4706 et
1633 4651 1917 4722 desperata

350 4739 544 4800 salute,
604 4738 829 4792 invitum
884 4753 1153 4808 quemque
1201 4743 1520 4798 retttordcns
1585 4747 1917 4800 conscientia

349 4829 498 4883 luctu
531 4830 774 4895 ingravat
817 4839 1093 4896 urgentem
1143 4831 1405 4886 dolorem.
1459 4831 1525 4885 Et
1591 4835 1678 4888 hic
1732 4850 1920 4890 rursus

356 4931 413 4976 et
462 4936 680 4989 semper
735 4922 935 4987 luctus,
997 4931 1180 4991 utpote
1249 4941 1522 4994 nunquam
1581 4939 1916 4995 cessaturus,

350 5015 472 5070 novi
529 5013 706 5070 luctus
740 5014 794 5066 lit
840 5015 1016 5084 origo,
1048 5027 1102 5068 et
1133 5016 1239 5069 alia
1301 5026 1433 5070 tetra
1467 5019 1662 5089 caligo,
1693 5033 1748 5076 et
1770 5023 1925 5077 calore

350 5111 469 5164 sine
500 5106 804 5176 relrigerio,
830 5119 884 5161 et
913 5110 1146 5178 abyssus
1190 5111 1584 5180 desperationis
1616 5113 1845 5168 infinita.

422 5201 575 5255 Nunc
622 5215 752 5254 vero
807 5201 983 5255 luctus
1041 5202 1259 5258 maximi
1314 5203 1577 5272 estprctii
1610 5217 1626 5257 :
1656 5207 1918 5271 propitius

351 5294 496 5346 enim
531 5295 752 5346 exaudit
782 5291 938 5354 Deus,
995 5295 1083 5362 qui
1115 5293 1180 5347 ad
1232 5309 1329 5349 nos
1359 5297 1657 5350 visitaudos
1686 5297 1918 5352 descen-

353 5386 451 5450 dit,
487 5396 541 5438 et
569 5388 645 5438 sic
680 5386 988 5454 lugentibus
1042 5387 1291 5454 promisit
1327 5389 1776 5455 consolationem,
1814 5392 1919 5446 sci.

353 5476 481 5531 licet
504 5479 760 5547 seipsuiu,
792 5479 884 5548 qui
941 5477 1240 5536 Paraclitus
1269 5493 1351 5538 cst
1372 5493 1425 5536 et
1454 5493 1693 5540 vocatur.
1726 5484 1920 5544 Vidisti

431 5657 472 5689 "
515 5657 532 5710 l
569 5660 689 5714 Cor.
735 5679 790 5727 Il,
845 5665 894 5717 9.

2013 4477 2124 4530 ριος
2152 4460 2534 4529 ἐπηγγείλατο.
2571 4460 2682 4512 Καὶ
2712 4460 2822 4512 ἀπὸ
2858 4460 2954 4528 μὲν
2979 4458 3076 4527 τῆς
3108 4460 3165 4510 ὲν
3211 4457 3427 4527 τώματι
3464 4459 3591 4511 θεο-

2011 4553 2200 4622 φιλοῦς
2238 4554 2536 4622 πτωχείας,
2569 4552 2630 4605 τὸ
2666 4550 3016 4622 μακαριστῶς
3071 4551 3433 4621 παρακαλοῦν
3460 4553 3592 4615 τοὺς

2011 4645 2384 4716 κεκτημένους
2411 4645 2628 4710 πένθος,
2660 4643 2834 4706 οὕτως
2888 4643 3000 4712 ἔχει
3044 4643 3146 4714 τὴν
3174 4643 3407 4711 γένεσιν.
3455 4645 3594 4698 Ἀπὸ

2010 4738 2067 4792 δὲ
2099 4739 2193 4793 τοῦ
2224 4739 2632 4808 κατεπτηχότας
2667 4737 3030 4806 φρονήματος,
3071 4737 3164 4788 καὶ
3197 4735 3292 4804 τῆς
3322 4736 3467 4788 κατὰ
3494 4736 3596 4806 ψυ·

2012 4837 2111 4905 χὴν
2138 4834 2326 4888 ἐνθέου.
2344 4831 2749 4897 ταπεινώσεως,
2785 4831 2900 4893 πῶς
2920 4848 2936 4896 ;
2971 4831 3036 4882 Ἢ
3071 4829 3424 4900 αύτομεμψία
3458 4833 3592 4885 σύν-

2013 4945 2164 4981 εστιν
2210 4927 2299 4980 ἀεὶ
2331 4930 2396 4997 τῇ
2454 4925 2790 4979 ταπεινώσει
2823 4925 2920 4993 τῆς
2964 4924 3178 4995 ψυχῆς·
3228 4921 3370 4991 αὕτη
3412 4924 3471 4976 δὲ
3495 4925 3594 4977 τὸν

2011 5024 2111 5093 τῆς
2161 5024 2244 5076 κο)
2258 5025 2430 5084 άσεως
2477 5022 2641 5091 φόϐον
2672 5021 2769 5090 τὴν
2804 5019 3430 5090 ἀρχὴνιὲπανατείνεται
3464 5035 3597 5087 σφοο

2012 5116 2188 5188 δρῶς’
2227 5116 2332 5186 πρὸ
2393 5113 2687 5184 ὀφθαλμῶν
2757 5112 2984 5165 ποιοῦσα
3013 5152 3027 5175 ,
3061 5112 3159 5182 τὴν
3216 5113 3272 5177 ἐξ
3327 5113 3595 5164 ἐναντίων

2015 5208 2252 5278 ἐκείνην,
2275 5209 2353 5270 είς
2375 5206 2493 5268 ἑνὸς
2513 5204 2872 5275 κολαστηρίου
2895 5201 3340 5274 φρικωδεστάτην
3364 5200 3594 5270 συνδρο-

2020 5301 2162 5372 μήν·
2217 5300 2310 5352 καὶ
2341 5299 2421 5351 ἔτι
2461 5295 2783 5368 προσθήκην
2831 5295 2925 5346 τοῦ
2957 5294 3111 5356 δέους
3161 5291 3488 5362 ἐμποιοῦσα,
3526 5295 3594 5344 ἐκ

2016 5392 2109 5446 τοῦ
2146 5390 2436 5462 μανθάνειν
2469 5391 2706 5461 ἄρρητον
2741 5389 2959 5456 ἐκείνην
3005 5383 3194 5449 οὖσαν,
3221 5385 3313 5448 ’ὡς
3350 5385 3446 5438 καὶ
3479 5385 3594 5437 τῶν

2019 5482 2325 5553 εἰρημένων
2377 5481 2722 5550 δεινοτέραν·
2766 5479 2825 5532 τὸ
2852 5478 2910 5530 δὲ
2956 5476 3312 5547 ἀτελεύτητον
3371 5477 3593 5547 ἐκείνης
