3962 6208
437 221 576 282 1077

1542 222 1639 282 DE
1680 221 2024 283 MENTALI
2070 221 2172 293 QU
2185 220 2559 282 [ETUDINE

3546 222 3674 283 1078

441 354 620 413 αᾷῡις,
655 351 752 418 ὅση
788 348 1072 419 προσθήκη
1095 346 1206 406 τοῖς
1232 341 1447 403 δεινοῖςῑ
1487 339 1722 394 Καύσων
1756 340 1882 409 γὰρ,
1912 331 2006 387 κ..ὶ

2123 343 2286 389 artum
2320 352 2385 392 ex
2417 337 2599 392 anima
2639 335 2920 392 liuniiliata
2957 338 3181 399 luctum,
3227 345 3276 390 et
3317 337 3590 389 snliortam
3624 338 3675 390 ei

439 445 511 512 ψύ
532 460 631 511 (ος,
665 442 757 493 καὶ
788 440 998 503 σκότος,
1039 439 1133 488 καὶ
1191 435 1322 503 πῦρ,
1350 433 1446 485 καὶ
1475 431 1636 501 φορὰ,
1667 432 1760 483 καὶ
1798 430 2005 493 στάσις,

437 532 616 601 δεσμά
642 547 698 583 τε
729 527 824 582 καὶ
849 527 1099 597 δείματα,
1129 524 1220 576 καὶ
1241 521 1446 591 θηρίων
1467 519 1709 584 ἀειςώων
1730 519 1999 589 δήγματα,

439 660 542 696 κατ
581 641 798 711 ἐκείνην
821 643 899 701 εἰς
923 640 980 694 ἒν
1008 640 1299 707 συνάγεται
1319 636 1415 708 τὴν
1435 634 1755 703 καταδικην.
1771 630 1882 685 Καὶ
1901 629 1994 683 ούδ

437 735 612 794 οὓτως
669 728 782 786 οἷον
839 733 1016 786 ἐκεῖνο
1065 731 1127 786 τὸ
1175 729 1346 784 δεινὸν
1378 728 1733 797 παρίσταται,
1759 723 1902 776 κατὰ
1950 727 2010 774 τὸ

437 823 844 893 γεγραμμένον,
863 823 957 874 ἐπὶ
987 819 1112 874 νοῦν
1131 821 1230 874 οὐκ
1255 816 1595 889 ἀναϐεϐηκδς
1614 811 1929 884 ἀνθρώπου.
1946 809 2012 861 Τί

441 919 505 985 δὴ
525 916 586 968 τὸ
615 915 875 984 ἀνόνητον
902 912 997 966 καὶ
1034 911 1423 983 ἀπαράκλητον
1453 907 1548 960 καὶ
1578 906 1814 975 ἄληκτον
1838 902 2016 955 ἐκεῖιο

440 1004 674 1069 πένθος;
706 1003 833 1066 Τοῖς
865 1001 979 1073 γὰρ
1010 1003 1090 1064 εἰς
1123 1000 1256 1054 Θεὸν
1295 995 1655 1068 ἁμαρτοῦσιν,
1689 997 1752 1046 ἐκ
1784 993 1878 1061 τῆς
1905 990 2014 1045 τῶν

440 1098 821 1167 ἐπταισμένων
873 1095 1226 1161 ἐπιγνώσεως
1285 1092 1520 1144 κινεῖται
1579 1086 1812 1151 πένθος;
1869 1084 2016 1136 Ἐκεῖ

436 1189 614 1243 τοίνυν
665 1185 1072 1256 ἐληλεγμένοις,
1123 1182 1350 1252 καὶτῆς
1392 1179 1772 1251 χρηστοτέρας.
1799 1175 2012 1237 ἐλπίδος

439 1281 811 1353 ἀνῃρημένης,
839 1277 933 1332 καὶ
962 1278 1058 1348 τῆς
1089 1275 1359 1345 σωτηρίας
1389 1270 1846 1339 ἀπεγνωσμένης,
1871 1268 1898 1320 ὁ
1919 1265 2014 1320 τοῦ

439 1365 741 1434 συνειδότος
772 1369 880 1422 τότ’
921 1368 1176 1430 ἀκούσιος
1208 1367 1450 1435 ἐλεγχος,
1480 1361 1698 1432 ἑκάστῳ
1729 1360 2014 1412 πολυπλα-

441 1465 618 1527 σιάζει
639 1462 716 1533 τῷ
746 1461 956 1525 πένθει,
981 1460 1082 1532 τὴν
1115 1457 1475 1527 ἐπικειμένην
1499 1454 1693 1525 ὀδύνην
1712 1471 1726 1484 ο
1753 1455 1850 1506 καὶ
1865 1450 2016 1504 τοῦτ’

439 1551 593 1615 αὖθις
632 1554 725 1605 καὶ
768 1553 856 1605 ἀεὶ
903 1551 966 1603 τὸ
1002 1549 1219 1614 πένθος,
1275 1547 1352 1610 ὡς
1394 1546 1594 1618 μηκέτι
1651 1543 2015 1613 παυσόμενον,

441 1648 627 1718 ἑτέρου
677 1643 908 1708 πένθους
957 1641 1178 1712 ἀφορμὴ
1219 1641 1432 1708 γίνεται
1456 1653 1470 1668 ·
1506 1637 1608 1706 ,καὶ
1660 1636 1850 1698 σκότος
1889 1633 2018 1688 ἀλλο

441 1738 634 1799 δεινὸν,
673 1736 767 1790 καὶ
808 1734 1029 1788 καύσων
1063 1729 1525 1802 ἀψυχαγώγητος,
1557 1726 1657 1782 καὶ
1685 1727 1854 1798 βυθὸς
1889 1725 2019 1778 ἀθυ-

446 1831 574 1901 μίας
602 1832 903 1901 ἀμήχανος.
953 1826 1222 1882 Ἐνταῦθα
1254 1825 1320 1896 δὴ
1349 1825 1412 1879 τδ
1445 1824 1644 1887 πένθος
1671 1822 1838 1877 τοῦτο
1862 1821 2016 1875 λυσι-

442 1922 782 1975 τελέστατον.
815 1920 999 1983 Ἰλεως
1031 1918 1143 1988 γὰρ
1187 1915 1450 1970 ἐπακούει
1481 1915 1612 1978 Θεός
1637 1930 1651 1946 ο
1686 1914 1761 1976 ὡς
1790 1916 1883 1966 καὶ
1919 1911 2017 1979 μέ-

443 2033 565 2086 χρις
597 2013 754 2084 ἡμῶν
803 2011 1074 2081 κατῆλθεν
1124 2008 1576 2078 ἐπισκεψόμενος,
1611 2005 1703 2059 καὶ¹
1732 2008 1846 2069 τοῖς
1879 2003 2019 2057 οὕτω

443 2107 732 2160 πενθοῦσιν
762 2103 1130 2174 ἐπηγγείλατο
1158 2101 1256 2173 τὴν
1285 2098 1667 2170 παράκλησινο
1697 2099 1844 2167 ἤπερ
1873 2096 2018 2147 ἐστὶν

443 2201 603 2262 αὐτὸς
633 2197 992 2266 [Ιαρὰκλητός
1021 2211 1078 2248 τε
1110 2193 1185 2247 ὢν
1217 2193 1311 2247 καὶ
1360 2189 1716 2259 καλούμενος.
1745 2184 1898 2250 Εἶδες
1925 2187 2020 2238 καὶ

442 2292 503 2344 τὸ
534 2292 684 2361 παρά
733 2286 1212 2356 τεταπεινωμένης
1263 2285 1445 2353 ψυχῆς
1500 2281 1718 2345 πένθος,
1773 2280 1868 2334 καὶ
1921 2279 2020 2347 τὴν

445 2380 834 2450 ἐπιγινομένην
877 2377 1263 2447 παράκλησινς
1314 2373 1475 2428 Ἀλλά
1507 2372 1617 2440 γὰρ
1663 2371 1757 2424 καὶ
1792 2371 1826 2440 ἠ
1862 2371 2022 2424 αύτυ·

449 2472 659 2544 μεμψία
694 2473 830 2541 μόνη
859 2470 980 2524 καθ’
1007 2468 1198 2537 αὐτὴν,
1232 2467 1423 2534 ὥσπερ
1454 2482 1505 2518 τι
1536 2463 1702 2536 βάρος
1732 2461 1920 2532 νοητὸν
1943 2459 2021 2530 τῷ

446 2567 784 2637 λογιζομένῳ
819 2568 914 2634 τῆς
946 2564 1126 2634 ψυχῆς
1177 2561 1491 2615 ἐπιτεθεῖσα
1544 2559 1640 2612 καὶ
1698 2556 2019 2626 χρονίσασα,

447 2661 723 2731 συντρίϐει
754 2660 846 2711 καὶ
879 2656 1078 2722 πιέζει,
1109 2654 1206 2708 καὶ
1235 2653 1325 2706 τὸν
1352 2647 1495 2704 οἶνον
1523 2648 1761 2733 ἐκθλίϐει
1795 2647 1886 2701 τὸν
1911 2664 2022 2700 σω-

443 2756 652 2825 τὴριον,
698 2753 790 2804 τὸν
824 2751 1186 2820 εὐφραίνοντα
1234 2744 1461 2816 καρδίαν
1497 2741 1784 2813 ἀνθρώπου
1814 2778 1831 2805 ,
1860 2756 2020 2791 τουτ-

447 2844 560 2898 έστι
615 2844 704 2896 τὸν
735 2842 885 2904 ἐντὸς
934 2839 1092 2911 ἡμῶν
1138 2837 1444 2907 ἄνθρωπον.
1493 2830 1648 2895 Divo;
1677 2832 1735 2885 δὲ
1779 2829 2022 2892 τοιοῦτός

445 2937 591 2988 ἐστιν
618 2937 650 3000 ἡ
685 2932 977 2999 κατάνυξις
1005 2947 1020 2963 ·
1058 2928 1398 2983 συνεκθλίϐει
1432 2925 1542 2996 γὰρ
1591 2923 1669 2994 τῷ
1711 2921 1897 2975 πένθει
1926 2923 2022 2974 καὶ

2112 428 2562 484 consolationem.
2617 427 2828 482 Etenim
2880 429 2960 482 sui
3011 427 3289 496 despectio
3328 427 3438 481 sola
3471 442 3562 495 per
3593 443 3680 481 se-

2112 516 2306 584 ipsam,
2341 517 2500 585 quasi
2536 517 2774 571 torcular
2818 517 3100 586 spirituale
3138 517 3432 570 intr-lleCtui
3486 516 3679 570 animae

2111 607 2320 661 instans
2366 619 2419 661 et
2449 608 2790 670 incumbens,
2819 609 3050 662 conterit
3077 623 3138 663 ac
3169 610 3382 677 premit.
3419 618 3471 662 et
3498 608 3676 662 vinum

2109 699 2362 766 exprimit
2391 700 2627 753 salutare
2649 700 2790 770 quod
2823 699 3058 754 laetiﬁcat
3085 690 3179 752 cor
3213 700 3470 760 hominis,
3501 701 3549 751 id
3575 708 3677 761 est,

2113 793 2430 846 interiorem
2479 803 2719 847 nostrum
2783 794 3077 848 lioininem.
3129 792 3239 846 lloc
3276 802 3452 846 autem
3494 792 3676 846 vinum

2109 893 2190 934 est
2243 883 2626 952 compnnctio,
2675 897 2795 952 quae
2836 882 3148 951 comprimit
3183 881 3330 936 luetu
3377 883 3677 950 paSsiones,

2112 987 2164 1029 et
2206 977 2442 1031 animam
2506 974 2695 1030 laetitia
2746 975 2918 1044 reptet
2966 975 3146 1036 beata,
3180 975 3297 1027 diro
3323 973 3677 1043 cupiditatum

2112 1070 2351 1136 pondere
2405 1068 2714 1121 liberatam.
2762 1066 3052 1133 Propterea
3086 1081 3108 1119 ι
3175 1063 3322 1118 Beati
3357 1066 3444 1134 qui
3481 1066 3681 1134 lugent,

2110 1160 2364 1228 quoniam
2401 1159 2498 1226 ipsi
2537 1155 2986 1212 consolabuntur.
3027 1174 3045 1207 ι

2181 1249 2256 1303 Ex
2291 1251 2470 1319 inapia
2500 1263 2652 1314 vero,
2689 1263 2786 1304 seu
2818 1248 2964 1318 quod
3011 1247 3152 1302 idem
3183 1257 3285 1312 εει,
3328 1262 3393 1301 ex
3443 1246 3682 1316 pecuniae

2111 1353 2166 1397 ct
2218 1343 2641 1396 substantiarum
2695 1350 3050 1410 paupertate,
3108 1357 3225 1407 «pta:
3259 1350 3342 1394 εει
3393 1340 3683 1407 conjuncta

2113 1435 2416 1502 paupertati
2448 1434 2694 1501 spiritus,
2753 1441 2810 1486 ut
2863 1447 3027 1501 snpra
3075 1431 3330 1494 diximus,
3380 1431 3493 1484 lta'c
3531 1430 3682 1484 enim

2113 1526 2294 1580 omnia
2326 1541 2385 1579 se
2439 1525 2672 1579 invicem
2723 1525 3012 1594 perliciunt
3069 1533 3124 1576 et
3175 1523 3461 1576 absolvunt
3496 1530 3552 1576 ut
3578 1523 3687 1576 sint

2115 1617 2225 1670 Deo
2287 1627 2436 1686 grata
2477 1631 2491 1669 :
2529 1631 2596 1672 ex
2668 1617 2758 1670 illa
2827 1619 2991 1686 igitur
3049 1624 3367 1685 paupertate
3418 1617 3686 1682 quomodo

2116 1708 2273 1762 nobis
2309 1719 2630 1762 innascatur
2664 1708 2840 1762 luctus
2879 1719 2934 1762 et
2981 1721 3042 1760 ea
3095 1721 3256 1774 quam
3293 1705 3448 1759 alIert
3487 1720 3686 1760 conso-

2112 1799 2266 1866 latio,
2298 1800 2665 1870 intelligenter
2699 1800 2910 1852 audies.
2959 1799 3172 1854 Etenim
3207 1810 3490 1868 postquam
3527 1799 3689 1850 Ιιοιιιι)

2113 1893 2324 1947 cunctis
2357 1893 2473 1946 vale
2522 1893 2690 1956 dicto,
2733 1907 2822 1946 res
2868 1900 2921 1944 et
2949 1906 3080 1960 opes
3113 1892 3515 1946 abrenuntiatas
3540 1891 3690 1957 abje-

2113 1984 2206 2046 cit,
2234 1984 2386 2054 juxta
2442 1995 2799 2053 praeceptum,
2838 1998 3025 2037 curam
3080 1985 3144 2037 de
3186 1983 3306 2040 ἱειὶε
3338 1997 3692 2051 supergressa

2114 2078 2319 2141 anima,
2352 2087 2672 2131 convertere
2705 2091 2762 2129 se
2788 2076 2854 2130 ad
2891 2092 3042 2131 suam
3080 2075 3246 2143 ipsius
3276 2089 3461 2129 curam
3494 2085 3688 2144 potest,

2115 2169 2284 2222 libera
2315 2168 2425 2235 jam
2460 2184 2491 2224 a
2544 2169 2778 2238 negotiis
2829 2167 3002 2238 ipsam
3056 2168 3299 2223 exterius
3344 2167 3692 2222 tlistralienti~

2122 2262 2242 2315 bus.
2273 2261 2407 2314 Cum
2441 2270 2620 2313 autem
2651 2261 2796 2313 omni
2847 2273 2998 2313 tuens
3039 2260 3281 2313 sensibili
3316 2260 3581 2328 superior,
3613 2261 3690 2317 la~

2118 2352 2321 2406 boriosi
2349 2352 2610 2405 diluvium
2659 2350 2891 2404 turbinis
2925 2352 3174 2420 despicit,
3219 2359 3272 2403 et
3303 2352 3522 2419 respicit
3553 2353 3694 2406 inte-u

2119 2446 2316 2498 riorem
2377 2443 2671 2508 hominem,
2726 2443 2901 2512 primo
2947 2445 3162 2512 quidem
3219 2444 3436 2498 intuens
3475 2454 3688 2512 turpem

2117 2537 2322 2590 larvam
2368 2551 2398 2588 a
2443 2535 2644 2589 misero
2674 2535 2826 2604 lapsu
2865 2535 2966 2588 sibi
3000 2535 3354 2602 applicatam,
3391 2535 3534 2589 luctu
3569 2552 3687 2588 eam

2120 2629 2400 2696 detergere
2459 2627 2663 2690 studet,
2719 2626 2912 2680 deinde
2961 2626 3050 2680 ubi
3097 2627 3298 2683 fwdum
3362 2626 3490 2679 illud
3553 2627 3691 2681 eluit

2119 2722 2539 2787 Operimeulntu,
2567 2730 2694 2774 tunc
2717 2719 2831 2788 jam
2869 2733 2975 2774 uOn
3013 2718 3177 2772 variis
3212 2719 3482 2773 italiitibus
3508 2721 3690 2776 anima

2122 2811 2313 2877 ignave
2345 2810 2630 2876 distracta,
2673 2792 2930 2878 in'ipsnm
2978 2809 3253 2877 penetrale
3287 2825 3473 2863 secura
3512 2811 3693 2878 ingrc-

2122 2903 2287 2964 ditttr,
2312 2911 2366 2955 et
2403 2903 2454 2954 in
2493 2911 2706 2955 secreto
2741 2901 2958 2955 Patrem
3017 2909 3158 2964 Orat,
3202 2911 3256 2955 et
3297 2903 3384 2957 hic
3424 2903 3494 2956 illi
3527 2919 3693 2970 capac

445 3028 513 3082 τὰ
540 2995 714 3096 πάθη*
750 3023 845 3078 καὶ
869 2995 1045 3095 χαρᾶς
1067 3023 1165 3091 τὴν
1199 3020 1374 3091 ψυχὴν
1407 2995 1606 3087 πληροῖ
1653 3009 2019 3084 μακαριστῆς,

2126 3010 2242 3048 cem
2319 2995 2616 3063 gratiarum
2702 2996 2967 3064 gratiam,
3047 3010 3234 3062 pacem
3307 2996 3690 3063 cogitationum

444 3120 539 3172 τοῦ
579 3118 719 3171 κατά
777 3116 952 3169 ταῦτα
1007 3111 1179 3167 δεινοῦ
1236 3112 1432 3182 βάρους
1490 3106 1868 3171 ἀπαλλάξασα.
1923 3105 2022 3158 Διὰ

445 3212 603 3263 τοῦτο
639 3229 655 3260 ι
695 3203 969 3277 Μακάριοι
992 3208 1038 3258 οἱ
1076 3201 1417 3266 πενθοῦντες,
1445 3200 1525 3252 ὅτι
1552 3199 1704 3252 αὐτοὶ
1735 3195 2018 3267 παρακλη-

446 3302 718 3372 θήσονται.
761 3320 778 3351 ι
829 3299 986 3368 Παρὰ
1035 3297 1090 3349 δὲ
1137 3299 1230 3365 τῆς
1262 3291 1684 3362 ,ἀκτημοσύνη;,
1739 3291 1937 3343 ταυτὸν
1973 3287 2018 3340 δ’

448 3395 620 3445 εἰπεῖν
659 3393 760 3461 τῆς
809 3389 951 3444 κατὰ
990 3388 1087 3458 τὴν
1119 3383 1462 3455 περιουσίαν,
1497 3381 1590 3434 καὶ
1620 3380 1688 3432 τὰ
1720 3379 1847 3449 περ)⁴
1873 3378 2024 3448 ἡμᾶς

451 3486 766 3557 ὑπάρχοντα
798 3483 1070 3550 πτωχείας
1093 3497 1104 3508 ·
1163 3475 1518 3546 συνημμένης
1555 3473 1739 3541 μέντοι
1765 3473 1831 3540 τῇ
1875 3488 2022 3522 πτωο

447 3581 570 3650 χεία
601 3577 693 3630 τοῦ
728 3576 1054 3645 πνεύματος.
1090 3568 1164 3632 ὡς
1196 3569 1452 3636 ἀνωτέρω
1482 3565 1713 3635 ἔφημεν.
1753 3562 2026 3630 Συναλλή-

446 3669 556 3730 λοις
607 3668 714 3736 γὰρ
759 3665 914 3720 ταῦθ’
971 3663 1185 3716 ἅπαντα
1240 3658 1539 3727 τελούμενα
1589 3655 1778 3708 τέλειά
1822 3670 1879 3704 τε
1931 3652 2024 3703 καὶ

448 3762 716 3830 εύάρεστα
743 3758 882 3828 Θεῷ.
914 3753 1069 3826 Παρά
1117 3753 1372 3820 τοιαύτης
1404 3747 1692 3819 τοιγαροῦν
1729 3744 2020 3814 πτωχείας,

448 3849 592 3908 ὅπως
622 3849 752 3917 ἡμῖν
807 3845 1080 3912 ἐγγίνεται
1116 3842 1175 3894 τὸ
1213 3840 1431 3904 πένθος,
1465 3839 1557 3889 καὶ
1586 3839 1620 3906 ἡ
1653 3838 1710 3887 ἐν
1738 3833 1887 3902 αὐτῷ
1917 3850 2024 3884 πα-

455 3942 732 4012 ράκλησις,
770 3939 1002 4002 συνετῶς
1036 3938 1250 3993 ἀκούων
1283 3935 1427 4009 εἴσῃ.
1470 3934 1579 3988 Καὶ
1610 3932 1716 4001 γὰρ
1751 3929 1968 3982 ἐπειδάν
1996 3929 2024 3980 ὁ

450 4034 544 4088 ἄνθ
557 4050 734 4102 ρωπος
769 4033 903 4086 πᾶσι
944 4024 1156 4099 χαίρειν
1182 4026 1375 4092 εἰπὼν,
1406 4027 1520 4086 τοῖς
1543 4041 1601 4074 τε
1629 4023 1898 4092 χρήμασι,
1929 4018 2026 4072 καὶ

449 4128 560 4187 τοῖς
597 4127 874 4196 κτήμασιν
922 4121 1286 4191 ἀποτάξηται,
1335 4117 1510 4172 ταῦτα
1549 4111 1769 4196 ῥίψαςῆ
1799 4109 2024 4179 σκορπί-

453 4235 572 4281 σας,
605 4217 746 4270 κατά
771 4215 868 4283 τὴν
901 4213 1149 4283 ἐντολήν⁶
1187 4215 1287 4281 τῆς
1311 4209 1437 4279 περὶ
1468 4207 1604 4260 αὐτὰ
1639 4204 1905 4274 μερίμνης
1928 4201 2025 4269 τὴν

450 4307 628 4375 ψυχὴν
657 4303 1069 4371 ἀπαναστήσας,
1121 4297 1497 4369 ἐπεστράφθαι
1532 4293 1662 4364 πρὸς
1701 4294 1796 4360 τὴν
1827 4290 2025 4356 ἑαυτῆς

451 4396 754 4466 ἐπισκοπὴν
809 4395 1055 4464 ἐφίησιν,
1116 4390 1406 4460 ἐλευθέραν
1465 4387 1576 4438 τῶν
1629 4380 2019 4452 πραγματικῶς

2132 4384 2186 4429 et
2237 4375 2571 4430 cnim-ientia
2635 4373 3129 4440 irreprcliensibilis
3186 4373 3242 4426 tit
3296 4389 3312 4430 :

452 4485 846 4557 περισπώντων
889 4482 1084 4546 ἔξωθεν
1118 4481 1309 4548 αὑτήν.
1374 4476 1646 4546 Ὀπηνίκα
1676 4473 1720 4525 δ’
1758 4471 1824 4524 ἂν
1853 4471 1880 4522 ὁ
1905 4467 2026 4528 νοῦς

451 4575 712 4646 αἰσθητοῦ
759 4574 960 4636 παντὸς
1008 4573 1315 4637 ἀπαναστῇ,
1369 4569 1465 4620 καὶ
1516 4566 1607 4618 τοῦ
1639 4557 2026 4627 κατακλυσμοῦ

450 4667 552 4735 τῆς
584 4667 712 4736 περλ¹
746 4664 920 4717 ταῦτα
967 4661 1172 4732 τύρϐης
1221 4657 1631 4726 dvorto-immo).
1676 4648 2025 4718 κατοπτεύσῃ

453 4762 544 4815 τὸν
581 4762 732 4823 ἐντὸς
782 4759 1090 4829 ἄνθρωπον,
1120 4753 1338 4824 πρῶτον
1370 4751 1468 4819 μὲν
1493 4746 1678 4800 ἐνιδὼν
1709 4745 1768 4798 τὸ
1791 4757 2030 4814 προσγε-

455 4853 754 4923 γενημένον
787 4850 1020 4921 είδεχθές
1071 4846 1409 4916 προσωπεῖον
1439 4842 1502 4892 ἐκ
1543 4839 1643 4907 τῆς
1673 4837 1824 4890 κάτω
1868 4849 2025 4903 περι-

457 4948 794 5016 πλανήσεως,
819 4942 975 4996 τοῦτο
1001 4939 1090 4992 διὰ
1113 4936 1340 4996 πένθους
1370 4931 1739 5000 ἀπονίψασθαι
1771 4926 1988 4980 σπεύδει
2007 4937 2023 4953 ο

456 5037 626 5090 ἔπειτ’
661 5035 881 5089 ἐπειδάν
917 5033 976 5088 τὸ
1009 5029 1251 5090 δυσειδὲς
1290 5026 1445 5080 τοῦτο
1476 5022 1705 5093 περιέλῃ
1739 5018 2024 5088 κάλυμμα,

455 5132 575 5183 τότε
610 5129 682 5200 μὴ
716 5128 989 5188 ποικίλαις
1025 5116 1380 5194 σχέσεσι’τῆς
1423 5116 1601 5188 ψυχῆς
1635 5112 1874 5181 ἀγεννῶς
1909 5112 2030 5164 δια-

458 5222 771 5290 σπωμένης,
811 5219 942 5270 εἵσω
964 5216 1070 5268 τῶν
1097 5215 1264 5274 ὅντως
1305 5210 1546 5280 ταμείων
1591 5205 1880 5275 ἀταράχως
1922 5221 2027 5272 χι·-

460 5316 562 5383 ρεί,
601 5312 695 5364 καὶ.
725 5310 802 5380 τῷ
824 5311 880 5361 ἐν
899 5305 1128 5377 κρυπτῷ
1149 5303 1324 5373 Πατρὶ
1362 5297 1726 5369 προσεύχεται
1757 5312 1770 5324 ·
1795 5295 1854 5358 ὃς
1878 5293 2027 5363 αύτῷ

458 5406 549 5457 καὶ
581 5404 642 5456 τὸ
668 5402 970 5474 χωρητικὸν
1012 5401 1120 5453 τῶν
1151 5396 1514 5467 χαρισμάτων
1549 5392 1740 5462 δῶρον,
1789 5389 1889 5456 τὴν
1918 5386 2028 5440 τῶν

457 5493 733 5563 λογισμῶν
785 5493 1007 5563 εἰρήνην
1034 5489 1100 5544 τά
1138 5487 1329 5559 πρῶτα
1378 5485 1633 5556 χορηγείο
1684 5479 1801 5552 μεθ’
1831 5475 1899 5551 ἧς
1929 5476 2027 5548 τὴν

578 5659 626 5691 ⁸⁸
671 5661 808 5714 i‘sal.
857 5676 908 5715 ι.

2124 3086 2376 3155 largitur,
2407 3103 2510 3155 qua
2550 3095 2805 3152 matrem,
2864 3087 3238 3153 nutricemch
3271 3089 3449 3141 omnis
3480 3088 3695 3142 virtutis

2125 3179 2488 3233 burnilitatem
2518 3178 2750 3246 perlicit,
2779 3194 2882 3230 non
2912 3194 3031 3232 eam
3061 3193 3176 3244 qum
3209 3177 3460 3232 incilibus
3499 3179 3697 3248 cuique

2124 3269 2325 3322 volenti
2351 3268 2531 3322 verbis
2560 3277 2612 3320 et
2643 3267 2922 3320 liabitibus
2957 3274 3189 3331 constat,
3223 3267 3311 3320 sed
3334 3284 3493 3336 quam
3521 3268 3696 3322 bonus

2123 3375 2186 3414 ac
2239 3360 2455 3414 divinus
2506 3367 2740 3413 testatur
2785 3359 3031 3427 spiritus,
3067 3366 3122 3411 et
3171 3375 3334 3427 quant
3365 3361 3506 3429 parit
3553 3363 3694 3416 idem

2123 3451 2346 3519 Spiritus
2375 3451 2426 3503 iu
2475 3451 2778 3504 visceribus
2829 3449 3117 3507 innovatus
3152 3449 3220 3503 ⁸⁸.
3257 3451 3396 3505 Intra
3449 3453 3545 3507 ltas
3583 3456 3695 3506 vir-

2124 3552 2289 3607 tutes,
2320 3542 2464 3595 velut
2516 3543 2653 3595 intra
2689 3551 2827 3595 tutos
2858 3540 3090 3609 paradisi
3123 3542 3417 3610 spiritualis
3442 3545 3694 3612 parietes,

2125 3648 2262 3686 verae
2299 3631 2643 3700 perfectionis
2676 3636 2836 3686 varize
2885 3632 3146 3701 pullulant
3201 3635 3450 3698 arbores,
3480 3637 3531 3688 in
3578 3639 3694 3705 ipso

2124 3736 2304 3777 autem
2357 3724 2536 3779 medio
2578 3728 2817 3795 assurgit
2863 3743 3017 3781 sacra
3066 3729 3348 3782 cliaritatis
3395 3729 3560 3798 regia,
3597 3746 3694 3799 pro

2123 3820 2278 3887 cujus
2335 3819 2564 3884 foribus,
2610 3816 2776 3872 futuri
2823 3819 3121 3887 praenuntia
3170 3821 3376 3885 steculi,
3408 3816 3708 3876 inetl‘abilis'

2123 3924 2178 3964 et
2233 3911 2604 3965 inaniisstbdis
2658 3911 2839 3965 laetitia
2891 3911 3066 3965 ﬂoret.
3100 3910 3231 3964 Nam
3291 3913 3469 3981 inopia
3519 3927 3696 3967 mater

2123 4015 2202 4057 est
2236 4004 2577 4067 securitatis,
2609 4004 2873 4057 securitas
2911 4015 3093 4056 autem
3137 4005 3455 4058 attentionis
3495 4018 3546 4058 et
3572 4021 3696 4059 ora-

2129 4097 2326 4158 tionis;
2367 4097 2446 4148 lia’.
2503 4111 2652 4160 vero,
2703 4095 2880 4149 luctus
2943 4108 3106 4164 atque
3165 4096 3353 4164 ﬂetus;
3387 4109 3436 4149 ct
3477 4099 3526 4150 lii
3560 4113 3697 4164 prie.

2127 4192 2497 4258 sumptiouem
2558 4188 2773 4255 delent;
2843 4187 2940 4242 hac
2986 4197 3162 4242 autem
3233 4189 3434 4254 ablata,
3491 4190 3699 4248 facilior

2129 4282 2346 4333 virtutis
2380 4282 2462 4332 via
2492 4279 2746 4343 ellieitur,
2809 4281 3061 4333 obicibus
3117 4281 3182 4334 de
3244 4271 3421 4334 medio
3451 4283 3696 4345 sublatis,

3370 4373 3484 4447 lucc
3534 4390 3697 4442 porro

2129 4467 2438 4519 scatnrinnt
2503 4463 2745 4518 lzctitiani
2797 4475 2847 4518 et
2912 4465 3127 4519 beatum
3185 4466 3378 4520 animae
3413 4468 3599 4522 risum.
3637 4469 3702 4521 Et

2133 4567 2258 4609 tunc
2301 4556 2550 4625 lacrymar
2598 4557 2799 4609 doloris
2834 4555 2888 4609 in
2941 4558 3261 4610 suavitatem
3318 4567 3612 4625 mutantur,
3646 4572 3702 4615 et

2131 4646 2224 4699 Dei
2266 4646 2477 4714 eloquia
2523 4647 2701 4700 dulcia
2773 4647 2978 4714 gutturi
3028 4664 3193 4716 super
3257 4650 3359 4703 mel
3401 4651 3481 4704 0ri
3539 4650 3697 4716 ﬁunt,

2129 4738 2470 4792 etoratiunis
2498 4738 2812 4805 etllagitatio
2847 4738 2901 4791 in
2934 4741 3230 4805 gratiarum
3261 4745 3531 4796 actionem
3569 4759 3702 4797 con-

2131 4832 2382 4890 vertitur,
2453 4840 2505 4882 et
2558 4827 2838 4882 meditatio
2889 4832 3196 4886 divinorum
3260 4835 3696 4888 testimoniorum

2134 4922 2424 4975 exsultatio
2455 4923 2634 4976 eordis
2658 4936 2760 4988 εει,
2786 4939 2904 4976 cum
2928 4938 3021 4991 spe
3041 4940 3157 4992 quae
3186 4940 3304 4991 non
3324 4925 3606 4979 confundit
3633 4928 3703 4991 ⁸ο,

2134 5023 2188 5066 ct
2219 5030 2338 5080 «tua:
2391 5015 2498 5068 illis
2539 5014 2689 5083 quasi
2751 5017 3010 5085 prailndio
3077 5016 3256 5070 libatis
3307 5027 3360 5072 et
3392 5018 3701 5086 bnjusrnodi

2134 5106 2468 5170 experientia
2504 5109 2847 5171 pra-gustatis
2889 5109 3170 5161 adlimrens
3201 5107 3703 5175 superaburnlantes

2135 5205 2419 5250 Soawtatis
2471 5199 2687 5250 divitias
2733 5197 2928 5267 partim
2979 5199 3160 5261 discit,
3205 5201 3344 5250 sicut
3378 5198 3577 5250 dicitur
3601 5198 3645 5228 ⁸ο
3686 5214 3700 5252 :

2141 5307 2160 5340 ι
2202 5288 2426 5343 Gustate
2473 5299 2525 5342 et
2560 5289 2736 5343 videte
2763 5290 3019 5360 quoniam
3041 5291 3222 5343 suavis
3250 5303 3332 5344 est
3363 5290 3638 5354 Dominus,
3677 5307 3702 5346 ι

2141 5398 2334 5449 nempe
2367 5384 2629 5436 exultatio
2658 5383 2953 5452 iustorum,
2994 5391 3257 5434 rectorum
3290 5382 3495 5448 ltetitia,
3528 5383 3707 5436 burni-

2136 5476 2265 5530 lium
2304 5477 2529 5542 deliciae,
2565 5489 2616 5531 et
2648 5478 2954 5532 consolatio
3002 5474 3279 5543 humiliter
3309 5476 3630 5547 lugentium.
