3912 6188
299 164 440 228 1079

1579 173 1622 231 G
1642 172 1971 235 REGORII
2026 179 2213 238 PALA
2230 179 2277 236 Μ
2293 175 2347 238 ,Ε

3409 165 3554 230 Ῑίέἑὲξ)

365 281 504 348 Quid
537 280 746 353 igitur?
774 281 912 338 Num
945 283 1050 338 huc
1081 299 1250 352 usque
1286 293 1493 338 tantum
1529 287 1874 341 consolatio?

1973 278 2302 346 γεννητικὴν
2369 293 2428 329 τε
2509 275 2604 329 καὶ
2676 273 3000 344 συνεκτικὴν
3062 272 3282 344 ἀπάσης
3341 274 3548 342 ἀρετῆς

295 375 534 429 Ineceine
566 377 682 430 sola
733 377 876 431 sacri
941 377 1033 430 dos
1095 376 1372 446 cunjugii?
1407 376 1513 432 Nec
1554 378 1776 447 majoris
1811 395 1870 434 se

296 467 552 534 puritatis
581 468 825 522 datorem
865 467 1069 536 praebet
1109 469 1323 521 illarum
1359 471 1666 523 animarum
1703 485 1870 537 spon-

295 575 387 612 sus
415 561 478 612 iis
516 560 609 626 qui
644 568 772 614 sunt
819 560 977 613 beato
1026 561 1170 612 luctn
1221 559 1469 628 perfecti,
1519 562 1872 631 mundatique

293 662 349 704 et
406 651 698 705 virtutibus
749 658 817 704 ut
886 665 1088 721 sponsa
1144 652 1368 705 ornati?
1407 649 1525 706 Non
1571 654 1650 708 sic
1682 666 1696 707 :
1727 668 1872 707 nunc

294 746 440 797 enim
482 758 580 796 nos
611 743 787 811 parati
835 759 1024 798 sumus
1061 747 1126 798 ad
1163 745 1616 814 vituperationem
1679 760 1869 798 eorum

293 835 384 900 ψιί
433 837 496 888 ad
546 850 644 890 nos
679 834 913 889 dicunt:
947 834 1026 890 Ne
1073 837 1367 906 prophetes
1416 836 1468 890 in
1517 837 1735 891 nomine
1761 836 1869 890 Do-

296 928 463 992 mini;
493 942 672 992 secus,
719 928 1309 997 projicietnus’nomen
1358 940 1509 983 tuum
1543 938 1600 983 ut
1645 929 1870 998 malum,

301 1020 648 1073 mendacium
680 1029 736 1074 et
773 1021 1071 1075 calumnias
1102 1029 1288 1075 contra
1324 1030 1374 1074 te
1409 1029 1793 1090 componentes
1818 1029 1873 1076 et

1968 372 2168 424 τελειοῖ
2233 369 2558 424 ταπείνωσιν
2594 368 2700 421 ὀύ
2764 372 2875 432 τοῖς
2955 368 3243 435 ἀνυσίμοις
3303 369 3551 438 εὐχερῶς

1969 465 2046 535 τῷ
2102 464 2413 534 βουλομένῳ
2471 461 2682 532 ῥήμασί
2755 479 2813 514 τε
2880 461 2972 515 καὶ
3055 463 3304 531 σχήμασι
3362 477 3553 514 συνισ-

1968 557 2232 628 ταμένην,
2291 555 2430 609 ἀλλὰ
2476 555 2572 624 τὴν
2641 553 2745 606 ὑπὸ
2799 555 2893 606 τοῦ
2977 554 3185 622 ἀγαθοῦ
3246 555 3342 607 καὶ
3397 554 3554 606 θείου

1969 649 2288 717 Πνεύματος
2378 646 2840 718 μαρτυρουμένην
2888 662 2902 677 θ
2990 647 3056 716 ἢν
3141 647 3273 700 αὐτὸ
3368 648 3555 709 κτίζει

1967 742 2026 796 τὸ
2082 743 2309 810 Πνεῦμα
2375 744 2487 803 τοῖς
2549 732 2806 808 ἐγκάτοις
2882 740 3354 809 έγκαινιζόμενον.
3453 741 3556 791 Ἐν

1965 835 2029 904 δὴ
2083 835 2331 898 ταύταις,
2405 833 2596 902 ὥσπερ
2655 834 2713 886 ὲν
2775 833 3012 902 ἀσφαλεῖ
3074 833 3557 904 περιτειχίσματι,

1963 925 2056 980 τοῦ
2133 927 2274 980 κατά
2347 927 2473 979 νοῦν
2551 927 2904 996 παραδείσου,
2987 927 3055 979 τά
3129 928 3229 997 τῆς
3309 925 3558 996 ἀληθοῦς

1963 1019 2168 1090 ἀρετῆς
2248 1018 2572 1074 παντοδαπά
2644 1019 2836 1093 δένδροα
2913 1019 3156 1089 φύεταιο
3225 1020 3556 1089 μεσαιτάτω

292 1110 704 1180 prophetantes.

1973 1108 2010 1162 δ’
2058 1109 2539 1186 ἀνεγείρεταιψτά
2596 1109 2696 1176 τῆς
2772 1111 2999 1178 ἀγάπης
3059 1110 3182 1179 ίερά
3234 1111 3494 1179 ’βασίλεια
3532 1126 3554 1143 ⁸

290 1205 496 1258 τούτων
525 1204 568 1256 δ’
605 1205 662 1256 ὲν
715 1201 1029 1276 προθύροις,
1059 1203 1148 1254 rb‘
1183 1202 1472 1271 προοίμιον
1501 1200 1596 1253 τοῦ
1640 1200 1939 1269 μέλλοντος
1973 1185 2192 1267 αἰῶνος,
2227 1200 2259 1270 ἠ
2317 1185 2683 1268 ἀνεῖῇιλητός
2732 1212 2791 1250 τε
2845 1195 2941 1250 καὶ
2991 1197 3355 1266 ἀναφαίρετος
3395 1198 3557 1252 ἀνθεῖ

293 1305 437 1375 χαρά
462 1322 476 1336 ’
514 1304 698 1374 μήτηρ
739 1300 864 1372 ’γὰρ
913 1301 1271 1372 ἀκτημοσύνη
1311 1300 1410 1369 μὲν
1447 1300 1784 1371 ἀμεριμνίας
1810 1316 1826 1332 ⁸
1870 1298 2179 1372 ἀμεριμνία
2207 1298 2264 1353 δὲ
2320 1297 2598 1369 προσοχῆς
2647 1296 2744 1349 καὶ
2796 1295 3145 1366 προσευχῆςο
3179 1295 3235 1348 αί
3284 1294 3363 1358 δὲ,
3417 1295 3559 1348 πένε-

290 1401 420 1460 θους
458 1379 831 1464 καίδακρύων
853 1411 866 1425 ·
897 1392 1072 1446 ταῦτα
1103 1390 1159 1444 δὲ
1198 1393 1298 1454 τάς
1331 1390 1630 1462 προλήψεις
1679 1391 2014 1461 ἀπαλείφει·
2045 1389 2253 1444 τούτων
2283 1390 2340 1444 δὲ
2387 1387 2873 1458 ἀποϐεὸλημένων,
2911 1388 3058 1459 ρᾴέυν
3104 1388 3138 1456 ή
3172 1385 3294 1441 κατ’
3351 1388 3560 1458 ἀρετὴκ

291 1495 410 1554 ὁδὸς
442 1493 680 1546 τελεῖται
710 1491 818 1543 τῶν
846 1487 1301 1559 προσισταμένων
1329 1488 1393 1540 ὲκ
1425 1488 1594 1558 μέσου
1645 1488 1976 1557 γεγονότων,
2011 1472 2109 1541 καὶ
2141 1486 2384 1546 συνειδὸς
2411 1484 2843 1553 ἀκατάγνωστον
2869 1480 3249 1552 προσγίνεται.
3279 1481 3472 1534 Ταῦτα
3502 1481 3561 1533 δὲ

293 1590 533 1660 πηγάζει
601 1588 704 1660 τὴν
760 1588 968 1658 χαρὰν,
1025 1585 1120 1639 καί⁵
1181 1585 1273 1638 τὸν
1339 1583 1441 1654 τῆς
1491 1584 1674 1655 ψυχῆς
1745 1583 2017 1655 μακάριον
2075 1583 2304 1652 γέλωτα.
2374 1580 2508 1636 Τότε
2565 1579 2630 1650 δὴ
2689 1581 2785 1633 καὶ
2839 1579 2901 1632 τὸ
2953 1579 3263 1634 κατώδυνον
3314 1577 3560 1646 δάκρυον

290 1687 370 1746 είς
439 1685 536 1754 ἡδὺ
613 1683 1036 1752 μεταποιεῖται,
1100 1679 1194 1732 καὶ
1273 1680 1343 1732 τὰ
1405 1679 1564 1747 λόγια
1622 1679 1716 1733 τοῦ
1785 1677 1921 1732 Θεοῦ
1982 1678 2059 1741 ὡς
2124 1678 2334 1752 γλυκέα
2399 1676 2479 1745 τῷ
2541 1675 2820 1746 λάρυγγι,
2889 1675 2987 1728 καὶ⁴
3059 1674 3202 1744 ὑπὲρ
3275 1672 3400 1742 μέλι
3480 1671 3558 1742 τῷ

292 1780 522 1848 στόματι
571 1779 808 1844 γίνεται,
867 1777 961 1828 καὶ
1009 1777 1040 1845 ἡ
1093 1774 1152 1826 ὲν
1199 1775 1486 1846 προσευχῇ.
1534 1774 1756 1843 δέησις,
1812 1773 1894 1836 είς
1944 1772 2304 1844 εὐχαριστίαν
2367 1770 2887 1840 μετασκευάςεται,
2941 1771 3037 1823 καὶ
3080 1771 3113 1839 ὴ
3182 1769 3382 1839 μελέτη
3445 1767 3558 1821 τῶν

290 1877 451 1928 θείων
505 1872 856 1943 μαρτυρίων,
913 1870 1265 1942 ἀγγαλλίαμα
1318 1871 1421 1941 τῆς
1481 1869 1707 1940 καρδίας
1759 1868 1902 1934 ἐστὶ,
1957 1867 2076 1938 μετ’
2124 1867 2342 1929 ἐλπίδος
2385 1865 2860 1934 ἀκαταισχύντου,
2919 1863 3015 1915 καὶ
3061 1857 3174 1916 οἷον
3230 1859 3559 1931 ὑφεστώσης

287 1978 348 2024 εν
395 1971 685 2042 προοιμίου
735 1970 942 2041 μοίρᾳ,
1010 1972 1075 2040 τῇ
1122 1961 1223 2022 ’τοῦ
1275 1970 1555 2040 γεύματος
1612 1967 1787 2036 ταύτῃ
1831 1964 1999 2036 πείρᾳ
2054 1963 2502 2036 προσομιλούσης
2556 1963 2776 2025 αὐτοῖς,
2845 1963 2944 2015 καὶ
2997 1960 3090 2013 τὸν
3140 1957 3558 2027 ὑπερϐάλλοντα

289 2063 524 2118 πλοῦτον
551 2063 654 2133 τῆς
689 2064 1058 2132 χρηστότητος
1094 2060 1479 2130 μανθανούσης
1505 2062 1570 2113 ἐκ
1601 2061 1820 2130 μέρους⁶
1864 2060 2005 2111 κατά
2026 2057 2117 2110 τὸν
2151 2059 2378 2125 λέγοντα
2406 2071 2422 2088 ⁸
2457 2076 2475 2108 ι
2512 2055 2790 2110 Γεύσασθε
2831 2055 2930 2109 καὶ
2954 2053 3115 2116 ίδετε,
3145 2052 3226 2105 ὅτι
3255 2051 3494 2120 χρηστὸς
3525 2053 3558 2104 ό

290 2164 494 2232 Κύριος
519 2177 533 2192 ο
573 2180 592 2212 ι
628 2161 689 2212 τὸ
731 2158 1051 2227 ἁγαλλίαμα
1101 2157 1208 2210 τῶν
1262 2157 1510 2221 δικαίων,
1543 2159 1574 2226 ή
1604 2157 1751 2226 χαρὰ
1803 2155 1912 2208 τῶν
1968 2155 2194 2220 εὐθέων,
2239 2156 2270 2224 η
2300 2153 2541 2224 θυμηδία
2589 2152 2699 2206 τῶν
2731 2148 3250 2220 τεταπεινωμένων,
3280 2147 3311 2217 ἡ
3346 2146 3457 2198 τῶν
3480 2142 3557 2198 δι’

287 2259 455 2311 αὑτὸν
485 2250 826 2308 πενθούντων
857 2249 1231 2320 παράκλησις,
1261 2250 1327 2301 Τί
1355 2247 1448 2302 οὖν
1476 2265 1492 2316 ;
1525 2250 1688 2320 μέχρι
1713 2249 1905 2301 τούτου
1943 2248 2016 2301 τὰ
2043 2249 2136 2318 τῆς
2172 2249 2600 2318 παρακλήσεως,
2635 2245 2733 2301 καὶ
2766 2243 2939 2298 ταῦτα
2978 2245 3116 2311 μόνα
3145 2240 3214 2292 τά
3253 2241 3349 2309 τῆς
3390 2240 3556 2310 ἱερᾶς

292 2351 586 2423 μνηστείας
618 2351 788 2420 δῶρα,
840 2347 935 2400 καὶ
996 2347 1380 2418 καθαρώτερον
1416 2347 1623 2398 τούτων
1650 2345 1910 2412 οὐδαμῶς
1952 2346 2244 2415 ἐμφανίζει
2277 2343 2497 2409 ἑαυτὸν,
2558 2346 2673 2405 τοῖς
2703 2339 2793 2394 διὰ
2846 2338 2943 2392 τοῦ
2980 2335 3257 2408 μακαρίου
3312 2333 3550 2397 πένθους

285 2449 659 2519 τελουμένοις,
692 2445 1125 2516 καθηραμένοις,
1150 2443 1244 2496 καὶ
1294 2444 1381 2496 διά
1413 2442 1518 2495 τῶν
1556 2443 1772 2514 ἀρετῶν
1816 2442 2175 2511 ἐσταλμένοις
2205 2439 2514 2516 νυμφικῶς,
2543 2441 2571 2492 ό
2599 2439 2711 2491 τῶν
2745 2437 3006 2490 τοιούτων
3057 2432 3244 2502 ψυχῶν
3277 2430 3548 2499 νυμφὶοςς

287 2546 599 2616 υύμενοῦν·
636 2543 728 2596 καὶ
760 2542 854 2594 νῦν
886 2543 995 2610 γάρ
1025 2541 1189 2610 ἡμεῖς
1213 2538 1323 2592 τῶν
1355 2539 1589 2607 ἑτοίμων
1623 2541 1702 2601 είς
1735 2539 2076 2608 κατηγορίαν
2110 2537 2218 2592 ὑπὸ
2251 2536 2553 2607 βασκανίας
2591 2538 2687 2590 καὶ
2707 2535 2872 2589 οἱονεὶ
2892 2533 3163 2603 λεγόντων
3194 2527 3328 2598 πρὸς
3353 2527 3506 2594 ἡμᾶς
3529 2542 3546 2560 ο

287 2639 362 2690 Οὐ
406 2637 480 2708 μὴ
505 2637 744 2708 λαλήσῃς
779 2635 872 2688 ἐπὶ
903 2633 980 2702 τῷ
1003 2634 1226 2702 ὀνόματι
1260 2631 1466 2699 Κυρίου
1491 2647 1506 2662 ·
1538 2631 1586 2683 εί
1615 2631 1668 2683 δὲ
1706 2633 1803 2701 μὴ.
1835 2630 2180 2702 ἐκϐαλοῐμέν
2212 2646 2306 2683 σου
2332 2631 2394 2684 τὸ
2424 2631 2598 2701 όνομα
2628 2627 2704 2692 ὡς
2729 2628 2990 2697 πονηρὸν,
3045 2621 3418 2693 συκοφαντίας
3448 2619 3550 2671 καὶ

285 2734 655 2805 ψευδηγορίας
684 2732 827 2786 κατὰ
860 2729 952 2783 σοῦ
987 2727 1329 2790 συντιθέντες
1359 2727 1452 2780 καὶ
1485 2726 1837 2794 φημίζοντες.

364 2839 484 2884 lSllS
509 2838 688 2882 autem
717 2830 1291 2896 nunc-praetermissis,
1315 2829 1544 2882 ulterius
1563 2844 1873 2883 sermonem

2044 2841 2262 2897 Τούτων
2321 2839 2522 2902 τοίνυν,
2575 2835 2669 2894 καὶ
2722 2835 2783 2888 τὸ
2841 2835 2940 2891 νῦν
2987 2837 3130 2908 ἔχον,
3181 2836 3558 2906 ἀλογήσαντες

290 2921 679 2994 producamus,
727 2925 1040 2971 sanctorum
1092 2917 1318 2972 Patrum
1368 2916 1528 2972 ellata
1567 2920 1875 2984 credentes,

1975 2932 2159 3002 ἡμεῖς,
2217 2928 2526 2998 περαιτέρω
2581 2926 2915 2997 προάγωμεν
2952 2925 3044 2980 τὸν
3100 2925 3280 2996 λόγον,
3326 2929 3398 2979 τά
3439 2929 3553 2982 τῶν

293 3017 560 3076 dicentes,
600 3013 1044 3080 iustruentesque
1098 3020 1150 3063 et
1176 3009 1301 3064 aliis
1351 3011 1686 3076 suadentes,
1721 3027 1872 3077 nam,

1975 3027 2147 3092 ἁγίων
2171 3013 2326 3092 ἧμῶν
2385 3021 2645 3093 Πατέρων
2687 3020 2780 3072 καὶ
2819 3020 3189 3087 πιστεύοντες,
3237 3022 3330 3076 καὶ
3359 3023 3555 3091 λέγων-

294 3116 354 3163 ιιι
397 3108 471 3161 ait
491 3103 755 3176 prepheta
785 3103 828 3136 ⁸⁸
863 3121 876 3158 :
919 3122 939 3156 ι
965 3104 1201 3169 Credidi,
1248 3113 1467 3174 promer
1491 3105 1630 3173 quod
1667 3105 1877 3162 locutus

1974 3133 2083 3179 τες,
2122 3117 2215 3167 καὶ
2255 3113 2391 3183 προς
2439 3112 2621 3164 ἐκεῖνα
2678 3108 2989 3180 βλέποντες,
3038 3111 3134 3166 καὶ
3192 3113 3317 3175 τοὺς
3358 3113 3555 3177 ἄλλους

294 3213 449 3266 sum;
482 3216 499 3246 ι
542 3205 597 3250 et
629 3209 730 3248 nos
763 3194 892 3266 quia
925 3195 1221 3256 credimus,
1263 3195 1383 3248 ideo
1411 3194 1705 3265 loquimur.
1736 3196 1872 3252 Cum

1976 3206 2275 3267 πείθοντες.
2318 3222 2337 3255 ι
2361 3201 2686 3254 Ἐπίστευσα
2738 3199 2868 3270 γὰρ,
2903 3201 3059 3269 φησι,
3089 3201 3168 3254 διὸ
3214 3203 3459 3272 ἐλάλησα
3484 3223 3496 3234 ·
3527 3225 3548 3258 ι

296 3291 442 3344 enim
480 3297 677 3343 cuncta
714 3287 889 3355 turpis
924 3285 1104 3354 passio
1135 3285 1203 3340 ab
1238 3289 1385 3340 intus
1415 3289 1637 3355 expulsa
1674 3297 1776 3354 est,
1821 3299 1896 3354 et,

299 3396 474 3446 mens,
507 3389 564 3433 ut
589 3381 834 3436 anterior
872 3378 1108 3432 ostendit
1138 3393 1341 3446 sermo,
1373 3381 1437 3432 ad
1479 3395 1538 3435 se
1581 3391 1633 3435 et
1673 3391 1878 3437 semet-

1979 3300 2072 3351 καὶ
2104 3298 2260 3365 ἡμεῖς
2289 3293 2639 3361 πιστεύομεν,
2671 3292 2750 3344 διὸ
2781 3293 2874 3344 καὶ
2899 3292 3188 3362 λαλοῦμεν.
3231 3294 3402 3349 Ὅταν
3443 3299 3554 3366 γὰρ

1977 3388 2122 3441 ἆπαν
2167 3385 2388 3454 αἰσχρὸν
2420 3383 2590 3443 πάθος
2637 3384 2845 3436 ἕνοικον
2884 3383 3155 3454 ἀπελαθῇ,
3189 3387 3283 3437 καὶ
3325 3388 3355 3438 ό
3402 3387 3554 3453 νοῦς,

301 3478 469 3544 ipsam
504 3483 559 3526 et
603 3471 739 3525 alias
766 3471 962 3524 anima:
996 3472 1270 3542 potentias
1301 3483 1623 3528 convertens
1664 3489 1876 3541 omnes,

296 3566 513 3618 cultura
552 3564 816 3646 virtutum
860 3561 1098 3620 animam
1130 3564 1443 3631 decoravit;
1476 3567 1542 3620 ad
1584 3568 1879 3634 perfectius

297 3659 620 3724 procedens,
644 3667 695 3710 et
715 3655 982 3726 practieas
999 3657 1176 3712 adhuc
1197 3660 1545 3715 escensiones
1563 3662 1877 3732 disponens,

297 3761 352 3806 et
381 3752 634 3820 amplius,
685 3751 982 3807 auxiliante
1029 3750 1162 3816 Deo,
1211 3767 1271 3808 se
1319 3754 1531 3820 lavaris,
1564 3755 1670 3808 iton
1701 3758 1878 3813 solum

303 3844 426 3897 ntali
456 3846 644 3898 sordes
673 3843 929 3913 detergit,
961 3843 1057 3899 sed
1079 3859 1243 3900 omne
1275 3846 1632 3901 adventitium
1665 3848 1731 3902 de
1767 3865 1882 3902 tne-

1973 3480 2049 3542 ὡς
2097 3479 2198 3550 ήδη
2251 3478 2459 3545 φθάσας
2518 3475 2786 3544 ἐδήλωσεν
2816 3476 2844 3530 ὁ
2898 3477 3076 3544 λόγος,
3109 3478 3272 3539 αὐτός
3309 3495 3372 3531 τε
3417 3482 3555 3549 πρὸς

1976 3572 2189 3634 ἑαυτὸν,
2225 3570 2319 3623 καὶ¹
2350 3570 2449 3630 τὰς
2477 3566 2642 3630 ἄλλας
2670 3568 2772 3638 τῆς
2802 3567 2980 3639 ψυχῆς
3007 3569 3265 3640 δυνάμεις
3298 3572 3561 3643 ἐπιστρέ-

1977 3666 2080 3735 ψας
2110 3662 2439 3734 ὁλοκλήροις,
2464 3662 2530 3730 τῇ
2553 3660 2795 3730 γεωργίᾳ
2825 3660 2934 3712 τῶν
2965 3661 3176 3732 ἀρετῶν
3212 3662 3556 3737 φιλοκαλήσῃ

1977 3760 2075 3828 τὴν
2098 3755 2275 3827 ψυχὴν
2311 3752 2515 3825 προῖὼν
2549 3754 2642 3805 ἐπὶ
2679 3752 2738 3806 τδ
2782 3752 3124 3823 τελεώτερον,
3176 3755 3269 3807 καὶ
3314 3772 3556 3825 πρακτι-

1982 3849 2081 3913 κὰς
2112 3847 2186 3900 ἐτ’
2214 3846 2503 3908 ἀναϐάσεις
2529 3844 2923 3915 διατιθέμενος,
2952 3845 3044 3899 καὶ
3078 3847 3172 3898 ἐπὶ
3210 3845 3391 3908 πλέον,
3415 3845 3554 3898 Θεοῦ

299 3937 389 3991 dio
423 3936 581 3996 tollit,
614 3937 827 3990 etiamsi
861 3937 992 3990 utile
1023 3937 1093 3990 sit
1136 3953 1391 4006 possessu
1430 3955 1491 3992 ac
1520 3941 1778 4009 cogitatu.
1819 3941 1878 3994 Et

1981 3938 2393 4009 συναιρομένου,
2430 3935 2643 3990 πλύνων
2677 3937 2896 3990 ἑαυτόν
2950 3939 3008 3988 ού
3042 3937 3109 3990 τά
3149 3937 3245 3989 τοῦ
3309 3927 3554 4008 πονηροῦ

300 4046 423 4081 eum
462 4029 819 4099 intelligilnilia
854 4040 908 4084 et
961 4045 1068 4084 non
1117 4032 1415 4086 invisibiles
1464 4036 1528 4087 de
1561 4037 1643 4089 his
1679 4039 1878 4104 cogita»

1978 4049 2136 4118 μόνον
2180 4049 2490 4117 ἀποσμήχει
2550 4047 2854 4118 κόμματος,
2909 4048 3045 4101 ἀλλὰ
3098 4051 3205 4102 πᾶν
3254 4051 3554 4117 ἐπίκτητον

307 4121 485 4173 tiones
508 4134 896 4192 supergressus
923 4121 1140 4181 attimus
1161 4162 1174 4186 ,
1209 4131 1264 4176 et
1295 4125 1475 4175 omnia
1509 4123 1786 4192 deponens
1817 4141 1878 4178 ex

1976 4143 2039 4191 ἐκ
2073 4140 2237 4209 μέσου
2271 4142 2530 4204 ποιεῖται,
2565 4139 2669 4192 κᾶν
2717 4140 2812 4208 τῆς
2864 4139 3232 4210 χρηστοτέρας
3351 4141 3552 4210 μοίρας

302 4213 394 4265 Dei
448 4227 638 4265 amore
685 4223 740 4266 et
797 4224 1019 4282 propter
1068 4213 1163 4268 Dei
1234 4231 1507 4282 amorem,
1561 4219 1762 4274 surdus
1831 4229 1878 4272 el

1978 4232 2070 4282 καὶ
2101 4230 2342 4292 διανοίας
2368 4246 2382 4260 ·
2413 4230 2576 4300 ἡνίκα
2603 4230 2667 4300 δὴ
2701 4230 2930 4296 νοητῶν,
2968 4233 3060 4284 καὶ
3107 4231 3215 4283 τῶν
3243 4231 3344 4284 οῦκ
3373 4233 3556 4300 ἀφαν-

305 4316 508 4369 mntus,
551 4315 605 4359 ut
632 4307 893 4377 scriptum
931 4316 1036 4370 est,
1085 4305 1197 4362 Deo
1243 4309 1449 4375 astitit;
1486 4322 1612 4364 tunc
1641 4326 1739 4377 pro
1773 4327 1878 4368 tua-

1984 4323 2187 4392 :a'to'rwy
2247 4321 2374 4391 περὶ
2413 4321 2604 4374 ταῦτα
2659 4323 2944 4392 νοημάτων
3027 4323 3394 4393 ὑπεραναϐἀς,
3457 4325 3556 4376 καὶ

302 4399 441 4451 toria
473 4399 726 4457 habetur,
751 4407 804 4450 et
832 4413 1086 4467 supremo
1120 4400 1381 4470 plasmate
1421 4402 1796 4462 conformatur
1829 4407 1878 4459 in

1978 4417 2154 4469 πάντα
2209 4412 2469 4483 θεοφιλῶς
2523 4413 2660 4482 ὁμοῦ
2710 4414 2807 4467 καὶ⁵
2874 4414 3134 4482 φιλοθέως
3186 4415 3554 4484 ἀποθέμενος,

304 4489 452 4542 uutni
508 4490 825 4552 securitate,
879 4490 1004 4558 quia
1056 4492 1192 4552 nihil
1247 4494 1495 4550 exterius
1542 4497 1611 4552 ad
1657 4497 1878 4567 januanl

1980 4507 2156 4575 κωφός
2198 4522 2257 4557 τε
2301 4505 2395 4556 καὶ
2441 4505 2658 4568 ἄλαλος,
2689 4504 2828 4558 κατά
2875 4506 2934 4557 τὸ
2991 4507 3401 4574 γεγραμμένον,
3441 4523 3555 4558 πα-

306 4581 511 4655 pulsat,
544 4581 638 4636 sed
692 4581 920 4638 interior
968 4586 1143 4656 gratia
1189 4587 1240 4640 in
1295 4589 1488 4644 melius
1524 4591 1804 4656 reformat,
1835 4602 1890 4648 et

307 4673 570 4730 inelIabili
629 4676 822 4747 vixque
888 4680 1138 4732 credibili
1201 4680 1326 4739 luce
1384 4684 1578 4744 intima
1621 4689 1884 4754 illustrat,

305 4779 472 4838 atque
525 4769 840 4826 interiorem
898 4773 1110 4843 perlicit
1157 4771 1455 4831 hominem.
1506 4778 1569 4837 Et
1614 4796 1738 4834 eum
1773 4783 1890 4836 dies

305 4861 568 4920 cluccseit
600 4871 653 4914 et
682 4862 880 4916 luciler
903 4877 1056 4918 ortus
1088 4877 1172 4920 est
1207 4869 1257 4920 in
1284 4873 1539 4925 cordibus
1574 4878 1793 4937 nostris,
1830 4886 1889 4929 ut

263 4963 266 4966 '
304 4957 379 5010 ait
412 4955 667 5024 princeps
712 4958 1082 5025 apostolorum
1141 4959 1211 5026 θ’,
1271 4963 1382 5016 exit
1429 4979 1592 5019 verus
1627 4969 1885 5022 hotnoad

306 5065 490 5103 rerum
521 5065 656 5117 opus
699 5065 879 5115 suum,
911 5061 968 5104 nt
1016 5053 1198 5120 psallit
1252 5059 1516 5125 propheta
1561 5057 1627 5123 ³³,
1667 5071 1722 5114 et
1769 5063 1888 5118 luce

307 5153 463 5196 utens
487 5146 755 5208 ascendit,
805 5153 861 5198 et
900 5148 1150 5206 educitur
1196 5150 1248 5203 in
1301 5161 1518 5206 tuontes
1550 5161 1806 5218 aeternos,
1839 5167 1894 5212 et

306 5234 608 5290 t-(Blestium
661 5252 841 5292 rerum
889 5239 944 5293 in
997 5240 1096 5294 hoc
1129 5241 1332 5299 lumine
1358 5245 1412 5308 (0
1442 5261 1528 5302 res
1567 5248 1892 5320 mirabilis!)

306 5330 617 5398 speculator
649 5331 726 5394 tit,
756 5347 860 5388 non
892 5333 1198 5403 disjunctus
1249 5347 1342 5392 aut
1373 5353 1656 5410 separatus
1692 5341 1724 5396 ἰι
1772 5363 1888 5399 ma-

310 5420 442 5474 tct'ia
477 5421 528 5474 in
583 5427 875 5497 principio,
937 5429 1004 5482 ad
1074 5444 1239 5485 ruam
1299 5435 1447 5493 ducit
1491 5438 1582 5493 illa
1620 5441 1884 5498 viazuon

1981 4601 2149 4672 ραστῇ
2175 4596 2312 4667 Θεῷ,
2366 4597 2662 4667 τηνικαῦτα
2689 4597 2844 4664 λόγον
2892 4597 3021 4666 ’ύλης
3051 4597 3212 4669 ἴσχει,
3255 4600 3350 4653 καὶ
3381 4598 3560 4652 πλάτ-
3605 4595 3613 4601 “

1987 4710 2128 4747 τεται
2171 4691 2271 4761 τὴν
2315 4690 2576 4744 ἀνωτάτω
2603 4689 2800 4741 πλάσιν
2838 4690 2931 4744 ἐπὶ
2971 4691 3152 4758 πάσης
3198 4689 3413 4754 ἀδείας·
3447 4690 3550 4742 ἅτε

1985 4789 2215 4857 μηδενὸς
2265 4787 2376 4841 τῶν
2435 4786 2672 4857 θύραθεν
2725 4786 3194 4855 θυροκοποῦντοςο
3249 4788 3350 4856 τῆς
3404 4788 3560 4851 ἔντος

1970 4880 2192 4950 χάριτος
2240 4881 2333 4933 ἐπὶ
2369 4879 2444 4932 ’τὸ
2511 4882 2754 4947 κρεῖττον
2812 4875 3402 4948 μεταρρυθμιζούσης,
3461 4873 3564 4930 καὶ

1971 4973 2298 5043 ἀπορρήτῳ,
2335 4972 2395 5024 τὸ
2427 4971 2882 5039 παραδοξότατον,
2916 4970 3054 5038 φωτὶ
3085 4969 3563 5038 καταλαμπούσης

1973 5066 2045 5118 τὸ
2072 5065 2237 5129 ἔνδον,
2271 5066 2363 5118 καὶ
2398 5063 2709 5132 τελειούσης
2745 5062 2838 5114 τὸν
2865 5062 3016 5123 ἐντὸς
3055 5061 3342 5130 ἄνθρωπον
3365 5077 3382 5091 ·
3417 5062 3565 5131 ἠμέ-

1977 5173 2075 5226 ρας
2101 5155 2155 5208 δὲ
2199 5155 2594 5223 διαυγασάσης,
2643 5153 2736 5205 καὶ
2764 5152 3054 5222 φωσφόρου
3079 5151 3467 5215 ἀνατείλαντος
3501 5152 3565 5205 ὲν

1975 5249 2093 5308 ταῖς
2118 5245 2368 5314 καρδίαις
2402 5246 2581 5315 ἡμῶν,
2613 5245 2757 5300 κατά
2789 5244 2880 5297 τὸν
2939 5243 2997 5295 ὲν
3037 5243 3358 5306 ἀποστόλοις
3386 5260 3564 5314 κορυσ-

1978 5341 2155 5406 ῳαῖον,
2205 5337 2370 5404 ἔξεισι
2401 5336 2545 5390 κατά
2600 5337 2660 5390 τὸ
2709 5336 3050 5407 προφητικὸν
3095 5335 3273 5389 έκεῖνο
3300 5335 3511 5402 λόγιον,
3537 5336 3568 5387 ὁ

1978 5430 2146 5494 ὅντως
2195 5430 2503 5498 ἄνθρωπος,
2559 5430 2654 5484 ἐπὶ
2705 5430 2804 5499 τὴν
2842 5430 3015 5493 ὅντως
3055 5429 3320 5500 ἐργασίαν
3365 5426 3562 5494 αὐτοῦ,

418 5582 458 5616 εν
500 5581 658 5638 Rutn.
719 5604 770 5653 ν,
829 5590 880 5644 5.
957 5593 996 5622 6°
1041 5591 1187 5652 Psal.
1225 5613 1416 5668 sum,
1454 5601 1506 5655 9.
1589 5602 1629 5635 θ’
1677 5605 1821 5662 Psal.
1853 5625 1878 5664 c

1973 5657 1974 5660 η
2055 5611 2098 5647 ε’
2129 5615 2168 5670 ll
2219 5617 2428 5686 Pctr.t,
2466 5616 2546 5676 l9.
2629 5619 2672 5652 ⁸³
2715 5616 2858 5677 l‘s-ai.
2895 5636 3008 5687 cut,
3042 5620 3134 5678 9.3.
