3962 6208
263 271 388 335 ιηκι
1362 266 1459 326 DE
1503 265 1818 325 MENTAL

1958 254 2416 324 UlETUDlNE.
3377 255 3517 328 1082

268 362 376 428 και
397 373 478 445 τῷ
512 376 648 442 φωτὶ
681 375 962 445 χρώμενος
989 380 1094 450 ὀδῷ
1127 377 1352 439 ἄνεισιν,
1460 377 1719 444 ἀνάγεται
1755 375 1832 426 ὲπ⁴

1957 376 2090 428 enim
2141 375 2244 429 alis
2293 375 2537 430 ascendit
2597 373 2850 428 mentalis
2905 371 3352 437 imaginationis,
3398 389 3521 440 qum

267 469 366 540 ὅρη
390 469 604 529 αἰών-να,
631 467 857 521 καὶτῶν
887 469 1274 540 ῦπερκοσμίων
1304 470 1362 521 ἐν
1395 469 1570 537 τούτῳ
1599 467 1678 537 τῷ
1705 466 1831 536 ιίιωτἸ

1957 468 2130 518 omnia
2162 467 2306 522 velut
2334 482 2470 522 caeca
2499 466 2796 530 circuiens,
2828 480 2928 520 uec
2953 466 3020 518 de
3047 466 3366 520 absentibus
3395 482 3521 520 sen-

269 560 612 629 πραγμάτων
662 557 728 628 (ὣ
782 560 875 612 τοῦ
912 559 1188 629 θαύματος
1217 561 1253 628 l)
1287 560 1533 628 ἐπόπτης
1585 557 1833 611 καθίστα-

1961 559 2220 620 sibilibus.
2250 574 2350 613 nec
2397 560 2462 612 de
2526 557 2897 626 superioribus
2957 557 3392 622 intelligibilibus
3433 573 3525 611 ac-

273 669 459 716 ταται,
501 651 576 720 μὴ
629 651 1107 721 διαζευγνύμενος,
1157 653 1189 722 ἢ
1247 652 1702 721 διαζευγνύμενος
1746 651 1837 719 τῆς

1958 659 2196 704 ruratam
2237 661 2290 706 et
2318 650 2598 704 indubiam
2626 649 2821 718 accipit
2857 649 3294 716 perceptionem;
3329 648 3422 703 sed
3454 648 3522 703 ad

268 741 367 809 τὴν
396 741 570 809 ἀρχὴν
601 741 1068 811 συμπροηγμένης
1104 741 1260 808 ὕλης,
1311 741 1386 800 ὡς
1429 739 1570 794 οἶδεν
1624 743 1656 809 ὴ
1688 741 1832 802 ὁδός⁴

1949 744 2233 797 veritatem
2263 741 2437 796 evolat
2466 741 2724 796 ineffabili
2757 739 2983 809 spiritus
3013 740 3230 802 virtute,
3262 750 3317 794 et
3347 741 3509 808 spiri-

269 834 329 883 οὐ
373 831 482 899 γὰρ
537 833 778 896 διανοίας
836 838 1225 902 φανταστικοῖς
1281 835 1456 888 ἄνεισι
1519 836 1757 904 πτεροῖς.
1812 835 1833 887 f

1957 835 2084 891 tuali
2141 851 2206 890 ac
2255 834 2609 890 inenarrabili
2664 833 3026 900 conceptione
3087 841 3297 886 secreta
3358 833 3521 885 verba

272 922 452 975 πάντα
507 923 757 994 καθάπερ
809 925 984 995 τυφλὴ
1037 925 1352 995 περιπολεῖ,
1421 925 1547 994 μήτ’
1596 925 1689 978 ἐπὶ
1740 925 1836 977 τῶι

1963 931 2119 995 audit,
2155 939 2208 983 et
2248 929 2540 984 invisibilia
2575 927 2744 991 videt,
2778 941 2840 980 ac
2877 936 3020 980 totus
3052 926 3250 980 abhinc
3293 926 3527 978 miracu-

271 1015 524 1066 ἀπόντων
557 1015 854 1084 αἰσθητῶν,
909 1016 1035 1085 μήτ’
1080 1016 1173 1068 ἐπὶ
1208 1017 1317 1070 τῶν
1367 1015 1835 1086 ὑπεραναϐεόηκόι

1955 1021 2060 1074 lum
2096 1021 2348 1083 eﬂicitur,
2387 1018 2599 1074 etiamsi
2642 1018 2767 1070 hinc
2797 1017 3034 1077 recedat,
3078 1024 3242 1086 atque
3272 1016 3519 1083 infatiga-

270 1125 380 1160 των
411 1108 618 1178 νοητῶν
659 1112 757 1179 τῆς
820 1109 1082 1179 ἀκριϐοῦς
1128 1111 1222 1163 καὶ⁵
1267 1109 1642 1164 ἀνενδοιάστου
1677 1124 1834 1160 κατα-

1959 1115 2150 1170 bilibus
2188 1116 2476 1169 mmulatur
2523 1111 2875 1182 hymnicidis,
2922 1111 3058 1162 alius
3096 1110 3379 1163 verissime
3430 1108 3523 1163 Dei

270 1201 486 1268 λήψεως
507 1199 1019 1272 ἀντιλαμβανομένη
1042 1218 1054 1232 ο
1081 1201 1194 1254 ἀλλ’
1225 1203 1310 1254 ἐπ’
1340 1199 1596 1270 ἀληθείας
1622 1199 1828 1254 ἀνεισιν

1959 1208 2171 1276 angelus
2203 1207 2257 1260 in
2283 1216 2425 1260 terra
2460 1205 2652 1270 factus,
2685 1214 2737 1258 et
2761 1219 2857 1272 per
2881 1217 2938 1256 se
2961 1218 3121 1255 omne
3141 1213 3523 1256 creaturarum

271 1293 498 1362 ἀρρήτῳ
544 1292 860 1362 Πνεῦματος
910 1294 1156 1362 δυνάμει,
1213 1294 1308 1347 καὶ
1355 1294 1695 1364 πνευματικῇ
1758 1292 1835 1344 κα¹

1958 1315 2123 1370 genus
2150 1298 2217 1352 ad
2240 1313 2362 1352 eum
2393 1296 2649 1358 efferens,
2673 1297 2798 1364 quia
2823 1297 2938 1364 ipse
2962 1293 3200 1347 omnium
3232 1294 3522 1362 particeps,

271 1386 499 1454 ἀρρήτῳ
524 1384 832 1454 ἀντιλήψει,
862 1385 970 1437 τῶν
999 1386 1256 1456 ἀρρήτων
1284 1385 1545 1456 ῥημάτων
1587 1381 1828 1436 διακούει

1961 1403 2003 1447 et
2030 1393 2150 1461 ejus
2173 1392 2261 1459 qui
2294 1399 2378 1445 est
2417 1405 2581 1460 super
2624 1388 2829 1456 omnia,
2863 1401 3094 1442 consors
3120 1395 3224 1450 est,
3255 1394 3314 1439 ut
3348 1385 3525 1454 imago

272 1481 364 1529 καὶ
381 1479 481 1548 ὁρᾷ
510 1479 577 1529 τά
603 1476 826 1529 ἀθέατα·
850 1477 942 1529 καὶ
965 1477 1060 1528 τοῦ
1092 1475 1367 1544 θαύματος
1393 1475 1514 1538 ὅλος
1532 1472 1854 1527 τούντεῦθεν
1952 1484 2044 1539 Dei
2075 1485 2145 1540 εῖι
2179 1483 2440 1554 ρρνῖεοιη,

273 1568 390 1621 ἔστι
407 1585 465 1620 τε
493 1568 837 1637 καὶγίνεται,
863 1567 963 1620 κᾶν
982 1567 1188 1620 ἐκεῖθεν
1217 1569 1352 1637 ἀπῇ,
1380 1568 1472 1620 καὶ
1497 1568 1608 1630 τοῖς
1635 1565 1837 1634 ἀκαμάι

2022 1577 2314 1650 Propterea
2343 1577 2495 1630 divus
2535 1575 2610 1628 ait
2643 1573 2836 1628 Nilus:
2877 1591 2897 1625 ι
2953 1571 3149 1626 Mentis
3200 1569 3527 1624 instauratio

271 1677 384 1724 τοις
401 1659 667 1730 ὑμνῳδοῖς
685 1661 1002 1730 ἁμιλλᾶται,
1021 1659 1248 1728 ἄγγελος
1264 1659 1338 1720 ὡς
1357 1659 1570 1728 ἀληθῶς
1587 1657 1745 1718 ἀλλος
1763 1658 1835 1708 ὲπ¹

1961 1681 2036 1726 est
2085 1669 2363 1738 fastigium
2414 1666 2751 1733 intelligibile
2803 1663 2926 1720 caeli
2997 1663 3164 1717 colori
3219 1661 3418 1724 simile,
3442 1661 3525 1714 cui

267 1751 379 1822 γῆς
409 1751 545 1804 Θεοῦ
573 1751 834 1820 γεγονὼς,
865 1753 961 1804 καὶ
1001 1751 1070 1804 δι’
1094 1750 1288 1803 ἑαυτοῦ
1328 1752 1436 1803 πᾶν
1459 1747 1596 1812 εἶδος
1622 1749 1825 1802 κτίσεω

1966 1771 2157 1818 sanctae
2190 1759 2472 1813 Trinitatis
2521 1758 2702 1812 lumen
2761 1769 3001 1825 tempore
3044 1755 3308 1809 orationis
3371 1752 3530 1807 aﬂ‘ul-

274 1843 428 1912 αὑτῷ
462 1843 866 1913 προσαγαγὼν,
902 1843 1022 1896 ἐπεὶ
1067 1844 1163 1896 καὶ
1196 1844 1359 1906 αὐτὸς
1402 1844 1460 1894 ὲν
1491 1843 1692 1912 μετοχῇ
1747 1841 1838 1893 τῶι

1965 1866 2059 1928 get.
2104 1875 2122 1907 ι
2159 1854 2224 1907 Et
2255 1865 2482 1906 rursus:
2518 1869 2536 1901 ι
2577 1849 2632 1904 Si
2669 1849 2792 1918 quis
2823 1849 2954 1903 velit
3015 1849 3196 1902 videre
3220 1846 3419 1901 mentis
3446 1861 3529 1900 re-

275 1935 517 1998 πάντων,
571 1933 664 1986 καὶ
717 1931 810 1987 τοῦ
862 1933 1002 2003 ὑπὲρ
1056 1931 1124 1984 τά
1153 1932 1331 1986 πάντα
1362 1932 1418 1985 δὲ
1453 1931 1829 2001 μεταλαγχάνε

1968 1949 2366 2007 t'aurationem,
2420 1943 2604 1998 viduet
2630 1957 2686 1996 se
2711 1941 2964 1994 omnibus
2991 1938 3430 2010 cogitationibus,
3475 1947 3532 1993 et

274 2026 393 2087 νῦν,
429 2025 515 2076 ἵνα
566 2023 660 2078 καὶ
707 2024 768 2075 τὸ
808 2024 907 2089 τῆς
940 2024 1146 2084 εἰκόνος
1197 2022 1658 2093 ἀπηκρισωμένον
1764 2024 1838 2074 Διι

1962 2052 2083 2096 tunc
2115 2039 2316 2094 videbit
2345 2053 2463 2090 eam
2499 2035 2822 2103 sapphirino
2850 2047 2946 2088 seu
2983 2033 3191 2088 ccelesti
3238 2032 3407 2087 colori
3454 2029 3526 2085 si-

277 2134 442 2186 φησιν
474 2119 502 2169 6
557 2115 698 2177 θεῖος
747 2116 959 2180 Νεῖλος,
1008 2117 1091 2169 ὅτι
1145 2115 1237 2168 νοῦ
1289 2115 1626 2178 κατάστασίς
1682 2117 1841 2180 ἐστιν1

1963 2133 2159 2188 milem.
2177 2131 2234 2184 ιιι
2260 2139 2434 2182 autem
2462 2127 2578 2180 fieri
2598 2128 2802 2195 absque
2825 2124 3261 2193 impassibilitate
3301 2121 3527 2191 nequit;

277 2206 413 2276 ὕψος
447 2207 658 2278 νοητὸν,
708 2207 942 2278 οὐρανίῳ
980 2207 1232 2277 χρώματι
1275 2207 1646 2279 παρεμφερὲς,
1685 2198 1730 2273 ᾧ
1759 2206 1841 2259 καἸ

1961 2241 2078 2281 nam
2113 2234 2235 2294 eget
2258 2222 2365 2276 Deo
2395 2219 2686 2288 adiuvante
2713 2226 2766 2272 et
2796 2231 3152 2286 congenerem
3198 2213 3412 2269 aﬂiaute
3443 2215 3525 2268 lu-

275 2299 335 2350 si.
365 2299 464 2368 τῆς
498 2298 660 2365 ἁγίας
715 2298 942 2368 Τριάδος
976 2302 1117 2353 κατά
1170 2300 1263 2352 τὸν
1296 2299 1488 2368 καιρὸν
1535 2299 1634 2367 τῆς
1687 2314 1839 2368 προσ·

1955 2333 2092 2370 cem.
2140 2333 2158 2366 ι
2194 2313 2257 2367 Et
2304 2322 2526 2366 sanctus
2556 2310 2868 2364 Diadocbus
2919 2327 2933 2363 :
2979 2327 2997 2358 ι
3060 2308 3196 2369 Duo,
3229 2307 3427 2376 inquit,
3467 2307 3519 2360 in

276 2390 448 2458 ευχῆς
508 2389 812 2458 ἐπιγίνεται
851 2391 967 2458 φῶς
992 2405 1006 2419 ο
1039 2393 1135 2444 καὶ.
1162 2391 1326 2443 πάλιν
1355 2407 1369 2422 ο
1403 2391 1472 2442 El.’
1500 2407 1584 2452 τις
1615 2389 1840 2460 βούλοιτι

1960 2409 2114 2464 ηιεῢῑε
2153 2407 2326 2475 gratia
2369 2417 2554 2458 saneta
2593 2418 2686 2471 per
2724 2403 3048 2470 baptismum
3079 2400 3261 2464 cilicii,
3295 2413 3524 2468 quorum

280 2481 411 2533 ίδείν
467 2481 566 2550 τὴν
607 2479 700 2533 τοῦ
747 2480 841 2534 νοῦ
895 2482 1250 2544 κατάστασιν,
1301 2481 1620 2551 στερησάτω
1665 2479 1844 2533 ὲαυτὸι

1963 2513 2125 2553 unum
2163 2497 2320 2550 alteri
2357 2495 2568 2549 intinite
2599 2502 2820 2562 przestat
2853 2511 2866 2546 :
2915 2508 3036 2545 nam
3079 2499 3304 2546 renovat
3339 2506 3439 2545 nos
3476 2490 3527 2543 in

279 2574 502 2626 πάντων
540 2573 648 2626 τῶν
681 2573 990 2642 νοημάτων,
1033 2574 1128 2626 καὶ
1156 2573 1274 2626 τότε
1307 2572 1498 2641 δψεται
1517 2571 1682 2624 αὐτὸν
1713 2588 1843 2624 σαπ-

1967 2605 2120 2661 aqua,
2153 2599 2207 2644 et
2229 2590 2518 2658 imaginem
2563 2586 2655 2640 Dei
2708 2587 2761 2639 in
2824 2585 2980 2638 nobis
3013 2585 3271 2647 illustrat,
3313 2596 3531 2637 omnem

279 2666 456 2736 φείρῳ
506 2665 540 2734 ἢ
597 2665 836 2737 οὐρανίῳ
886 2665 1141 2735 χρώματι
1201 2664 1555 2735 παρεμφερῆ.
1587 2663 1760 2715 Τοῦτο
1799 2661 1843 2714 6i

1968 2682 2166 2754 peccati
2200 2680 2464 2736 maculam
2513 2695 2542 2734 a
2577 2679 2732 2733 uobis
2763 2686 3052 2743 extergens
3081 2693 3096 2741 ;
3131 2676 3362 2728 alterum
3402 2687 3532 2726 vero

282 2757 507 2826 ποιῆσαι
567 2758 696 2812 ἀνευ
762 2757 1030 2820 ἀπαθείας
1078 2757 1186 2808 τῶν
1223 2757 1496 2811 ἀδυνάτων
1531 2755 1680 2808 ἐστί·
1723 2755 1846 2808 Θεοῐ

1969 2777 2215 2830 virtutem
2251 2775 2412 2828 habet
2441 2773 2722 2826 nobiscum
2749 2770 3038 2840 operandi.
3071 2768 3204 2822 Cum
3230 2768 3394 2835 igitur
3421 2779 3533 2819 cm-

280 2853 390 2918 γὰρ
420 2849 576 2918 χρεία
615 2849 1028 2918 συνεργοῦντος,
1079 2849 1173 2902 καὶ
1208 2849 1570 2912 ἀναπνέοντος
1602 2847 1750 2916 αὑτῷ
1797 2847 1844 2900 τί

1965 2871 2040 2940 ρτι
2080 2866 2295 2922 animus
2341 2866 2567 2918 multum
2622 2862 2828 2916 sentire
2873 2876 2936 2915 ac
2965 2870 3180 2928 gustare
3207 2858 3529 2911 suavitatem

282 2941 544 3007 συγγενὲς
582 2940 716 3007 φῶς.
757 2941 866 3016 Καὶ
908 2942 936 2993 6
977 2942 1133 3008 ἅγιος
1182 2940 1457 3010 Διάδοχος,
1515 2938 1640 3002 Δύο,
1673 2939 1846 3008 φησὶν1

1970 2938 2299 3014 sanctissimi
2350 2955 2610 3025 Spiritus,
2645 2964 2792 3015 tunc,
2831 2960 2890 3004 ut
2945 2951 3228 3004 sciendum
3259 2961 3364 3013 est,
3397 2949 3534 3002 inci-

280 3033 471 3132 ὴμῖνῖι
500 3031 658 3103 χάρις
687 3034 721 3102 ἠ
745 3033 876 3098 ἀγία
906 3031 998 3084 διά
1018 3032 1113 3084 τοῦ
1149 3032 1524 3102 βαπτίσματος
1555 3034 1844 3102 περιποιείι

1968 3055 2038 3123 pit
2067 3052 2236 3122 gratia
2265 3051 2419 3120 quasi
2458 3049 2680 3119 pingere
2719 3046 2918 3117 divinas
2967 3044 3220 3114 imaginis
3277 3043 3532 3097 similitu-

281 3140 394 3188 ται,
428 3115 506 3176 ὧν
527 3122 585 3175 τὸ
615 3121 670 3192 ἓν
702 3123 949 3193 ἀπείρως
977 3124 1072 3176 τοῦ
1108 3123 1225 3186 ἑνὸς
1255 3123 1606 3194 ῦπερὸἀλλειυ
1629 3124 1845 3177 ἀνακαι-

1973 3147 2162 3210 dinem,
2189 3151 2242 3197 et
2270 3143 2350 3196 sic
2380 3149 2569 3210 gustus
2610 3138 2696 3193 ille
2725 3137 2965 3190 ostendit
2996 3151 3093 3191 nos
3128 3136 3192 3189 ad
3225 3134 3537 3203 configura-

283 3217 420 3280 νίζει
468 3217 578 3286 γὰρ
639 3217 785 3285 ἡμᾶς
822 3219 881 3269 ὲν
922 3216 999 3286 τῷ
1055 3215 1231 3282 ὕδατι,
1282 3216 1376 3269 καὶ
1405 3217 1466 3269 τὸ
1517 3217 1638 3270 κατ’
1677 3217 1847 3270 εἰκόνα

1969 3238 2161 3290 tionem
2196 3234 2494 3297 informari,
2521 3242 2574 3285 at
2603 3230 2992 3300 perfectionem
3049 3226 3419 3282 siiuilitudinis
3465 3240 3533 3279 ex

283 3309 616 3379 λαμπρύνει.
669 3309 848 3360 πᾶσαν
881 3307 980 3376 τὴν
1018 3307 1202 3377 ῥυτίδα
1235 3308 1335 3375 τῆς
1385 3308 1658 3380 ἁμαρτίας
1703 3310 1847 3378 ἡμῶι

1974 3326 2368 3380 illuminatione
2420 3335 2834 3392 cognosi-emus.
2886 3337 2904 3370 ι
2955 3317 3019 3371 Ει
3071 3319 3264 3371 iterum
3305 3331 3320 3369 :
3357 3332 3376 3366 ι
3413 3313 3538 3382 Spi-

283 3401 736 3470 ἀπορῤύπτουσα·
769 3399 828 3452 τὸ
853 3399 909 3452 δὲ
934 3399 1122 3468 ἓτερον
1141 3400 1447 3468 ἐκδέχεται,
1483 3401 1569 3452 ἵνα
1598 3401 1696 3453 σὺν
1730 3404 1847 3472 ήμῖι

1970 3419 2217 3473 ritualem
2250 3430 2407 3470 nemo
2441 3413 2702 3481 conm-qui
2765 3423 2942 3480 potest
2995 3411 3341 3471 cbaritalem,
3403 3408 3534 3474 quin

284 3491 605 3562 ἐργάσηται.
653 3492 784 3544 Ὅτε
841 3486 932 3543 οὖν
979 3490 1212 3560 ἄρξηται
1258 3493 1286 3544 6
1312 3491 1434 3553 νοῦς
1475 3492 1532 3542 ὲν
1572 3492 1741 3563 πολλῇ
1773 3493 1848 3544 αί-

1971 3511 2267 3564 rertissime
2334 3506 2673 3560 illuznineiur
2717 3519 2745 3554 a
2807 3513 3000 3558 sancto
3068 3499 3275 3569 Spiritu
3346 3515 3363 3556 :
3430 3497 3535 3552 nisi

285 3585 478 3653 σθήσει
526 3582 786 3652 γεύεσθαι
835 3583 936 3652 τῆς
1003 3583 1375 3653 χρηστότητος
1444 3581 1540 3635 τοῦ
1593 3583 1849 3650 παναγίου

1979 3605 2111 3656 enim
2145 3600 2438 3668 perfectam
2474 3595 2886 3650 similitudinem
2917 3592 3097 3646 divina
3122 3591 3238 3643 luce
3267 3588 3543 3656 acceperit

283 3674 628 3746 Ιινεὺματος,
675 3675 796 3726 τότε
839 3675 1128 3744 ὀφείλομεν
1179 3673 1399 3739 ειδέναι,
1441 3673 1523 3726 ὅτι
1563 3674 1792 3743 ἄρχεται
1826 3675 1847 3740 ’ί

1981 3696 2202 3758 inimus,
2229 3700 2416 3744 omnes
2451 3686 2665 3756 quidem
2699 3693 2929 3738 ceteras
2966 3683 3191 3734 virtutes
3227 3679 3424 3733 habere
3449 3693 3545 3748 po-

283 3769 444 3836 χάρις
487 3765 675 3834 ὥσπερ
721 3763 1131 3834 ὲπιζωγραφεῖν
1188 3765 1268 3826 είς
1305 3764 1366 3817 τὸ
1401 3782 1420 3816 ι
1449 3763 1570 3817 κατ’
1606 3763 1809 3827 είκόνα,
1839 3782 1847 3813 l

1972 3798 2093 3852 test,
2115 3783 2365 3856 perfectae
2388 3797 2512 3835 vero
2535 3778 2823 3834 cbaritatis
2847 3777 3026 3828 adhuc
3069 3775 3243 3842 impos
3268 3784 3472 3826 manet.
3518 3791 3536 3823 ι

283 3860 344 3909 τὸ
377 3857 530 3908 «καθ’
556 3856 868 3925 όμοίωσιν,›
905 3857 1043 3910 ὥστε
1084 3859 1118 3926 ἡ
1164 3857 1261 3926 μὲν
1296 3856 1546 3927 αἴσθησις
1572 3855 1732 3925 αῦτη,
1769 3856 1847 3924 δηο

1979 3855 2179 3933 Pariter
2215 3885 2457 3930 sanctum
2500 3873 2650 3925 Isaac
2673 3869 2921 3923 audimus
2971 3865 3238 3919 dicentem
3289 3881 3302 3919 :
3336 3882 3353 3914 ι
3381 3863 3543 3917 'l'em-

285 3950 368 4000 λοῖ
396 3950 546 4018 ἡμᾶς
583 3945 921 4017 μορφοῦσθαι
951 3947 1010 3999 τὺ
1042 3947 1193 4000 «καθ’
1217 3947 1476 4016 ὁμοίωσιν
1505 3962 1522 3980 ⁸
1557 3964 1575 3998 ι
1607 3945 1743 3998 τὸδὲ
1773 3946 1849 3997 τέ-

1980 3988 2100 4042 pore
2128 3967 2387 4023 orationis
2421 3965 2564 4017 videt
2591 3977 2744 4015 mens
2773 3959 2943 4030 gratia
2978 3958 3126 4010 dives
3161 3972 3310 4010 suam
3339 3958 3544 4024 purita-

286 4040 430 4093 λειον
455 4039 559 4108 τῆς
589 4037 935 4110 ὁμοιώσεως,
969 4041 1032 4090 ἐκ
1054 4038 1149 4090 τοῦ
1195 4036 1480 4107 φωτισμοῦ
1513 4037 1850 4107 γνωσόμεθα⁴

1981 4075 2099 4127 tem,
2128 4061 2324 4118 coleris
2355 4059 2473 4113 cu-li
2502 4055 2757 4118 similem,
2785 4069 2902 4122 quae
2936 4068 2965 4105 a
2997 4049 3219 4103 senibus
3268 4048 3426 4101 Israel
3455 4047 3495 4098 D
3531 4046 3545 4099 i

358 4133 472 4187 Kal.
499 4131 680 4193 πάλιν,
713 4131 812 4198 τὴν
843 4129 1221 4200 πνευματικὴν
1267 4131 1326 4181 οῦ
1360 4129 1580 4182 δύναταί
1615 4146 1697 4190 τις
1723 4128 1862 4194 ἀγά-

1981 4157 2125 4213 sedcs
2175 4162 2362 4206 vocata
2395 4162 2495 4212 est,
2523 4164 2644 4203 cum
2663 4147 2812 4201 eisin
2842 4154 3022 4198 monte
3045 4141 3264 4196 affulsit.
3300 4159 3317 4192 ι
3345 4140 3404 4193 Et
3427 4155 3545 4190 rur-

287 4243 397 4292 πην
450 4221 775 4293 κτήσασθαι.
827 4225 874 4273 εί
912 4222 985 4292 μὴ
1035 4224 1092 4273 ὲν
1137 4223 1289 4293 πάσῃ
1323 4219 1668 4290 πληροφορίᾳ
1696 4236 1851 4288 φωτι-

1985 4266 2065 4305 IIIS
2104 4265 2118 4304 :
2154 4266 2170 4297 ι
2199 4244 2505 4300 Estmcntis
2539 4243 2765 4310 puritas,
2794 4238 2846 4291 in
2881 4253 2987 4306 qua
3013 4244 3258 4300 tempore
3284 4231 3549 4285 orationis

288 4314 441 4382 σθείη
474 4312 624 4381 παρά
661 4311 753 4362 τοῦ
783 4311 939 4378 ἁγίου
986 4311 1300 4379 Πνεῦματος
1327 4327 1339 4340 ·
1392 4310 1487 4363 ἐὰν
1515 4309 1621 4380 γὰρ
1664 4309 1738 4380 μὴ
1776 4327 1852 4361 τε·

1986 4341 2142 4408 lnlget
2177 4346 2377 4392 sancte
2408 4332 2695 4388 Trinitatis
2729 4331 2932 4410 lumen.
2974 4325 3159 4388 Porro.
3193 4326 3365 4377 lucem
3411 4322 3550 4376 hanc

285 4405 444 4466 λείως
478 4404 539 4455 τὸ
569 4402 719 4455 «καθ’
745 4402 1056 4471 ὀμοίωσιν,ι
1091 4402 1177 4455 διὰ
1209 4403 1302 4454 τοῦ
1343 4401 1489 4454 θείου
1523 4401 1698 4470 φωτὸς
1727 4401 1849 4452 ἀπο-

1984 4434 2160 4487 ιίιίθτο
2213 4429 2402 4482 merita
2459 4441 2634 4485 mens,
2662 4424 2726 4476 ad
2765 4401 3116 4490 coniunctum
3157 4429 3358 4482 corpus
3383 4414 3548 4467 multa

284 4495 429 4568 λάϐῃ
478 4495 506 4545 ὁ
541 4493 686 4556 νοῦς,
747 4494 925 4554 πάσας
971 4494 1068 4562 μὲν
1119 4494 1226 4556 τὰς.
1259 4493 1420 4557 ἄλλας
1470 4492 1667 4557 ἀρετὰς
1720 4489 1848 4560 ἔχὲιι

1988 4523 2298 4580 transmittit
2338 4520 2531 4571 divinzc
2587 4513 3006 4586 pulebritmlinis
3050 4510 3221 4578 signa,
3275 4519 3328 4561 et
3377 4506 3552 4559 media

285 4589 509 4640 δύναται
538 4628 552 4652 ,
584 4586 680 4654 τῆς
722 4585 777 4638 δὲ
817 4585 1029 4650 τελείας
1065 4586 1282 4655 ἀγάπης
1325 4585 1402 4639 ἔτι
1437 4586 1662 4656 ἄμοιρος
1689 4585 1849 4654 μένει.

1986 4613 2320 4668 intercedens
2341 4610 2565 4678 gratiam
2598 4610 2737 4658 inter
2753 4603 2990 4656 divinam
3016 4609 3068 4654 et
3095 4599 3285 4651 caruis'
3315 4599 3550 4664 adipem,

297 4680 576 4744 Ὡσαύτως
604 4681 660 4732 δὲ
699 4680 910 4732 καὶτοῦ
943 4681 1102 4748 ἁγίου
1147 4680 1331 4735 Ἰσαὰκ
1373 4681 1643 4750 ἀκούομεν
1681 4681 1861 4746 λέγον-

1997 4719 2117 4760 tauc
2152 4701 2329 4756 reddit
2367 4695 2780 4768 impossibilium
2819 4708 3090 4759 capacem.
3122 4687 3556 4744 lliucdeilormis

285 4790 422 4836 τος,
479 4770 622 4824 κατὰ
673 4770 763 4823 τὸν
819 4772 1009 4840 καιρὸν
1043 4773 1140 4842 τῆς
1197 4773 1526 4844 προσευχῆς,
1582 4773 1714 4843 ὁρᾷν
1767 4769 1849 4840 sip

1989 4805 2032 4850 et
2056 4788 2489 4863 superiexcellens
2515 4785 2869 4851 Deibabitus,
2891 4781 2957 4836 ad
2979 4783 3174 4834 malum
3210 4779 3445 4831 maxime
3463 4787 3553 4830 aut

286 4863 487 4917 ἑαυτοῦ
525 4863 874 4934 καθαρότητα
896 4864 988 4918 τὸν
1015 4865 1455 4934 κεχαριτωμένον
1493 4864 1640 4928 νοῦν,
1672 4863 1850 4933 ὀμοίαι

1993 4887 2064 4940 vix
2087 4882 2336 4948 mobilis;
2361 4879 2487 4933 hinc.
2507 4891 2682 4932 sermo
2702 4875 2943 4929 rationes
2968 4890 3145 4926 rerum
3161 4870 3483 4931 dilueidans,
3505 4877 3557 4922 ιιι

290 4958 359 5026 τῇ
402 4955 713 5025 ἐπουρανίῳ
743 4957 938 5028 χροιᾷ·
975 4958 1120 5026 ἥτις,
1172 4954 1331 5020 Θεοῦ,
1389 4955 1492 5008 ὑπὸ
1532 4957 1631 5024 τῆς
1680 4971 1854 5023 γερου

1995 4993 2045 5031 εχ
2083 4978 2340 5029 interiore
2369 4968 2628 5024 munditia
2659 4967 2905 5020 revelatis
2942 4977 3146 5019 naturae
3169 4963 3445 5032 mysteria,
3466 4977 3559 5029 per

302 5063 426 5126 σίας
478 5063 567 5114 τοῦ
613 5064 830 5134 Ἰσραὴλ
880 5064 1219 5132 ὠνόμασται,
1267 5063 1452 5127 τόπος,
1503 5064 1662 5133 ἡνίκα
1710 5061 1866 5132 ὤφθη

1995 5085 2102 5139 ]u:e
2118 5083 2182 5121 ex
2213 5063 2458 5134 analogia
2492 5075 2646 5116 mens
2671 5059 2923 5113 dociliter
2953 5057 3286 5110 audientium
3319 5055 3559 5110 elevatur

299 5154 483 5216 αὐτοῖς
515 5156 571 5206 ἐν
594 5154 670 5223 τῷ
703 5152 821 5223 ὄρει
847 5170 860 5183 ο
893 5154 985 5205 κοιλ⁸
1024 5154 1206 5215 πάλιν,
1236 5153 1544 5223 καθαρότης
1581 5155 1695 5205 ἐστὶ
1731 5154 1863 5218 νοὸς,

1995 5163 2046 5214 ad
2069 5155 2563 5227 supernaturalium
2599 5151 3024 5218 conceptionem,
3055 5163 3214 5218 quam
3249 5147 3364 5216 ipse
3399 5139 3559 5198 Verbi

298 5246 389 5312 ἐφ’
439 5239 788 5318 ᾖδιαυγάζει
840 5248 896 5296 ἐν
937 5244 1016 5314 τῷ
1064 5243 1240 5314 καιρῷ
1293 5244 1390 5314 τῆς
1452 5245 1779 5314 προσευχῆς,
1811 5245 1862 5297 τὲ

1994 5245 2630 5304 l'aterimmaterialibus
2679 5243 2836 5296 unxit
2893 5241 3212 5304 illecebris;
3263 5240 3387 5292 binc
3411 5234 3558 5288 varia

300 5337 418 5405 φῶς
466 5336 566 5404 τῆς
618 5335 778 5403 ἁγίας
817 5335 1066 5406 Τριάδος.
1113 5337 1254 5389 Ἀλλ’
1282 5338 1310 5388 6
1350 5337 1754 5406 κατηξιωμένος
1777 5337 1864 5391 τοῦ

1997 5343 2261 5413 prodigia,
2298 5352 2355 5392 ut
2391 5336 2750 5404 transpicere,
2785 5348 2847 5387 ac
2898 5331 3218 5400 praevidere,
3243 5339 3296 5383 ct
3339 5328 3402 5378 de
3435 5338 3561 5392 pro-

302 5422 483 5494 φωτὸς
520 5426 730 5480 ἐκείνου
762 5426 906 5491 νοῦς,
944 5428 1037 5482 καὶ
1067 5429 1204 5497 πρὸς
1251 5426 1313 5480 τὸ
1343 5429 1684 5497 συνημμένον
1715 5429 1866 5500 σῶμα

2000 5437 2078 5492 nul
2121 5432 2344 5490 remotis
2373 5441 2626 5498 tanquam
2660 5437 2784 5479 ante
2837 5425 3027 5478 oculos
3080 5421 3338 5489 subjectis
3392 5418 3564 5472 disse-

300 5519 473 5570 ποὶλᾶ
531 5517 923 5588 διαπορθμεύει
974 5519 1068 5571 τοῦ
1121 5517 1266 5571 θείου
1315 5518 1542 5582 κάλλους
1575 5521 1864 5590 τεκμήρια,

1997 5543 2138 5584 rere.
2171 5525 2234 5579 Et
2265 5523 2406 5592 quod
2435 5531 2515 5575 est
2563 5518 2886 5578 maximum,
2925 5532 3030 5568 non
3066 5517 3208 5567 hunc
3263 5511 3364 5566 sibi
3405 5510 3561 5562 linem

302 5609 486 5678 χάριτί
537 5626 595 5660 τε
653 5610 794 5681 θείᾳ,
848 5612 942 5664 καὶ
978 5611 1181 5682 σαρκὸς
1226 5612 1499 5681 παχύτητι
1551 5615 1866 5682 μεσιτεύων.

2000 5621 2067 5675 illi
2093 5614 2385 5672 beatissimi
2420 5618 2758 5682 proponunt,
2791 5610 2883 5663 sed
2931 5603 3156 5677 perinde
3219 5620 3280 5657 ac
3331 5603 3374 5655 si
3417 5600 3564 5669 quis,

303 5703 395 5751 καὶ
443 5699 674 5768 δᾷναμιν
735 5699 843 5752 τῶν
884 5701 1162 5755 ἀδυνάτων
1213 5703 1461 5767 ἐντιθείς.
1512 5703 1786 5757 Ἐντεῦθεν
1838 5706 1867 5773 ἡ

1998 5715 2226 5771 tolarcm
2256 5711 2472 5764 intunns
2505 5705 2734 5768 radium,
2772 5701 2945 5754 aerias
2984 5700 3282 5770 perripet‘cl
3333 5707 3562 5757 atomos.
