3962 6208
450 252 587 319 ὶο83

448 367 572 422 licet
610 381 713 420 non
749 365 818 423 sit
853 365 1091 422 intentus
1145 365 1243 435 ipsi
1276 366 1398 420 ﬁnis

449 473 584 528 pure
612 466 856 528 spectant
902 460 1102 522 radios,
1148 475 1379 528 quorum
1423 469 1505 513 est
1531 462 1711 513 omnia
1775 463 2014 514 manife-

450 562 625 614 stare,
682 551 759 605 illi
806 566 913 606 non
976 551 1150 606 solum
1184 566 1304 621 quae
1327 559 1455 604 sunt
1495 560 1547 606 et
1577 551 1814 613 fuerunt,
1844 553 1936 607 sed
1968 561 2023 606 et

452 643 722 712 posterius
741 643 916 696 futura
937 642 1089 712 quasi
1108 643 1284 697 obiter
1302 643 1664 712 prospiciunt,
1689 659 1786 710 pro
1809 644 2024 698 ratione

451 749 564 790 sua:
581 734 849 804 puritatis.
879 734 945 786 At
966 734 1272 788 necessaria
1293 735 1374 788 eis
1393 743 1476 787 est
1501 736 1666 788 animi
1693 738 1758 788 ad
1778 737 2020 805 seipsum

451 829 681 883 sttentio
703 840 756 882 et
804 827 1046 892 reﬂexio,
1078 826 1162 882 vel
1210 829 1387 897 potius
1424 829 1668 884 omnium
1707 828 1900 882 animae
1945 830 2026 883 vi.

454 924 592 976 rium
629 923 780 992 (licet
816 922 917 976 hoc
945 921 1178 974 sitdictu
1214 922 1478 990 mirabile)
1509 923 1574 975 ad
1607 922 1846 976 animum
1892 936 2026 976 con-

403 1037 406 1042 -
453 1015 652 1077 versiu.
688 1025 743 1070 et
795 1015 1096 1070 secundum
1133 1014 1277 1067 hunc
1316 1023 1372 1067 et
1407 1014 1574 1066 Deum
1622 1012 1889 1082 operatio,
1931 1027 2028 1081 per

453 1124 616 1174 quam
647 1108 930 1162 instaurati
958 1108 1010 1160 in
1025 1115 1368 1179 prototypum
1390 1115 1712 1175 operantur,
1737 1105 2028 1174 pristinum

454 1201 580 1255 illul
612 1212 668 1255 et
715 1199 1087 1254 inaestimabile
1121 1201 1286 1255 decus
1337 1201 1637 1254 reducente
1672 1198 1864 1266 gratia.
1893 1215 1911 1248 ι
1947 1195 2027 1250 Ad

458 1302 664 1346 tantum
689 1294 894 1361 apicem
928 1293 1107 1346 elevat
1154 1292 1344 1347 beatus
1391 1289 1566 1346 luctus
1605 1289 1838 1346 humiles
1870 1290 2032 1345 corde

455 1397 512 1439 et
539 1399 802 1452 pauperes
839 1384 1054 1452 spiritu.

1728 256 2113 322 GREGORII
2151 261 2238 321 ΡΛ
2253 261 2475 322 LAM/E

3566 252 3705 314 ιοδι

1447 384 1459 421 :
1495 365 1620 420 item
1659 367 1752 436 qui
1805 368 2018 423 divinos

2139 367 2258 418 κατ’
2290 365 2490 434 ἀρετὴν
2532 364 2772 432 θεοειδὴς
2804 365 2898 417 καὶ
2925 363 3302 435 ἀπιρὰμιλλος
3333 364 3468 430 ἕξις,
3517 362 3611 417 καὶ
3653 369 3708 418 τὲ

2139 458 2271 526 πρὸς
2299 458 2498 510 κακίαν
2532 456 2669 519 ὅλως
2702 457 2981 527 ἀκίνητον,
3009 457 3040 527 ἣ
3067 456 3382 526 δυσκίνητον
3410 474 3424 487 ·
3460 458 3713 510 ἐντεῦθεν

2138 551 2165 603 ὁ
2187 547 2489 620 διατρανῶν
2522 534 2647 610 τοὺς
2675 548 2781 601 τῶν
2821 547 2990 602 ὄντων
3021 549 3208 617 λόγους
3247 549 3422 617 λόγος,
3457 551 3551 604 καὶ
3580 555 3716 604 ἀνα.

2138 640 2429 695 καλύπτων
2471 640 2682 693 οἴκοθεν
2714 643 2779 694 ὲκ
2833 641 3201 711 καθαρότητος
3241 641 3310 695 τὰ
3347 643 3446 712 τῆς
3495 645 3715 712 φύσεως

2143 733 2418 803 μυστήρια
2443 749 2458 762 ⁸
2494 731 2561 786 δι’
2591 725 2666 785 ὧν
2714 732 3006 798 ἀναλογίας
3045 733 3243 800 λόγοις,
3277 733 3411 803 πρὸς
3466 736 3716 804 κατάλη-

2140 826 2231 892 ψιν
2260 824 2368 877 τῶν
2400 824 2540 894 ὑπὲρ
2580 823 2758 893 φύσιν,
2791 825 2852 877 τὸ
2881 825 3256 896 διανοούμενον
3297 828 3560 895 ἀνιμᾶται
3601 828 3717 880 τῶν

2140 917 2346 981 πιστῶς
2372 918 2764 988 ἀκροωμένων,
2794 919 2860 987 ἣν
2892 918 3054 977 αὐτὸς
3106 919 3135 970 6
3181 917 3275 973 τοῦ
3307 918 3466 986 λόγου
3497 920 3714 988 Πατὴρ,

2141 1009 2329 1073 ἀθλοις
2373 1011 2612 1077 ἐπαφαῖς
2669 1011 3029 1079 κατείληφενο
3070 1010 3320 1066 ἐντεῦθεν
3368 1012 3432 1065 αῖ
3469 1013 3518 1065 τ’
3551 1013 3717 1066 ἄλλαι

2140 1099 2381 1152 ποικίλαι
2405 1099 2826 1169 θαυματοποιίαι
2848 1138 2864 1162 ,
2921 1100 3017 1153 καὶ
3042 1100 3101 1153 τὸ
3151 1099 3334 1171 διορᾷν
3363 1117 3420 1153 τε
3454 1102 3549 1154 καὶ
3575 1118 3718 1172 προ-

2140 1191 2296 1261 ορᾷν,
2347 1191 2441 1242 καὶ
2483 1190 2610 1260 περὶ
2651 1189 2760 1244 τῶν
2807 1191 2995 1262 πόρῤω
3025 1208 3126 1243 που
3173 1190 3597 1259 συμϐαινόντων,
3638 1191 3720 1256 ὡς

2141 1279 2232 1332 ὑπ’
2259 1279 2572 1350 ὀφθαλμοὺς
2615 1279 2978 1348 διαλέγεσθαι,
3014 1281 3108 1334 καὶ
3141 1280 3201 1332 τὸ
3227 1280 3291 1351 δὴ
3327 1281 3606 1350 μέγιστον,
3637 1282 3719 1344 ὡς

2140 1371 2202 1424 οὐ
2235 1372 2361 1440 περὶ
2404 1370 2556 1423 ταῦθ’
2593 1371 2622 1422 ό
2676 1373 2878 1433 σκοπὸς
2925 1371 3089 1423 τείνει
3133 1370 3241 1422 τῶν
3276 1372 3718 1439 μακαριωτάτων

457 1450 707 1534 ἐκείνω-ν,
732 1467 844 1520 ἀλλ’
871 1450 1059 1532 ὥσπερ
1087 1458 1140 1512 εί
1169 1475 1253 1520 τις
1290 1455 1438 1526 δρῴη
1471 1454 1607 1526 πρὸς
1633 1454 1866 1524 ἡλιακὴν
1918 1454 2136 1520 ἀκτῖνα,
2175 1452 2273 1505 καὶ
2319 1450 2427 1506 τῶν
2455 1452 2662 1522 ἁέριων
2703 1451 2924 1520 ἀτόμων
2969 1451 3310 1520 αἰσθάνεται,
3335 1461 3549 1531 κάνμὴ
3569 1463 3722 1518 τοῦτ’

458 1566 607 1635 αὐτῷ
637 1562 880 1632 τυγχάνῃ
914 1554 1136 1616 σκοπὸς,
1170 1550 1345 1612 οὕτως
1375 1549 1606 1611 ἐκείνοις
1633 1549 1755 1609 ταῖς
1789 1547 1963 1609 θείαις
1998 1548 2184 1600 ἀκτῖσι
2219 1544 2481 1614 καθαρῶς
2528 1543 2782 1615 ὁμιλοῦσι
2799 1565 2833 1610 .ι,
2867 1539 2958 1608 αἷς
2999 1547 3158 1614 φύσει
3193 1553 3486 1617 πρόσεστιν
3514 1557 3548 1626 η
3581 1561 3724 1612 πάν.

458 1677 568 1714 των
593 1652 957 1720 ἀποκάλυψις,
983 1648 1108 1716 οὐχὶ
1138 1644 1248 1697 τῶν
1275 1645 1443 1696 ὄντων
1480 1642 1662 1712 μόνον,
1705 1641 1736 1712 ἢ
1767 1645 1864 1698 καὶ
1889 1641 2298 1710 γεγενημένων,
2345 1639 2481 1692 ἀλλά
2511 1640 2605 1692 καὶ
2650 1638 2760 1692 τῶν
2810 1637 2984 1692 ἔπειτ’
3015 1641 3313 1710 ἐσομένων,
3341 1645 3466 1700 ὁδοῦ
3500 1652 3726 1724 πάρερο

458 1771 579 1824 γον,
613 1752 689 1814 ὡς
722 1745 935 1815 ἀληθῶς
974 1746 1006 1813 ἡ
1063 1740 1270 1794 τούτων
1309 1738 1668 1809 προσγίνεται
1702 1737 1929 1806 γνῶσις,
1962 1738 2104 1787 κατὰ
2128 1733 2424 1802 ἀναλογίαν
2454 1735 2551 1802 τῆς
2609 1734 2982 1803 καθαρότητος
3003 1750 3017 1765 ⁸
3048 1734 3326 1804 προῦργου
3358 1741 3413 1792 δὲ
3461 1745 3650 1810 αὐτοῖς
3687 1751 3721 1818 ἡ

455 1848 550 1903 τοῦ
583 1843 677 1898 νοῦ
708 1842 840 1910 πρὸς
876 1836 1071 1889 ἑαυτὸν
1103 1825 1411 1903 ἐπιστροφὴ
1449 1831 1543 1885 καὶ
1575 1831 1860 1894 σύννευσις
1885 1847 1899 1862 ο
1934 1830 2136 1899 μᾶλλον
2164 1828 2222 1881 δὲ
2257 1829 2447 1882 πασῶν
2472 1830 2582 1882 τῶν
2608 1827 2710 1897 τῆς
2741 1827 2920 1897 ψυχῆς
2953 1827 3261 1900 δυνάμεων,
3297 1835 3344 1885 εί
3369 1837 3466 1887 καὶ
3493 1837 3720 1907 θαῦμα-

459 1944 584 1999 στὸν
612 1941 810 2001 είπεῖν,
853 1935 988 2006 πρὸς
1017 1932 1108 1986 τὸν
1131 1931 1257 1984 νοῦν
1287 1929 1618 2000 ἐπιστροφὴ,
1649 1928 1744 1980 καλ⁸
1777 1929 1808 1996 ή
1836 1928 1959 1979 κατ’
1987 1926 2152 1979 αὐτόν
2179 1944 2239 1979 τε
2269 1927 2362 1980 καὶ
2389 1926 2524 1980 Θεὸν
2551 1926 2825 1994 ἐνέργεια,
2858 1925 2925 1977 δι’
2951 1919 3018 1996 ἦς
3048 1928 3544 1998 ἐπεσκευασμένοσ,
3568 1934 3715 2002 πρὸς

457 2040 520 2092 τὸ
551 2034 910 2106 πρωτότυπον
954 2027 1014 2081 εὖ
1048 2025 1400 2093 διατίθενται,
1434 2025 1494 2077 τὸ
1535 2024 1760 2094 ἀρχαῖον
1792 2022 1966 2075 ἐκεῖνο
1994 2021 2090 2074 καὶ
2141 2022 2426 2092 ἀμήχανον
2476 2019 2672 2083 κάλλος
2707 2019 3090 2090 ὲπαναγοῦσης
3143 2022 3245 2089 τῆς
3295 2023 3537 2090 χάριτος,
3578 2023 3712 2080 ἐπὶ

457 2127 714 2184 τοσοῦτον
748 2125 881 2195 ὕψος
915 2123 1183 2194 ἀναφέρει
1208 2121 1268 2174 τὸ
1304 2119 1580 2191 μακάριον
1613 2117 1808 2180 πένθος
1831 2118 1960 2182 τοὺς
1987 2117 2281 2182 ταπεινοῦς
2321 2119 2388 2187 τῇ
2417 2117 2638 2186 καρδίᾳ,
2672 2117 2771 2170 καὶ
2800 2117 3048 2186 πτωχοὺς
3077 2114 3156 2182 τῷ
3186 2115 3476 2185 πνεύματι.

522 2216 662 2281 Quia
692 2229 869 2272 autem
913 2219 1025 2272 haec
1058 2220 1126 2271 ob
1160 2217 1376 2271 insitam
1407 2216 1566 2272 nobis
1618 2217 1901 2274 mollitiem
1932 2233 2030 2276 nos

463 2309 758 2373 excedunt,
797 2323 898 2379 age
933 2309 998 2364 ad
1035 2323 1222 2362 eorum
1257 2307 1613 2363 fundamenta
1663 2309 1889 2374 reversi,
1941 2312 2035 2365 ad-

464 2402 575 2456 huc
610 2400 679 2455 de
711 2400 862 2454 luctu
910 2413 1081 2468 pauca
1130 2397 1376 2468 quaedam
1429 2399 1781 2466 disseramus;
1828 2401 2033 2458 Conso-

460 2494 649 2561 quitur
695 2493 779 2548 hic
807 2491 970 2546 etiam
993 2505 1156 2546 oume
1193 2505 1366 2558 genus
1402 2492 1741 2560 paupertatis
1780 2509 1902 2562 qua
1948 2503 2035 2550 est

461 2595 655 2655 prate-
697 2584 1030 2639 voluntatem
1078 2594 1132 2639 et
1177 2584 1475 2638 secundum
1535 2584 1820 2640 mundum.
1890 2585 2036 2654 Quo-

459 2682 619 2730 modo
641 2677 785 2731 enim
827 2693 933 2730 non
979 2676 1211 2745 lugeret,
1239 2675 1333 2745 qui
1361 2690 1546 2730 rerum
1583 2686 1669 2732 est
1710 2678 1890 2750 inops,
1937 2679 2034 2750 qui

461 2771 669 2825 invitus
703 2770 899 2831 esurit,
928 2770 1020 2839 qui
1059 2769 1246 2824 labore
1285 2776 1340 2822 et
1378 2769 1674 2840 opprobrio
1714 2771 2037 2828 saturatur?

462 2863 552 2918 Sic
583 2873 765 2918 autem
803 2863 994 2932 lugens
1021 2873 1113 2916 est
1161 2860 1598 2926 iuconsolabilis,
1646 2877 1823 2931 eoque
1862 2865 2036 2934 magis

457 2971 565 3024 quo
597 2957 886 3025 pauperior
908 2963 1011 3020 est,
1048 2963 1102 3010 et
1131 2969 1240 3024 quo
1273 2953 1494 3022 longius
1561 2970 1590 3007 a
1639 2968 1768 3009 vera
1803 2955 2034 3010 scientia

2217 2219 2370 2273 Ἐπεὶ
2416 2218 2472 2272 δὲ
2518 2217 2691 2272 ταῦτα
2736 2217 2822 2271 διὰ
2855 2218 2951 2286 τὴν
2996 2217 3204 2272 ἐνοικον
3253 2219 3383 2288 ἡμῖν
3427 2219 3712 2289 ῥᾳθυμίαν

2131 2291 2275 2382 οπιρ
2327 2311 2495 2380 ἡμᾶς,
2545 2309 2677 2377 φέρε
2707 2311 2843 2379 πρδς
2889 2309 2986 2378 τὴν
3035 2309 3275 2379 κρηπίδα
3306 2309 3507 2363 τούτων
3547 2309 3708 2374 αὖθις

2133 2404 2539 2467 ἐπανελθόντες,
2575 2403 2652 2456 ἔτι
2680 2403 2808 2472 περὶ
2836 2400 3063 2462 πένθους
3095 2401 3251 2467 ὀλίγα
3280 2400 3402 2454 τινά
3433 2401 3712 2454 διαλάϐω-

2138 2510 2255 2562 μεν.
2299 2495 2533 2548 Ἕπεται
2579 2494 2640 2565 δὴ
2684 2494 2845 2546 τοῦτο
2902 2492 2996 2545 καὶ
3057 2493 3191 2544 πᾶσι
3253 2493 3366 2553 τοῖς
3405 2492 3573 2545 εἴδεσι
3602 2492 3711 2560 τῆς

2137 2583 2392 2638 ἀκουσίου
2454 2587 2544 2638 καὶ
2574 2584 2715 2638 κατὰ
2748 2583 2951 2652 κόσμον
2982 2583 3276 2651 πτωχείας.
3312 2583 3431 2645 Πῶς
3455 2583 3564 2652 γὰρ
3601 2586 3712 2638 οὐκ

2138 2672 2204 2727 ἀν
2238 2674 2479 2738 λυποῖτο,
2509 2675 2601 2728 καὶ
2638 2676 2666 2726 ὁ
2693 2674 2990 2744 χρημάτων
3013 2672 3217 2742 ἐνδεὴς,
3239 2673 3329 2724 καὶ
3357 2675 3384 2724 ό
3419 2672 3714 2740 λιμώττων

2136 2767 2427 2830 ἀκουσίως,
2454 2768 2546 2819 καὶ
2602 2767 2631 2818 ὁ
2683 2763 3160 2832 καταπονούμενός
3221 2780 3280 2816 τε
3340 2764 3434 2816 καὶ
3501 2766 3714 2834 ἀτιμα-

2138 2855 2404 2924 ζόμενοςς
2444 2856 2608 2910 Ἀλλὰ
2641 2853 2783 2907 τοῦτ’
2816 2853 3206 2923 ἀπαράκλητόν
3246 2855 3359 2907 ἐστι
3393 2854 3454 2906 τό
3483 2855 3711 2920 πένθος,

2123 2949 2230 3008 ,καὶ
2276 2947 2487 3017 μάλιστ’
2519 2946 2603 3016 ἐφ’
2655 2947 2780 2998 ὅσον
2822 2943 3153 2998 ἐπιτείνεται
3180 2945 3246 2998 τὰ
3281 2948 3379 3006 τῆς
3407 2948 3712 3014 πτωχείας,

460 3049 646 3106 distat.
682 3047 818 3101 Nam
869 3047 991 3112 iste,
1033 3060 1138 3099 non
1176 3045 1374 3100 rationi
1433 3044 1730 3115 subjiciens
1777 3059 2033 3102 sensuum

2138 3058 2330 3127 μᾶλλον
2359 3057 2414 3110 δὲ
2457 3054 2541 3125 ἐφ’
2569 3056 2690 3108 ὅσον
2719 3054 2913 3123 ἀπέχει
2959 3052 3056 3121 τῆς
3084 3051 3344 3120 ἀληθινῆς
3379 3051 3637 3118 γνώσεως
3676 3055 3709 3106 ὁ

462 3141 852 3196 ἀειυειιιιὶοηρε
877 3149 1036 3207 atque
1053 3138 1290 3204 dolores,
1311 3135 1404 3192 sed
1427 3138 1605 3207 potius
1625 3137 1706 3191 eis
1729 3138 1930 3193 astutia
1954 3153 2040 3192 ra-

465 3235 626 3288 tinnis
661 3234 912 3295 abutens,
941 3246 1053 3292 non
1109 3231 1284 3284 solum
1322 3230 1412 3283 illa
1467 3229 1618 3283 nullo
1673 3239 1831 3299 anget
1862 3231 2035 3294 lucro,

464 3327 537 3380 ita
571 3335 628 3380 ut
656 3341 761 3380 non
826 3325 1056 3394 prosint,
1101 3325 1194 3378 sed
1225 3323 1390 3378 etiam
1425 3323 1491 3378 ad
1521 3323 1820 3376 maximum
1871 3322 2038 3376 trahit

467 3419 875 3482 detrimentum.
910 3417 1137 3486 Signum
1180 3415 1326 3469 enim
1377 3424 1433 3468 et
1466 3414 1812 3468 manifestum
1845 3421 2036 3469 contra

466 3525 526 3565 se
575 3513 1232 3577 praebet'argumentum,
1290 3523 1351 3562 se
1400 3523 1505 3562 non
1539 3508 1769 3561 ﬁrmiter
1816 3509 2039 3562 credere

466 3604 665 3671 Evange
692 3604 763 3657 lio
795 3603 911 3665 Dei,
940 3612 995 3656 et
1030 3600 1328 3670 praemissis
1357 3601 1404 3654 ei
1442 3600 1744 3668 prepbetis.
1775 3609 1829 3652 et
1866 3600 2038 3653 doctis

466 3696 535 3750 ab
561 3712 624 3748 eo
657 3705 709 3748 et
739 3702 860 3762 post
886 3709 1009 3747 eum
1043 3693 1220 3746 missis
1248 3693 1510 3761 apostolis
1559 3692 1622 3743 ad
1661 3691 2040 3760 cvangelizan-

467 3791 592 3842 dum
621 3804 681 3839 ex
720 3795 1038 3854 paupertate
1062 3784 1411 3838 inexlmusms
1441 3784 1678 3848 divitias,
1707 3800 1770 3837 cx
1804 3783 2038 3851 ignomi-

467 3883 556 3934 nia
592 3878 1009 3933 iuenarrabiletn
1042 3876 1289 3944 gloriam,
1325 3886 1378 3929 et
1409 3893 1470 3931 ex
1520 3877 1882 3944 ingruentium
1925 3886 2043 3930 ten-

469 3974 738 4025 latiunnm
772 3973 1030 4035 patientia
1076 3970 1449 4024 liberationem
1515 3971 1580 4022 ab
1629 3981 1830 4024 aeterna
1876 3986 2044 4040 angn-

464 4065 568 4118 stia
600 4075 652 4119 et
713 4063 1004 4117 aﬂlictione
1058 4063 1178 4115 illos
1213 4072 1469 4116 manente
1526 4062 1614 4128 qui
1661 4063 1865 4130 pigram
1897 4077 2042 4114 nunc

469 4167 652 4209 amant
697 4158 884 4218 vitam,
943 4172 1040 4209 nec
1074 4172 1170 4223 per
1226 4165 1508 4224 angustant
1552 4164 1870 4221 arctatnque
1918 4169 2044 4221 por-

469 4260 576 4302 tam
639 4248 704 4301 ad
773 4248 936 4300 vitam
978 4247 1185 4298 intrare
1239 4247 1448 4299 volunt.
1487 4245 1650 4299 Recte
1699 4245 1865 4312 igitur
1910 4245 2046 4298 dixit

467 4341 665 4394 Paulus
703 4340 1000 4406 Apostolus
1039 4357 1052 4391 :
1095 4355 1112 4388 ι
1165 4337 1358 4390 Βωρυιί
1410 4337 1629 4391 tristitia
1658 4348 1885 4390 mortem
1909 4351 2041 4404 ope-

2131 3149 2374 3219 πάσχων.
2405 3140 2574 3210 Οῦτος
2603 3147 2733 3216 γὰρ,
2769 3147 2843 3215 μὴ
2872 3144 2948 3214 τῷ
2985 3143 3128 3211 λόγῳ
3155 3144 3251 3205 τὰς
3283 3145 3346 3195 ἐκ
3375 3142 3476 3210 τῆς
3501 3141 3707 3213 αἰσθή-

2133 3257 2270 3302 σεως
2306 3239 2496 3310 ἡδονάς
2542 3255 2601 3290 τε
2641 3239 2734 3289 καὶ
2779 3235 2970 3298 ὀδύνας
3011 3235 3347 3292 ὑποτάττων,
3388 3233 3524 3285 ἀλλά
3559 3237 3707 3303 μεῖλ-

2131 3333 2223 3384 λον
2253 3332 2439 3393 αὐταῖς
2475 3332 2677 3391 ἐκεῖνος
2703 3331 2768 3398 τῇ
2808 3326 2899 3380 τοῦ
2927 3328 3085 3393 λόγου
3131 3324 3561 3396 παραχρώμενος
3593 3327 3709 3378 δειο

2132 3426 2338 3494 νότητι,
2373 3424 2467 3476 καὶ
2514 3423 2682 3483 αὑτὰς
2729 3421 2817 3473 ἐπ’
2855 3419 3028 3472 οὐδενὶ
3062 3418 3240 3486 κέρδει
3275 3416 3448 3481 αὔξει,
3501 3417 3579 3480 ὡς
3628 3419 3708 3488 μὴ

2134 3515 2334 3585 ὢφελε,
2373 3514 2572 3584 μᾶλλον
2601 3513 2655 3564 δὲ
2681 3513 2775 3563 καὶ
2795 3511 2884 3563 ἐπὶ
2903 3510 3077 3580 ζημίᾳ
3100 3513 3166 3578 τῇ
3197 3509 3451 3579 μεγίστῃο
3479 3513 3709 3578 σημεῖον

2135 3611 2243 3678 γὰρ
2275 3610 2369 3660 καὶ
2400 3608 2617 3676 ἔλεγχον
2651 3603 2772 3656 καθ’
2805 3601 2998 3654 ἑαυτοῦ
3027 3601 3385 3671 προϐάλλεται
3416 3602 3587 3672 σαφῆ,
3613 3601 3713 3655 τοῦ

2142 3703 2214 3770 μὴ
2257 3699 2486 3768 βεϐαίως
2519 3697 2594 3765 τῷ
2625 3695 2719 3747 τοῦ
2765 3694 2899 3746 Θεοῦ
2938 3692 3274 3762 Εὐαγγελίῳ,
3326 3693 3419 3746 καὶ
3452 3695 3571 3755 τοῖς
3601 3695 3715 3765 πρὸ

2142 3793 2301 3845 αὐτοῦ
2345 3791 2670 3860 προφήταις,
2705 3786 2800 3839 καλ⁹
2825 3790 2938 3849 τοῖς
2972 3785 3090 3855 μετ’
3119 3785 3281 3839 αὑτὸν
3307 3786 3374 3838 δι’
3407 3787 3578 3838 αὑτοῦ
3606 3805 3718 3856 μαο

2143 3886 2468 3954 θητευθεϊσι,
2527 3881 2618 3935 καὶ
2676 3881 3057 3934 ἀποσταλεῖσιν
3113 3879 3570 3946 εὐαγγελίσασθαι
3624 3879 3718 3931 διὰ

2149 3979 2413 4048 πτωχείας
2475 3978 2565 4029 τὸν
2615 3975 2960 4044 ἁδαπάνητον
3020 3972 3270 4039 πλοῦτον,
3313 3972 3380 4023 δι’
3430 3973 3720 4035 εὐτελείας

2152 4071 2240 4140 τὴν
2269 4070 2580 4139 ἀπόρρητον
2632 4065 2807 4131 δόξαν,
2846 4065 2914 4117 δι’
2943 4065 3270 4134 ἐγκρατείας
3310 4063 3406 4132 τὴν
3438 4063 3721 4116 ἀνώδυνον

2143 4159 2376 4232 τρυφὴν,
2440 4159 2528 4212 διὰ
2582 4158 2876 4229 καρτερίας
2923 4155 3030 4209 τῶν
3081 4155 3462 4226 ἐπερχομένων
3512 4171 3720 4224 πειρα-

2139 4263 2315 4330 σμῶν,
2375 4269 2473 4328 την
2527 4258 2848 4327 ἀπαλλαγὴν
2902 4257 3000 4327 τῆς
3058 4257 3428 4327 ἀποκειμένης
3491 4257 3728 4311 αἰωνίου

2140 4349 2499 4419 στενοχωρίας
2559 4366 2616 4401 τε
2688 4350 2781 4401 καὶ
2829 4348 3079 4417 θλίψεως,
3117 4350 3226 4410 τοῖς
3287 4347 3378 4399 τὸν
3430 4348 3729 4417 ἀνειμένον

469 4444 644 4487 ratur.
685 4452 702 4484 ι
737 4433 867 4484 Nam
896 4430 1161 4498 superiori
1193 4446 1445 4484 sermone
1473 4439 1758 4486 ostensum
1805 4443 1888 4486 est
1921 4448 2037 4488 esse

2145 4443 2477 4510 ῇγαπηκόσιν
2533 4439 2765 4492 ἐνταῦθα
2821 4440 2953 4510 βίον,
2995 4441 3086 4490 καὶ
3125 4439 3198 4508 μὴ
3253 4437 3342 4490 διά
3388 4439 3492 4504 τῆς
3526 4441 3728 4508 στενῆς

467 4533 751 4591 peccatum
786 4522 850 4573 ad
883 4532 1127 4576 mortem.
1164 4523 1220 4575 Si
1254 4531 1434 4574 autem
1463 4536 1584 4575 vera
1617 4523 1720 4574 vita
1750 4531 1834 4576 est
1861 4523 2040 4576 lumen

469 4614 665 4666 animae
717 4614 957 4667 divinum
997 4629 1024 4667 a
1059 4615 1202 4668 luctu
1237 4613 1327 4683 qui
1386 4625 1469 4670 est
1525 4618 1816 4668 secundum
1877 4617 2041 4669 Deum

469 4708 756 4777 alTnlgcns,
807 4717 862 4760 ttt
897 4725 926 4760 a
965 4707 1214 4761 Patribus
1273 4723 1435 4777 supra
1491 4708 1695 4761 dictum
1765 4719 1874 4773 est,
1930 4709 2041 4774 ipsa

469 4800 637 4851 etiam
673 4801 868 4852 animat:
892 4813 1035 4851 mors
1065 4801 1170 4852 erit
1198 4811 1336 4852 tetra
1361 4800 1533 4869 caligo
1562 4815 1589 4852 a
1616 4800 1798 4853 sa'cul't
1820 4801 2044 4854 tristitia

472 4895 527 4956 in
575 4895 809 4946 animant
875 4895 1134 4958 inducta,
1202 4895 1374 4964 caligo
1427 4909 1619 4962 nempe
1671 4894 1772 4946 ista
1837 4896 1904 4946 de
1938 4909 2042 4960 qua

472 4989 606 5040 dicit
634 5003 862 5054 magnus
894 4986 1120 5041 Βαδιίὶιιδ
1153 5003 1168 5043 :
1205 5005 1222 5037 ι
1262 4985 1578 5049 Peccatum,
1609 5001 1636 5036 a
1675 4985 1890 5039 defeetu
1920 4985 2044 5037 boui

470 5080 674 5141 oriens,
705 5081 957 5130 tenebras
995 5079 1154 5130 menti
1201 5093 1267 5131 ex
1317 5078 1518 5130 delicto
1571 5075 1824 5130 oli‘undit.
1863 5093 1879 5125 ι
1913 5075 2044 5128 Item

472 5170 630 5221 (iH'lIS
666 5167 878 5221 Marcus
910 5183 925 5220 :
965 5185 982 5216 ι
1015 5165 1115 5230 Qui
1142 5181 1355 5234 praVaS,
1394 5165 1590 5233 inquit,
1625 5173 1802 5217 versat
1836 5165 2045 5233 cogita-

475 5269 669 5318 ll0llt‘s,
698 5263 964 5326 quomodo
1005 5261 1233 5311 telalunt
1271 5260 1352 5310 bis
1385 5266 1439 5310 et
1493 5257 1822 5309 substratum
1870 5256 2048 5310 videat

475 5363 776 5421 peceatum,
827 5355 969 5420 quod
1015 5365 1098 5406 est
1123 5353 1292 5421 caligo
1333 5359 1388 5405 et
1423 5353 1592 5403 nubes
1618 5350 1674 5402 in
1708 5352 1944 5404 animum
1981 5366 2046 5403 ex

476 5446 636 5500 malis
679 5446 1056 5520 cugitatibus,_
1089 5445 1274 5497 verbis
1313 5454 1368 5496 et
1420 5444 1676 5513 operibus
1722 5443 1953 5512 illapsu?
1986 5442 2049 5494 Ει

473 5539 569 5604 qui
599 5537 927 5600 nonyidut’it
982 5536 1127 5589 istud
1167 5535 1401 5603 Capitale
1445 5545 1752 5603 peccatum,
1808 5534 2050 5603 quantin-

477 5643 598 5679 nam
651 5630 907 5697 precibus
962 5628 1028 5680 ab
1087 5641 1151 5680 eo
1195 5626 1589 5681 tnundabitnr?
1646 5626 1709 5680 Et
1743 5643 1846 5681 non
1885 5634 2049 5694 purus

476 5726 747 5785 quomodo
811 5720 1048 5775 inueniet
1098 5721 1406 5790 purissimae
1454 5733 1659 5776 uatum
1727 5721 1948 5775 sedum?
1997 5728 2049 5774 ct

2136 4533 2230 4584 καὶ
2286 4531 2650 4600 τεθλιμμένης
2711 4530 2887 4599 πύλης
2941 4531 3035 4581 καὶ
3104 4529 3223 4582 ὁδοῦ
3291 4529 3583 4597 προελθεῖν
3638 4532 3723 4592 είς

2135 4621 2279 4690 ζωὴν
2315 4620 2742 4693 προῃρημένοις.
2796 4619 2992 4680 Καλῶς
3027 4619 3116 4689 ἄρ’
3159 4615 3311 4671 εἶπεν
3344 4623 3371 4672 ὁ
3417 4621 3727 4683 ἀπόστολος

2133 4713 2383 4776 Παῦλος,
2443 4715 2525 4765 ὅτι
2579 4711 2686 4765 (Ἡ
2741 4712 2886 4781 λύπη
2933 4714 2967 4780 ἡ
3009 4711 3151 4764 κατά
3200 4711 3425 4780 κόσμον,
3481 4711 3727 4764 Θάνατον

2135 4809 2545 4878 ἀπεργάζεταιο
2587 4827 2604 4860 ι
2668 4809 2761 4861 καὶ
2819 4808 2906 4860 διὰ
2966 4809 3058 4860 τοῦ
3117 4807 3276 4873 λόγου
3343 4807 3454 4875 γὰρ
3512 4809 3726 4878 ἐφάνη,

2135 4905 2376 4976 ἁμαρτία
2416 4900 2547 4959 οὖσα
2583 4906 2719 4974 πρὸς
2773 4903 3018 4958 θάνατον.
3073 4904 3135 4955 Ei
3191 4902 3314 4971 δὲή
3367 4902 3537 4964 ὅντως
3576 4903 3728 4972 ζωὴ,

2131 4997 2232 5064 τῆς
2261 4996 2440 5066 ψυχῆς
2467 4996 2582 5063 φῶς
2617 4999 2734 5048 ἐστι
2769 4997 2930 5059 θεῖον,
2959 4995 3066 5047 ἀπὸ
3099 4992 3192 5046 τοῦ
3233 4993 3374 5047 κατά
3407 4993 3541 5046 Θεὶν
3587 4994 3732 5047 πέν-

2134 5090 2260 5152 θους
2295 5090 2749 5159 προσγινόμενον,
2773 5087 2849 5149 ὡς
2886 5086 3146 5154 ἀνωτέρω
3177 5084 3282 5137 ὑπὸ
3306 5083 3411 5136 τῶν
3453 5085 3732 5154 Πατέρων

2133 5182 2370 5253 εἴρηται,
2397 5182 2488 5234 καὶ
2531 5183 2557 5233 ὁ
2587 5181 2683 5244 τῆς
2721 5179 2896 5249 ψυχῆς
2928 5178 3178 5240 θάνατος,
3210 5176 3394 5237 σκότος
3425 5174 3584 5228 ἔσται
3617 5192 3730 5228 πο-

2137 5273 2316 5344 νηρὸν,
2350 5272 2454 5325 ὑπδ
2484 5271 2580 5340 τῆς
2617 5269 2755 5323 κατά
2807 5271 3012 5338 κόσμον
3036 5267 3212 5337 λύπης
3249 5268 3314 5336 τῇ
3348 5266 3496 5335 ψυχῇ
3531 5283 3728 5333 προσ-

2135 5366 2438 5435 γινόμενον,
2509 5363 2696 5422 σκότος
2748 5363 2946 5424 ὲκεῖνο,
2995 5362 3122 5430 περὶ
3156 5351 3216 5410 οὗ
3274 5372 3405 5425 φησι
3457 5360 3485 5410 ὁ
3539 5358 3731 5424 μέγας

2135 5459 2436 5522 Βασίλειος,
2466 5458 2548 5510 ὅτι
2594 5455 2656 5509 ’Π
2700 5455 2963 5525 ἁμαρτία.
3008 5453 3065 5504 ἐν
3088 5453 3154 5522 τῇ
3183 5448 3466 5517 ἀπολείψει
3497 5449 3591 5499 τοῦ
3620 5467 3729 5500 κα-

2136 5549 2227 5602 λοῦ
2251 5549 2350 5618 τὴν
2381 5547 2617 5618 ὓπαρξιν
2659 5543 2878 5616 ἔχωσα.
2926 5542 3117 5607 σκότος
3156 5539 3419 5596 τυποῦται
3459 5543 3571 5604 τοῖς
3600 5543 3731 5599 ἀει-

2138 5642 2345 5711 κήμασι
2374 5639 2576 5710 νοερόν.
2622 5637 2782 5691 Ἀλλά
2835 5638 2929 5689 καὶ
2980 5636 3206 5709 Μάρκος
3232 5637 3260 5687 ὁ
3295 5634 3455 5695 θεῖος,
3499 5635 3557 5686 Ὀ
3597 5638 3730 5696 τοῖς

2141 5735 2389 5802 πονηροῖς
2428 5731 2725 5804 λογισμοῖς,
2796 5729 2950 5800 φησὶ,
3003 5728 3406 5800 περιεχόμενος,
3459 5727 3570 5790 πῶς
3629 5728 3727 5798 ἴδῃ
