3962 6208
284 270 425 335 1085
1387 283 1479 342 DE
1529 288 1567 339 Ὠ
1582 286 1860 348 ΕΝΤΑΙᾸ
1904 289 2005 360 QU
2020 302 2031 348 δ
2047 277 2411 351 ΕΤΠΜΝΕῘ
3076 375 3081 380 ⁷
3406 298 3543 367 ιᾶεϐ

280 392 383 458 τὴν
411 388 519 441 ὐπδ
547 389 757 443 τούτων
790 391 1213 467 καλυπτομένην
1245 398 1524 469 ἁμαρτίαν
1559 402 1829 455 ὲνυπόστα

1966 406 2058 473 qui
2096 407 2239 460 hanc
2283 423 2389 460 non
2425 409 2729 475 repererit,
2754 407 3044 480 quomodo
3075 422 3272 469 cernet
3309 413 3543 471 interius

279 498 391 542 τον,
419 481 542 551 ἦτις
576 484 696 535 ἐστὶ
723 486 936 550 σκότος,
971 492 1064 540 καὶ
1091 489 1286 560 ὁμίχλη
1315 492 1515 560 ψυχῆς,
1543 492 1601 556 ἐξ
1632 494 1829 546 ἐννοιῶν

1966 495 2169 551 Christi
2201 497 2623 553 habitaculum?

278 576 557 645 πονηρῶν,
592 580 683 630 καὶ
716 578 911 646 λόγων,
947 584 1039 635 καὶ
1079 586 1332 653 πράξεων
1364 588 1723 657 ἑμπεσοῦσα;
1767 590 1829 643 '0
1854 591 1909 644 δὲ
1958 592 2166 660 ταύτην
2200 590 2275 661 μὴ
2324 576 2666 663 θεασάμενος
2695 597 2795 663 τὴν
2823 596 3187 668 περιεκτικὴν
3232 599 3535 667 ἁμαρτίαν,

277 668 409 719 πότε
447 668 661 735 δεηθεὶς
691 672 825 741 περὶ
848 674 1023 743 αὐτῆς
1054 676 1565 750 καθαρισθήσεταις
1598 685 1624 735 6
1654 683 1709 736 δὲ
1744 683 1819 752 μὴ
1843 684 2217 754 καταρισθεὶς,
2252 684 2370 747 πῶς
2397 682 2534 756 εὕρῃ
2564 688 2654 739 τὸν
2675 688 2840 740 τόπον
2873 692 2969 758 τῆς
2998 690 3246 759 καθαρᾶς
3280 692 3523 759 φύσεως;

273 761 303 812 6
340 757 396 811 δὲ
428 759 619 813 τοῦτον
653 762 729 832 μὴ
767 764 966 834 εὑρὼν.
1002 769 1121 832 πῶς
1161 771 1242 841 ἴδῃ
1283 772 1376 824 τὸν
1403 774 1682 845 ἐνδότερον
1703 771 1851 828 οἶκον
1874 775 1969 829 τοῦ
2002 774 2281 840 Χοιστοῦς

354 850 473 922 Χρὴ
506 851 683 905 τοίνυν
710 854 937 923 κροῦσαι
959 856 1044 908 διὰ
1079 864 1386 930 προσευχῆς
1416 864 1850 932 παραμένοντας,

282 942 376 995 καὶ
409 943 640 1012 ζητῆσαι
672 945 765 996 τὸν
797 946 946 999 οἷκον
978 948 1187 1013 τοῦτον,
1225 950 1285 1001 οὐ
1323 952 1481 1019 μόνον
1525 955 1849 1023 κτήσασθαι,

278 1032 415 1084 ἀλλὰ
449 1034 541 1086 καὶ
593 1034 852 1101 φυλάξαι·
890 1039 995 1090 είσὶ
1024 1042 1131 1109 γὰρ
1157 1043 1204 1093 οξ
1236 1042 1329 1094 καὶ
1377 1044 1514 1112 μετὰ
1560 1045 1619 1098 τὸ
1667 1046 1851 1099 λαϐεῖν
1882 1038 1889 1047 ’

278 1124 666 1188 ἀπολέσαντες·
686 1127 850 1197 ψιλὴν
878 1130 983 1199 γὰρ
1010 1131 1177 1199 αὐτῆς
1207 1133 1425 1199 γνῶσιν,
1460 1134 1848 1207 ἣσυμϐατικὴν

272 1219 498 1285 πεῖραν,
535 1218 661 1280 ἴσως
686 1220 778 1271 καὶ
808 1220 1093 1289 ὀψιμαθεῖς
1127 1227 1217 1277 καὶ
1245 1223 1355 1276 νέοι
1398 1226 1684 1299 κατέχουσι
1709 1245 1722 1258 ο
1749 1229 1846 1299 τὴν

274 1308 331 1361 δὲ
357 1309 477 1376 μεθ’
504 1311 777 1378 ὑπομονῆς
828 1314 1141 1381 παράμονον
1188 1316 1472 1384 ἐργασίαν,
1537 1297 1691 1387 μόλις
1738 1297 1845 1374 των

273 1399 541 1468 γερόντων
571 1402 618 1451 οί
663 1402 910 1465 εὐλαϐεῖς
967 1406 1060 1456 καὶ
1091 1405 1408 1476 πολύπειροι
1428 1423 1441 1436 ⁸
1473 1408 1683 1470 τούτοις
1716 1410 1844 1478 ὁμό-

270 1489 427 1556 λογος
462 1492 554 1544 καὶ
605 1494 914 1563 Μακάριος,
965 1497 993 1547 6
1038 1498 1134 1563 τὴν
1183 1498 1385 1563 γνῶσιν
1434 1500 1705 1570 οὐράνιος,
1745 1502 1839 1554 καὶ

270 1583 378 1643 πᾶς
434 1583 463 1633 6
502 1584 609 1634 τῶν
666 1584 829 1636 ὁσίων
885 1587 1062 1656 χορός.
1113 1588 1252 1641 Ἀλλ’
1303 1589 1492 1660 ὥσπερ
1544 1593 1606 1645 τὸ
1655 1594 1841 1657 σκότος

267 1671 427 1724 τοῦτο
481 1674 545 1723 ὲκ
591 1673 700 1725 τῶν
777 1678 1236 1746 παραπτωμάτων
1300 1680 1516 1735 πάντων
1574 1682 1840 1751 λαμϐάνει

265 1759 363 1832 τὴν
394 1763 646 1835 ὓπαρξιν,
677 1764 817 1819 οὕτω
839 1767 935 1836 τὴν
958 1770 1100 1822 κατὰ
1121 1770 1323 1841 κόσμον
1350 1772 1525 1841 λύπην
1554 1775 1835 1840 ἐξετάσας,

263 1854 523 1924 εὑρήσεις
556 1857 617 1907 ἐκ
646 1857 753 1908 τῶν
788 1858 975 1911 παθῶν
1019 1863 1260 1925 πάντων,
1312 1865 1405 1916 καὶ
1467 1866 1835 1936 γεννωμένην,

263 1948 357 1998 καὶ
415 1949 841 2018 κρατυνομένην.
895 1952 1105 2004 Οὐκοῦν
1145 1955 1327 2007 εἰκόνα
1357 1955 1538 2025 φέρει,
1585 1958 1679 2009 καὶ
1723 1954 1835 2011 οἷον

262 2038 507 2108 ἀπαρχὴ,
555 2040 647 2091 καὶ
706 2042 1014 2111 προοίμιον,
1078 2046 1173 2096 καὶ
1241 2045 1501 2117 ἀρραϐών
1562 2048 1679 2101 ἔστι
1734 2048 1829 2102 τοῦ

263 2130 731 2199 προσγενήσεσθαι
788 2133 1070 2200 μέλλοντος
1123 2134 1358 2203 ἀλήκτου
1414 2137 1668 2201 πένθους,
1718 2141 1833 2203 τοῖς

259 2222 321 2274 τὸ
353 2223 692 2292 μακαρισθὲν
736 2223 841 2275 ὑπὸ
874 2224 967 2275 τοῦ
1018 2224 1222 2293 Κυρίου
1254 2226 1447 2289 πένθος
1483 2228 1555 2296 μὴ
1603 2228 1832 2297 προελο-

263 2312 481 2383 μένοις’
520 2313 547 2365 ὃ
581 2313 655 2383 μὴ
692 2313 850 2382 μόνον
891 2314 1050 2384 φέρει
1093 2315 1283 2385 κέρδος
1322 2317 1421 2385 τὴν
1463 2318 1827 2387 παράκλησιν,

258 2406 644 2475 καρποφοροῦν
673 2406 763 2457 τὸν
786 2406 1078 2477 ἀρραϐῶνα
1103 2407 1205 2475 τῆς
1227 2408 1444 2461 αἰωνίου
1465 2409 1826 2478 εὐφροσύνης,

2021 861 2252 927 Oportet
2313 862 2483 931 igitur
2529 864 2745 920 domum
2785 867 2927 923 hanc
2999 870 3244 926 oratione
3296 872 3516 942 pulsare

1944 962 2303 1016 constanter,
2369 968 2598 1023 eamque
2665 959 2853 1012 conari
2936 959 3076 1015 haud
3152 963 3331 1017 solum
3397 966 3517 1018 adi-

1948 1044 2103 1114 pisci,
2156 1046 2247 1098 sed
2294 1056 2348 1100 et
2399 1048 2655 1103 retinere.
2705 1048 2848 1104 Sunt
2904 1052 3050 1105 enim
3097 1053 3187 1120 qui
3245 1064 3513 1122 repertam

1945 1136 2215 1199 amittunt,
2278 1138 2404 1205 quia
2443 1152 2645 1192 meram
2698 1139 2816 1207 ejus
2855 1143 3215 1211 cognitionem
3253 1154 3520 1212 tempora-

1946 1224 2192 1294 riamque
2214 1228 2627 1296 experientiam,
2653 1231 2808 1299 quasi
2833 1234 2898 1285 ad
2923 1234 3234 1288 discendum
3256 1236 3519 1289 tardiores

1944 1318 2101 1370 simul
2136 1327 2188 1370 et
2238 1318 2506 1384 juniores,
2561 1321 2797 1377 habent:
2828 1326 2922 1377 sed
2966 1325 3021 1376 in
3053 1339 3278 1393 operum
3331 1342 3519 1393 perse-

1949 1411 2194 1461 verantia
2233 1424 2553 1477 permanere
2584 1413 2673 1466 vix
2710 1422 2938 1480 possunt
2979 1419 3252 1469 seniorum
3282 1418 3520 1484 pruden-

1946 1499 2141 1554 tissimi
2167 1510 2219 1553 et
2248 1505 2635 1573 expertissimi.
2654 1523 2671 1555 ι
2695 1505 2807 1559 Illis
2826 1505 3060 1559 caelestis
3077 1506 3302 1560 scientia
3344 1506 3524 1561 laca-

1947 1592 2083 1656 rius,
2114 1609 2323 1649 necnon
2355 1597 2638 1652 universus
2677 1609 2990 1653 sanctorum
3011 1599 3251 1653 concinit
3294 1600 3519 1661 chorus.

2014 1697 2082 1750 At
2136 1711 2245 1751 non
2288 1696 2461 1752 solum
2491 1696 2557 1750 ad
2589 1698 2641 1751 id
2691 1697 2898 1768 confert
2922 1699 3102 1754 luctus
3141 1710 3199 1754 ut
3233 1702 3393 1757 homo
3421 1704 3513 1760 fiat

1945 1786 2058 1841 fere
2085 1787 2378 1841 immobilis
2407 1788 2473 1843 ad
2506 1787 2704 1841 malum
2726 1798 2781 1841 et
2805 1790 2872 1842 ad
2896 1789 3077 1858 priora
3104 1775 3322 1859 peccata
3354 1794 3511 1849 inde-

1944 1878 2235 1942 clinabilis,
2258 1880 2349 1931 sed
2378 1879 2492 1933 haec
2513 1880 2667 1943 quasi
2697 1895 2802 1933 non
2828 1879 2966 1932 facta
2988 1881 3181 1937 reddit.
3200 1882 3335 1937 Cum
3362 1886 3512 1941 enim

1943 1970 2045 2024 ista
2078 1970 2260 2040 lugere
2292 1973 2454 2039 coepit
2506 1972 2690 2037 homo,
2725 1975 2863 2039 apud
2897 1973 3062 2025 Deum
3110 1984 3366 2044 tanquam
3404 1991 3510 2032 non

1944 2064 2107 2115 'iolita
2144 2073 2496 2132 reputantur;
2523 2074 2572 2116 at
2600 2079 2702 2117 uou
2730 2064 2889 2119 volita
2918 2082 3020 2120 non
3044 2076 3166 2119 sunt
3190 2067 3508 2137 culpabilia.

1944 2150 2099 2217 Nam,
2128 2154 2579 2219 quemadmodum
2635 2158 2699 2207 de
2754 2156 2931 2219 inopia
2982 2156 3191 2219 dolens,
3229 2157 3366 2211 hanc
3409 2158 3510 2212 sibi

1943 2254 2139 2312 praeter
2190 2246 2520 2298 voluntatem
2563 2261 2683 2299 eSse
2737 2256 2985 2313 testatur,
3019 2263 3082 2301 ac
3129 2249 3355 2316 proinde
3385 2264 3510 2303 cum

1942 2337 2259 2389 divitiarum
2290 2338 2499 2405 cupidis
2541 2346 2634 2390 aut
2662 2336 2924 2393 divitibus
2969 2339 3021 2392 in
3054 2338 3274 2407 laqueos
3311 2340 3510 2394 diaboli

1943 2428 2163 2489 incidet,
2209 2439 2393 2497 atque,
2438 2430 2480 2483 si
2534 2444 2641 2483 non
2704 2431 3031 2498 resipiscens
3102 2432 3340 2502 ell‘ugere
3396 2444 3511 2489 stu-

257 2494 397 2549 ἀλλὰ
435 2498 525 2551 καὶ
558 2496 919 2565 ἁσφαλίζεται
946 2498 1043 2568 τὴν
1095 2497 1316 2567 ἀρετὴν,
1346 2498 1614 2567 ἄτρεπτον
1642 2500 1734 2550 ἐπὶ
1762 2499 1828 2552 τὰ

1941 2520 2114 2575 duerit
2141 2521 2365 2589 laqueos
2415 2522 2567 2585 istos,
2605 2523 2827 2577 internis
2885 2524 3079 2577 inferni
3108 2525 3282 2593 pmnis
3333 2541 3510 2581 reser-

253 2590 425 2659 χείρω
468 2589 567 2659 τὴν
614 2589 790 2659 ψυχὴν
825 2588 1295 2659 ἀπεργαζόμενον.
1336 2590 1667 2659 Πτωχεύσας
1715 2591 1826 2660 γάρ

252 2699 337 2746 τις
383 2682 477 2736 καὶ
520 2683 900 2744 ταπεινωθεὶς,
954 2682 1046 2734 καὶ
1077 2682 1175 2751 τῆς
1204 2681 1343 2733 κατὰ
1370 2682 1503 2734 Θεὸν
1548 2683 1823 2745 εὐτελείας

254 2772 763 2841 ἀντιπεποιημένος,
809 2771 876 2824 ἂν
922 2772 995 2843 μὴ
1044 2770 1324 2839 προκόψας
1380 2770 1472 2823 ἐπὶ
1513 2771 1575 2823 τὸ
1618 2770 1824 2840 βέλτιον

253 2864 670 2934 προσκτήσηται
714 2865 772 2917 τὸ
817 2862 1030 2925 πένθος,
1071 2861 1497 2931 εύπερίτρεπτός
1544 2864 1680 2927 ἐστι,
1728 2863 1823 2915 καὶ

252 2956 485 3024 εὐχερὴς
517 2955 650 3024 πρὸς
679 2955 713 3008 ἃ
736 2955 1120 3008 καταλέλοιπεν
1154 2954 1466 3009 ἐπανελθεῖν
1515 2958 1579 3025 τῇ
1605 2955 1819 3029 γνὼμῃο

250 3048 436 3102 ποθῶν
496 3047 649 3109 αὖθις
686 3046 721 3100 ἃ.
770 3046 982 3116 παρῆκε
1031 3046 1129 3119 τὴν
1176 3047 1370 3116 ἀρχὴν,
1426 3047 1521 3099 καὶ
1569 3049 1822 3110 συνιστὰς

250 3139 576 3211 παραϐάτην
602 3138 816 3191 ἑαυτόν.
852 3140 949 3191 Ἂν
977 3137 1031 3189 δὲ
1063 3117 1395 3207 παραμένων
1427 3137 1519 3188 καὶ
1538 3136 1820 3206 προσέχων
1854 3117 1896 3171 Β

247 3235 313 3303 τῇ
345 3233 478 3302 προς
513 3231 610 3299 τὴν
644 3231 983 3300 μακαριστὴν
1016 3228 1290 3298 πτωχείαν
1316 3227 1573 3291 διαθέσει,
1604 3228 1663 3279 τὸ
1694 3231 1835 3278 πέν-’

249 3322 342 3384 θος
372 3322 645 3391 ἐμποιήσῃ
690 3319 886 3388 ἑαυτῷ,
934 3317 1154 3388 ἀκλινὴς
1185 3321 1321 3385 πρὸς
1353 3317 1422 3370 τά
1470 3317 1643 3368 ὀπίσω
1672 3317 1818 3383 γίνε-

245 3430 357 3475 ται,
416 3412 489 3481 μὴ
535 3411 914 3481 παλινδρομῶν
963 3410 1169 3471 κακῶς,
1225 3410 1346 3462 ὅθεν
1394 3409 1580 3477 ἔφυγε,
1637 3408 1814 3471 καλῶς

246 3502 439 3556 ποιῶν.
475 3503 536 3553 Ἡ
571 3501 677 3569 γάρ
700 3500 838 3552 κατὰ
861 3500 991 3553 Θεὸν
1024 3500 1188 3569 λύπη,
1224 3500 1363 3552 καθά
1393 3516 1555 3567 φησιν
1589 3501 1616 3551 ὁ
1655 3499 1815 3551 Ἀπό-

247 3592 471 3656 στολος,
525 3590 812 3659 μετάνοιαν
862 3590 1273 3658 ἀμεταμέλητον
1329 3586 1698 3658 ἀπεργάζεται
1744 3590 1810 3656 τῇ

242 3680 388 3749 ψυχῇ
433 3680 567 3748 πρὸς
607 3682 897 3748 σωτηρίαν.
957 3681 1047 3731 Διὸ
1108 3681 1199 3732 καί
1255 3697 1338 3743 τις
1392 3680 1498 3731 τῶν
1554 3681 1810 3749 Πατέρων

243 3769 453 3834 ἔλεγεν,
484 3769 564 3820 ὅτι
616 3768 676 3820 τὸ
721 3768 914 3830 πένθος
946 3768 1233 3838 ἐργάζεται
1276 3769 1366 3821 καὶ
1392 3769 1680 3838 φυλάσσεν
1716 3771 1809 3822 καὶ

241 3858 303 3908 ού
336 3858 490 3910 τοῦτο
519 3859 680 3925 μόνον
710 3859 825 3913 ἐστὶ
868 3859 929 3912 τὸ
960 3860 1067 3912 ἀπὸ
1092 3861 1185 3913 τοῦ
1214 3862 1444 3923 πένθους
1480 3862 1690 3930 κέρδος,
1724 3862 1806 3913 ὅτι

242 3956 432 4027 σχεδὸν
462 3959 489 4010 6
515 3948 797 4029 ἄνθρωπος
827 3962 1080 4031 ἀκίνητος
1120 3964 1328 4032 γίνεται
1362 3965 1498 4034 πρὸς
1529 3964 1606 4015 τὸ⁴
1629 3950 1820 4031 κακὸν,

242 4048 337 4100 καὶ
375 4048 509 4116 πρὶς
564 4049 633 4101 τὰ
682 4055 1158 4122 προημαρτημένα
1216 4056 1640 4125 ἁπερίτρεπτος,
1689 4054 1827 4110 ἀλλὰ

242 4140 339 4191 καὶ
391 4140 595 4204 ἐκεῖνα,
641 4142 714 4204 ὡς
754 4144 828 4211 μὴ
873 4146 1136 4210 γεγονότα
1183 4144 1521 4216 διατίθησιν·
1562 4148 1682 4200 ἐπεὶ
1717 4150 1827 4218 γὰρ

240 4230 311 4283 δι’
348 4231 528 4284 ἐκεῖνα
561 4234 659 4301 τὴν
712 4236 887 4303 ἀρχὴν
921 4236 1107 4288 πενθεῖ
1137 4237 1165 4288 6
1196 4237 1503 4308 ἄνθρωπος,
1555 4240 1627 4302 ὡς
1660 4241 1827 4293 ἀκού-

246 4339 341 4375 σια
398 4325 572 4395 τούτῳ
621 4326 792 4379 ταῦτα
851 4327 1125 4395 λογίζεται
1162 4332 1315 4401 παρὰ
1353 4332 1431 4399 τῷ
1488 4331 1625 4402 Θεῷ,
1673 4333 1740 4386 τὰ
1771 4334 1826 4387 δὲ

1930 2612 2173 2683 vabitur:
2212 2612 2290 2666 sic
2328 2619 2382 2664 et
2443 2613 2531 2679 qui
2572 2614 2817 2681 peccavit
2849 2614 2898 2666 in
2934 2612 3125 2679 Deum,
3157 2616 3201 2669 si
3251 2616 3303 2669 iu
3360 2617 3506 2670 luctu

1926 2705 2376 2767 persweraverit,
2411 2702 2571 2769 quasi
2638 2717 2742 2755 non
2803 2702 2963 2755 volita
3007 2703 3107 2770 ipsi
3168 2706 3362 2758 merito
3425 2722 3507 2761 re-

1933 2796 2259 2864 putabuntur
2291 2802 2533 2861 peccata,
2569 2802 2621 2845 et
2663 2808 2785 2847 cum
2828 2795 2893 2848 iis
2924 2795 3013 2863 qui
3056 2811 3161 2849 non
3197 2797 3266 2849 ita
3321 2811 3510 2863 pecca-

1934 2898 2150 2949 verunt,
2182 2887 2299 2940 sine
2343 2884 2663 2939 olfeudit-ulo
2716 2887 3009 2940 ambulabit
3041 2888 3094 2942 in
3134 2890 3217 2942 via
3276 2891 3508 2944 ducente

1933 2980 1998 3033 ad
2029 2979 2191 3031 vitam
2223 2986 2500 3030 aeternam.

1994 3066 2098 3120 Sed
2128 3078 2265 3122 Sicut
2282 3069 2386 3123 ilia:
2413 3068 2650 3125 tenebrae
2672 3071 2742 3126 ab
2766 3072 3019 3129 omnibus
3045 3071 3282 3142 peccatis
3312 3082 3493 3127 ortum

1927 3158 2152 3223 ducunt,
2208 3160 2302 3220 ita,
2355 3161 2535 3214 saeculi
2570 3161 2842 3217 tristitiam
2903 3174 3199 3229 scrutatus,
3258 3164 3499 3232 reperies

1925 3265 2019 3303 eas
2053 3266 2081 3303 a
2136 3255 2352 3306 cunctis
2403 3254 2753 3320 passionibus
2786 3256 2967 3310 enasci
3006 3266 3061 3310 et
3094 3257 3315 3310 nutriri.
3359 3256 3500 3325 Ergo

1926 3339 2216 3409 imaginem
2246 3340 2351 3396 fert
2392 3354 2444 3396 et
2492 3353 2574 3399 est
2606 3345 2758 3413 quasi
2806 3346 3017 3399 initium
3054 3346 3500 3415 ‘praeludiumque

1926 3440 1977 3484 et
2009 3434 2201 3500 pignus
2249 3432 2416 3486 futuri
2480 3434 2835 3489 iudesiuentis
2871 3437 3065 3499 luctus,
3092 3437 3179 3491 his
3208 3440 3299 3507 qui
3330 3438 3499 3492 beati-

1925 3521 2143 3575 ﬁcatum
2182 3537 2210 3574 a
2244 3522 2473 3577 Domino
2509 3524 2710 3578 luctum
2765 3540 2866 3579 non
2920 3526 3198 3595 elegerint,
3249 3527 3339 3595 qui
3390 3543 3495 3581 non

1924 3616 2099 3668 solum
2133 3614 2410 3668 lucrifacit
2456 3618 2899 3682 consolationem,
2926 3619 3254 3672 fruetiﬁcans
3284 3628 3500 3673 aeterna:

1924 3705 2147 3759 arrham
2205 3704 2423 3765 lattitite,
2449 3706 2542 3759 sed
2576 3717 2628 3760 et
2658 3708 2912 3764 virtutem
2962 3709 3164 3763 stabilit
3194 3725 3208 3775 ;
3252 3709 3502 3762 immobi-

1924 3795 2030 3848 lem
2068 3796 2133 3850 ad
2173 3796 2447 3850 deteriora
2502 3799 2740 3851 animant
2797 3800 3045 3854 reddens.
3093 3798 3303 3866 Pauper
3352 3800 3496 3853 enim

1922 3888 2211 3956 quisquam
2252 3889 2582 3957 humilisque
2633 3899 2685 3944 et
2736 3900 2862 3945 ante
2910 3890 3076 3944 Deum
3139 3890 3261 3943 vilis
3298 3890 3497 3955 factus,

1924 3978 2025 4030 nisi
2050 3979 2267 4045 insuper
2294 3978 2360 4030 ad
2391 3980 2583 4032 melius
2624 3980 2907 4046 proﬁciens
2932 3981 3246 4050 acquisierit
3273 3980 3498 4045 luctum,

1924 4071 2100 4124 adhuc
2145 4071 2401 4140 proclivis
2458 4081 2512 4125 et
2552 4087 2755 4141 pronus
2784 4081 2869 4125 est
2899 4072 2965 4125 ad
2998 4073 3086 4125 illa
3114 4090 3231 4142 quae
3261 4072 3498 4125 deseruit
3558 4100 3561 4103 »

1925 4170 2100 4214 mente
2125 4162 2496 4230 repetendum,
2529 4178 2717 4217 rursus
2749 4163 3061 4217 desiderans
3090 4178 3153 4215 ea
3188 4178 3303 4231 qua:
3348 4167 3499 4231 prius

1924 4253 2158 4322 reliluit,
2187 4262 2241 4308 et
2288 4256 2526 4324 seipsum
2592 4255 2821 4309 reddens
2876 4256 3364 4324 prevaricatorem.
3438 4255 3501 4310 Si

1926 4362 2054 4400 vero
2110 4348 2408 4401 iiumanens
2464 4360 2518 4400 et
2562 4350 2769 4401 luereus
2841 4346 3029 4400 atlectu
3064 4350 3232 4401 beatae
3266 4362 3499 4415 pauper-

245 4413 478 4465 ἀκούσια
535 4416 631 4484 οὐχ
686 4416 979 4469 ὑπεύθυνα.
1018 4418 1281 4487 Καθάπερ
1331 4419 1437 4487 γὰρ
1464 4419 1490 4469 6
1529 4419 1825 4491 ἐπὶ-πενίᾳ

1941 4439 2049 4501 ‘.ati,
2082 4438 2286 4492 luctum
2323 4440 2427 4493 sibi
2470 4439 2749 4503 indiderit,
2790 4438 3181 4493 indeclinabilis
3223 4413 3278 4491 lit
3315 4413 3384 4492 ad
3414 4455 3499 4491 re-

242 4503 481 4569 οτενθῶν,
505 4506 602 4575 οὐχ
629 4507 877 4559 ἑκούσιον
909 4507 1114 4577 ταύτην
1152 4509 1332 4579 ἑαυτῷ
1386 4514 1822 4581 προσμαρτυρεῖ,

243 4593 324 4646 διὸ
352 4595 445 4647 καὶ
492 4597 631 4663 μετὰ
677 4596 785 4649 τῶν
818 4599 1068 4651 πλουτεῖν
1123 4601 1428 4653 ποθούντων
1460 4602 1491 4671 ἦ
1531 4601 1825 4654 πλουτούν-

242 4702 376 4745 των,
410 4689 527 4747 ταῖς
563 4689 656 4739 τοῦ
691 4688 937 4741 διαϐόλου
970 4692 1193 4757 παγίσιν
1226 4694 1564 4761 ἐμπεσεῖται,
1600 4693 1702 4746 κᾶν
1750 4692 1827 4765 μὴ

247 4776 568 4844 μεταϐαλὼν
620 4779 903 4849 διαδρᾶναι
946 4780 1160 4851 σπεύση
1195 4783 1295 4844 τὰς
1336 4782 1569 4850 παγίδας
1600 4784 1822 4850 ταύτας,

243 4870 310 4937 τῇ
346 4869 548 4938 αἰωνίῳ
581 4871 798 4924 κολάσει
828 4872 999 4942 τούτῳ
1031 4878 1703 4946 συμπαραπεμφθήσεται·
1733 4876 1824 4931 οὖ-

1934 4537 2186 4595 trorsuni,
2216 4546 2317 4584 nou
2340 4547 2402 4585 eo
2430 4533 2694 4594 resiliens,
2726 4534 2862 4587 unde
2884 4534 3017 4602 fugit
3048 4536 3244 4585 bonum
3273 4532 3509 4587 faciensa

1938 4639 1958 4674 ι
2003 4621 2131 4687 Quae
2158 4623 2300 4675 enim
2338 4625 2634 4676 ενοιιιιόυιιι
2666 4625 2830 4676 Deum
2861 4625 3080 4677 tristitia
3105 4634 3204 4684 est,
3238 4624 3515 4692 paeniten-

1935 4714 2063 4766 tiam
2116 4714 2180 4765 ad
2216 4714 2444 4766 salutem
2485 4715 2729 4767 stabilem
2776 4726 3052 4781 operatur,
3086 4733 3103 4763 ι
3138 4725 3194 4766 ut
3228 4716 3381 4768 divus
3425 4716 3501 4767 ait

1934 4804 2133 4860 Paulus
2162 4803 2227 4856 ”.
2258 4801 2324 4855 Et
2374 4813 2676 4872 prepterea,
2702 4812 2760 4858 ut
2809 4805 3024 4873 quidam
3072 4805 3293 4858 Patrum
3333 4806 3510 4859 dixit:

1943 4913 1965 4949 ι
1998 4896 2198 4949 Luctus
2227 4903 2484 4961 operatur
2511 4904 2563 4946 et
2596 4904 2903 4949 conservat.
2950 4912 2969 4943 ι

234 4969 344 5016 τως
380 4957 408 5007 6
444 4957 707 5028 ἁμαρτὼν
732 4964 813 5025 είς
845 4966 935 5018 τὸν
967 4968 1123 5033 Θεὸν,
1162 4971 1233 5023 ἂν
1265 4973 1359 5025 ἐπὶ
1381 4975 1492 5035 τοῖς
1527 4975 1894 5043 ἁμαρτήμασι
1917 4975 2134 5045 διατελῇ
2170 4977 2407 5039 πενθῶν,
2435 4977 2508 5037 ὡς
2545 4976 2641 5043 οὺχ
2677 4974 2899 5026 ἑκούσια
2923 4974 3150 5040 δικαίως
3179 4977 3327 5047 αύτῷ
3365 4978 3521 5045 λογι-

240 5044 508 5112 σθήσεται
533 5053 595 5103 τὰ
624 5052 1017 5127 ἁμαρτήματα,
1051 5065 1145 5115 καὶ
1191 5066 1331 5135 μετὰ
1366 5067 1476 5118 τῶν
1514 5068 1588 5135 μὴ
1622 5068 1887 5131 ὡσαύτως
1922 5044 2286 5139 ἁμαρτόντων
2316 5068 2691 5140 ἁπροσκόπως
2731 5068 2999 5136 βαδιεῖται
3044 5071 3143 5141 τὴν
3183 5044 3320 5139 πρὸς
3366 5044 3521 5139 ζωὴν

239 5141 523 5219 φέρουσαν
562 5168 590 5199 α
603 5152 799 5207 ἱώνιον.

314 5269 428 5336 Τῆς
462 5272 562 5339 μὲν
587 5274 679 5327 οὖι
722 5276 899 5347 ἀρχῆς
944 5281 1037 5331 τοῦ
1070 5280 1324 5346 πένθους,
1352 5285 1474 5353 ἣτις
1516 5283 1824 5346 κατὼδυνός

237 5362 423 5424 ἐστιν,
481 5363 556 5427 ὡς
618 5367 713 5418 καὶ
776 5370 867 5422 τὸν
912 5372 1005 5424 τοῦ
1060 5374 1195 5426 Θεοῦ
1252 5377 1415 5444 φόϐον
1475 5378 1827 5447 συνημμένον

241 5452 579 5523 κεκτημένη,
620 5456 781 5511 τοῦτό
832 5460 948 5513 ἐστι
1004 5465 1061 5515 τδ
1091 5464 1303 5536 κέρδος.
1363 5467 1571 5520 Ποοῖῶν
1613 5468 1693 5532 δὲ,
1757 5471 1824 5539 τῖ]

334 5689 378 5719 ⁸⁸
410 5687 459 5744 ll
479 5692 606 5747 Cor.
640 5710 757 5759 vui,
799 5695 882 5751 ιο.

1998 5286 2205 5343 Luctus
2232 5289 2396 5360 igitur
2433 5291 2676 5351 initium,
2699 5288 2843 5357 quod
2874 5288 3186 5341 dulurosum
3212 5294 3315 5346 est,
3343 5293 3515 5353 upote

1927 5377 2177 5433 timorem
2224 5381 2314 5434 Dei
2353 5381 2613 5435 Comitem
2662 5379 2894 5443 habens,
2936 5379 3069 5431 illud
3115 5386 3377 5446 operatur
3425 5375 3511 5426 lu-

1927 5486 2105 5527 crum.
2147 5473 2512 5544 Progrediens
2560 5482 2777 5539 autem,
2826 5473 2917 5529 Dei
2965 5470 3141 5526 amori
3182 5466 3514 5522 mirabiliter
