3962 6208
1321 514 1404 518 -—__
1440 513 1448 518 ρ
1459 514 1472 519 -
1495 514 1662 520 ν---.ν‹
1675 515 1702 520 .-
1719 515 2022 521 ..___-_————.
2037 515 2242 524 W-..
2261 518 2314 522 ι..-
2327 518 2342 522 _
2359 518 2452 523 ..-ς-.-
2465 519 2558 523 -.-σ-νλ

1231 353 1422 413 DECA
1437 353 1576 415 LOG
1591 355 1683 414 US
1718 353 2207 417 CIIRlSTI.\N.'E
2251 357 2386 414 LEC
2404 358 2492 418 IS.

3353 325 3498 426 meo

2819 518 3033 525 ,._-.-_..
3049 519 3367 530 -ςς--ο-αν-η,

3394 523 3447 538 δή

1347 677 1696 809 ΤΟΥ
1779 675 2002 812 ΑΥ
2030 683 2379 816 ΤΟΥ

495 911 1165 1002 ΔΕΚΑΛΟΓΟΣ
1223 919 1443 1005 ΤΗΣ
1519 920 1820 1004 ΚΑΤΑ
1885 923 2366 1010 ΧΡΙΣΤΟΝ
2434 925 3194 1014 ΝΟΜΟΘΕΣΙΛΣ.

1421 1267 2301 1425 EJUSDEM

646 1563 1486 1680 DECALOGUS
1565 1567 2492 1684 CHRISTIAN/E
2582 1571 3043 1685 LEGlS.

288 1929 494 1998 Κύριος
532 1928 558 1979 ὁ
585 1928 714 1992 Bari;
762 1947 853 1984 σου
897 1931 1102 2003 Κύριος
1130 1927 1211 1997 εἷς
1244 1935 1413 2000 ἐστιν,
1449 1938 1476 1989 ὁ
1501 1939 1559 1990 ὲν
1586 1935 1796 2008 Πατρὶ,
1835 1927 1877 1980 Α

217 2023 312 2074 κιτιή⁵
345 2022 482 2089 Tit},
534 2024 628 2075 καὶ
678 2024 816 2094 ἁγίῳ
844 2026 1125 2096 Πνεύματι
1155 2030 1552 2101 γνωριζόμενος
1575 2046 1588 2060 ·
1624 2019 1800 2102 Ilath

219 2117 520 2185 ἀγεννήτῳ,
577 2116 688 2186 Υἱῷ
739 2120 1005 2190 γεννητῷ,
1059 2121 1340 2192 ἁνάρχως,
1391 2124 1484 2178 καὶ
1529 2125 1796 2193 ἀχρὸνως,

223 2212 318 2261 καὶ
369 2208 619 2275 ἀπαθῶς,
649 2212 724 2274 ὡς
774 2211 934 2280 Λόγῳ
957 2229 970 2243 ⁸
1003 2214 1061 2276 ὃς
1111 2214 1179 2268 δι’
1221 2216 1413 2269 ἑαυτοῦ
1446 2217 1504 2269 τὺ
1545 2219 1601 2282 ἐξ
1640 2218 1842 2301 ἡμῶν.

222 2301 417 2370 χρίσας
477 2302 834 2373 πρόσλημμα,
881 2305 1146 2376 κέκληται
1193 2309 1448 2377 Χριστὸς,
1485 2311 1580 2362 καὶ
1630 2305 1798 2364 Πνεύ·

226 2411 358 2462 ματι
386 2393 669 2464 ἀγίῳ,.κα“ι
700 2395 850 2466 αὐτῷ
891 2399 955 2451 ἐκ
1003 2398 1096 2451 τοῦ
1137 2401 1368 2470 Πατρὸς,
1405 2403 1465 2454 οὐ
1501 2404 1796 2470 γεννητῶς,

219 2488 336 2539 ά)λ“
383 2489 731 2557 ἐκπορευτῶς
767 2493 1177 2563 προερχομὲνῳ.
1225 2490 1392 2557 Οὗτος
1437 2495 1596 2563 μόνος
1643 2495 1798 2559 Θεὸς,

223 2581 320 2632 καὶ
375 2575 528 2643 οὗτος
574 2580 705 2643 Θεὸς
738 2582 1008 2653 ἀληθινὸς,
1045 2586 1072 2637 ὁ
1126 2586 1184 2636 ὲν
1234 2586 1422 2654 Τριάδι
1455 2588 1802 2641 ύποστάσεων

223 2672 427 2741 Κύριος
458 2668 538 2734 εἷς
560 2691 574 2704 ο
612 2673 794 2742 φύσει,
825 2676 916 2728 καὶ
951 2676 1136 2747 βουλῇ,
1164 2681 1255 2730 καὶ
1283 2679 1429 2750 δόξῃ,
1482 2681 1707 2749 δυνάμει
1740 2698 1800 2734 τε

222 2761 313 2812 καὶ
360 2761 626 2832 ἐνεργείᾳ,
688 2765 781 2816 καὶ
824 2767 959 2818 πᾶσι
1021 2770 1132 2829 τοῖς
1178 2768 1278 2837 τῆς
1320 2768 1568 2839 θεότητος
1603 2772 1802 2841 γνωρί-

223 2868 394 2918 σμασι
437 2853 512 2922 μὴ
534 2854 931 2923 διαιρούμενος.
951 2858 1120 2911 Αὑτὸν
1146 2861 1305 2928 μόνον
1338 2862 1669 2932 ἀγαπήσεις,
1705 2863 1801 2915 καὶ

221 2939 373 3008 αύτῷ
422 2941 564 3010 μόνῳ
612 2944 928 3014 λατρεύσεις
999 2946 1056 3010 ἐξ
1098 2948 1227 3014 ὅλης
1265 2950 1361 3016 τῆς
1405 2950 1641 3014 διανοίας
1679 2968 1797 3016 σου,

222 3031 317 3082 καὶ
347 3030 406 3094 ἐξ
439 3033 566 3102 ὅλης
611 3034 712 3104 τῆς
759 3037 1006 3106 καρδίας,
1057 3042 1148 3094 καὶ
1202 3041 1262 3104 ἐξ
1303 3043 1432 3110 ὅλης
1462 3046 1558 3113 τῆς
1618 3045 1802 3114 ἰσχύος

225 3139 340 3186 σου,
374 3125 466 3176 καὶ
504 3127 655 3180 ἔσται
690 3131 757 3182 τὰ
801 3133 1021 3202 ῥήματα
1067 3136 1231 3189 αὑτοῦ
1277 3139 1370 3188 καὶ
1420 3138 1487 3190 τὰ
1523 3139 1801 3207 προστάγ-

225 3234 372 3284 ματα
396 3219 557 3272 αὑτοῦ
586 3223 641 3272 ἐν
668 3225 732 3292 τῇ
773 3225 968 3294 καρδίᾳ
1013 3243 1125 3292 σου,
1159 3230 1239 3291 εἰς
1267 3229 1327 3281 τὸ
1353 3231 1617 3300 πράττειν
1638 3231 1796 3297 αὐτὰ,

221 3311 318 3361 καὶ
356 3309 606 3381 μελετᾷν,
656 3315 751 3366 καὶ
783 3314 962 3368 λαλεῖν
1011 3319 1070 3371 ὲν
1127 3321 1332 3386 αὐτοῖς,
1384 3322 1690 3392 καθήμενόν
1739 3339 1799 3375 τε

222 3404 315 3455 καὶ
367 3405 754 3474 πορευόμενον,
807 3411 1212 3479 κοιταζόμενον,
1267 3417 1363 3466 καὶ
1419 3416 1798 3484 ἀνιστάμενον.

221 3495 333 3546 Καὶ
369 3497 656 3570 μνησθήσῃ
684 3500 975 3565 διαπαντὸς
1026 3505 1230 3571 Κυρίου
1258 3505 1352 3559 τοῦ
1380 3507 1515 3561 Θεοῦ
1553 3524 1670 3571 σου,
1708 3510 1801 3560 καὶ

222 3587 508 3658 φοϐηθήσῃ
571 3591 734 3643 αὐτὸν
795 3594 957 3661 μόνον
994 3611 1006 3623 ⁶
1037 3598 1131 3649 καὶ
1186 3598 1285 3650 οὐκ
1325 3598 1562 3670 ἐπιλήσῃ
1610 3597 1800 3666 αὑτοῦ,

219 3679 342 3730 οὑδὲ
377 3677 487 3732 τῶν
510 3681 740 3734 ἐντολῶν
773 3685 963 3737 αὑτοῦ·
1011 3686 1161 3740 οὕτω
1188 3689 1296 3756 γὰρ
1329 3687 1488 3740 δώσει
1523 3706 1603 3741 σοι
1641 3689 1802 3751 αὐτὸς

223 3771 379 3838 ἰσχὺν
401 3771 494 3824 τοῦ
526 3773 776 3826 ποιεῖντὸ
812 3774 1022 3844 θέλημα
1061 3777 1225 3830 αὑτοῦ
1248 3791 1263 3810 ο
1290 3779 1443 3832 οὐδὲν
1468 3778 1575 3848 γὰρ
1617 3779 1802 3849 ἕτερον

220 3862 448 3932 ἐκζητεί
463 3865 610 3934 παρὰ
637 3865 753 3930 σοῦ,
773 3867 888 3920 ἀλλ’
910 3867 941 3938 ἢ
961 3869 1240 3937 φοϐεῖσθαι
1258 3872 1350 3923 καὶ
1371 3873 1588 3942 ἀγαπᾷν
1617 3871 1800 3936 αὐτὸν,

221 3957 319 4007 καὶ
370 3956 703 4025 πορεύεσθαι
735 3959 792 4010 ἐν
836 3959 1039 4023 πάσαις
1071 3965 1192 4026 ταῖς
1231 3963 1368 4026 ὁδοῖς
1401 3962 1588 4015 αὑτοῦ.
1617 3955 1804 4029 Ὀὗτος

220 4047 490 4118 καύχημά
515 4065 628 4114 σου,
671 4051 764 4104 καὶ
797 4045 951 4115 οὗτος
985 4052 1116 4115 Θεός
1151 4071 1264 4108 σου.
1298 4056 1388 4126 Μὴ
1418 4055 1659 4128 ἀκούσῃς
1693 4055 1803 4109 τῶν

221 4139 614 4208 ὑπερκοσμίων
663 4141 910 4209 ἀγγέλων
955 4144 1016 4196 τὺ
1057 4144 1267 4208 ἀπαθὲς
1306 4146 1398 4198 καὶ
1425 4147 1674 4218 ἀόρατον,
1710 4148 1805 4200 καὶ

218 4230 318 4282 τοῦ
367 4231 693 4296 ἐκπεσόντος
725 4234 934 4289 ἐκεῖθεν
965 4237 1027 4288 τὸ
1075 4236 1198 4290 λίαν
1246 4240 1500 4310 πονηρὸν,
1528 4242 1622 4293 καὶ
1665 4241 1804 4310 πρὸς

218 4321 323 4389 τὴν
379 4324 587 4394 πλάνην
621 4327 804 4394 σοφὸν,
851 4327 948 4380 καὶ
1004 4328 1118 4394 ὀξὺ,
1151 4331 1243 4382 καὶ
1275 4312 1671 4402 παμμήχανον,
1709 4333 1803 4394 καὶ

220 4416 488 4486 ὁμότιμόν
512 4434 564 4469 τι
595 4419 801 4471 τούτων
838 4419 915 4488 τῷ
961 4421 1080 4489 Θεῴ
1118 4422 1347 4496 δοξάσῃς
1373 4442 1387 4457 ο
1428 4427 1504 4495 μὴ
1557 4426 1673 4499 ἴδῃς
1706 4426 1802 4480 τοῦ

222 4507 459 4575 ούρανοῦ
507 4509 568 4561 τὸ
616 4510 871 4578 μέγεθος,
910 4513 1005 4565 καὶ
1053 4514 1115 4566 τὸ
1147 4517 1424 4580 πολυειδὲς
1465 4519 1565 4588 τῆς
1608 4518 1804 4572 τούτου

1835 3271 1882 3331 Β

1987 1946 2003 1976 ε
2048 1925 2311 1981 Dominus
2371 1927 2514 1982 Deus
2571 1937 2696 1984 tuus
2751 1929 3014 1988 Dominus
3062 1949 3203 1990 unus
3233 1944 3333 2002 est,
3375 1955 3393 1988 ι
3434 1937 3485 1991 in

1906 2016 2070 2074 Patre
2129 2031 2183 2074 et
2237 2022 2288 2073 in
2357 2021 2492 2076 Filio
2544 2030 2610 2095 vel
2661 2022 2714 2076 in
2782 2022 2990 2092 Spiritu
3041 2036 3232 2082 sancto
3296 2029 3485 2098 cogni-

1908 2125 2044 2170 tus:
2107 2113 2160 2168 in
2209 2115 2372 2170 Patre
2421 2117 2691 2188 ingenito;
2731 2119 2785 2173 in
2823 2116 2963 2173 Filio
3010 2121 3216 2188 genito,
3271 2122 3363 2191 qui
3395 2131 3479 2176 est

1907 2207 2030 2261 sine
2075 2206 2365 2275 principio,
2411 2219 2669 2270 meritus.
2719 2219 2775 2265 et
2829 2210 3198 2279 impassihilis.
3262 2226 3318 2265 ut
3352 2213 3480 2266 \‘cr-

1908 2299 2057 2363 bum,
2085 2300 2176 2369 qui
2208 2308 2462 2354 naturam
2499 2310 2745 2356 nostram
2797 2302 2865 2356 de
2917 2303 3097 2372 scipso
3139 2306 3316 2367 unxit,
3347 2311 3488 2359 unde

1906 2402 2132 2448 vocatus
2156 2403 2240 2448 est
2271 2393 2550 2461 Christus;
2584 2403 2637 2448 et
2676 2395 2730 2448 in
2763 2393 2970 2464 Spiritu
3018 2406 3226 2463 sancto,
3261 2398 3354 2467 qui
3397 2407 3486 2452 est

1908 2483 2024 2556 ipse
2047 2485 2113 2540 de
2139 2484 2320 2550 Patre,
2351 2502 2454 2540 non
2483 2502 2579 2555 per
2609 2487 2952 2553 filiationem,
2972 2489 3065 2543 sed
3108 2506 3204 2560 per
3231 2491 3489 2557 Spiratio-

1909 2594 2030 2633 nem
2067 2579 2333 2647 procedit.
2373 2579 2470 2633 llic
2524 2589 2609 2634 est
2653 2595 2794 2636 unus
2830 2581 2990 2643 Deus.
3022 2591 3078 2636 et
3117 2583 3204 2636 hic
3233 2592 3317 2637 est
3346 2581 3490 2636 Deus

1908 2685 2090 2733 verus,
2118 2680 2176 2726 et
2223 2673 2275 2726 in
2324 2672 2571 2727 trinitate
2607 2686 2961 2742 personarum
3000 2673 3264 2728 Dominus
3302 2690 3488 2730 unus:

1908 2771 2127 2826 natura,
2183 2761 2482 2828 voluntate,
2516 2762 2708 2833 gloria,
2738 2772 3028 2832 potestate,
3063 2764 3401 2832 operatione,
3433 2777 3488 2816 et

1908 2853 2161 2907 Omnibus
2204 2854 2502 2910 divinitatis
2567 2857 2995 2922 proprietatibus
3079 2871 3185 2909 non
3253 2856 3484 2910 divisus.

1909 2944 2058 2999 Illum
2095 2945 2267 3000 solum
2291 2946 2505 3015 diliges,
2529 2947 2675 3000 etilli
2711 2947 2808 3001 soli
2833 2949 3042 3002 servies
3063 2963 3126 3002 ex
3158 2957 3267 3001 tota
3307 2957 3487 3003 mente

1911 3045 2093 3100 tua,et
2123 3053 2188 3092 ex
2209 3047 2321 3091 toto
2351 3042 2517 3092 corde
2541 3047 2651 3105 tuo,
2677 3046 2731 3092 et
2757 3053 2819 3092 ex
2853 3050 2962 3092 tota
2998 3038 3316 3094 fortitudine
3351 3053 3435 3092 tua
3470 3055 3486 3104 ;

1910 3139 2182 3201 eruntque
2215 3133 2380 3187 verba
2413 3131 2532 3199 ejus
2561 3142 2612 3186 et
2641 3146 2908 3202 pra-cvpta
2934 3132 3048 3199 ejus
3083 3133 3134 3185 in
3178 3134 3344 3187 corde
3375 3142 3487 3194 itm,

1913 3237 1972 3279 ιιι
2001 3225 2170 3280 facias
2207 3241 2292 3287 ea,
2330 3235 2387 3280 et
2420 3225 2703 3278 mediter-is
2743 3225 2797 3278 in
2846 3225 2927 3279 eis
2964 3227 3161 3280 sedens
3206 3235 3260 3279 et
3293 3224 3490 3278 ambu-

1915 3319 2051 3383 lans,
2069 3320 2342 3372 dormiens
2364 3328 2524 3388 atque
2544 3333 2884 3386 consurgens
2913 3320 2956 3350 ⁸⁵
2979 3319 3016 3371 ⁶.
3052 3317 3116 3370 Et
3155 3315 3447 3372 recordabe
3464 3346 3491 3354 -

1912 3413 1989 3467 ris
2016 3427 2234 3481 semper
2268 3411 2479 3464 Domini
2525 3409 2617 3464 Dei
2653 3411 2753 3476 tui,
2783 3421 2837 3464 et
2877 3411 3090 3464 timebis
3140 3425 3262 3463 eum
3292 3409 3489 3470 solum,

1913 3520 2011 3560 nec
2035 3503 2374 3559 Oblivisceris
2400 3503 2518 3572 ejus
2549 3512 2602 3557 et
2630 3501 3011 3555 mandat-orum
3042 3502 3158 3570 ejus
3187 3517 3201 3556 :
3227 3502 3306 3555 sic
3346 3502 3489 3554 enim

1912 3599 2060 3654 dabit
2092 3597 2189 3652 tibi
2243 3597 2350 3651 vim
2409 3595 2642 3650 faciendi
2700 3595 3035 3648 voluntatem
3089 3595 3291 3662 ipsius;
3353 3595 3488 3646 nihil

1912 3694 2058 3745 enim
2093 3689 2229 3759 petit
2263 3703 2291 3741 a
2344 3696 2418 3754 te,
2456 3688 2557 3742 nisi
2609 3698 2664 3740 ut
2701 3687 2893 3740 timeas
2919 3697 2976 3740 et
3027 3685 3218 3755 diligas
3257 3701 3399 3747 enm,
3432 3697 3487 3739 ct

1915 3782 2162 3836 ambules
2191 3781 2246 3835 in
2271 3780 2525 3834 omnibus
2559 3779 2660 3834 viis
2689 3777 2809 3845 ejus
2833 3777 2898 3832 ⁸⁸.
2934 3776 3035 3831 llic
3061 3787 3144 3830 est
3176 3776 3338 3844 gloria
3376 3785 3486 3840 Iun,

1914 3886 1967 3927 et
2001 3875 2090 3928 hic
2115 3874 2256 3928 Deus
2293 3885 2438 3925 tuus.
2467 3871 2545 3924 .l‘le
2597 3873 2840 3925 astimcs
2869 3887 3227 3938 supernorum
3264 3871 3486 3938 angelo.

1914 3981 2030 4018 rnm
2068 3961 2580 4032 impassibilitatem,
2626 3968 2681 4014 et
2731 3959 2932 4029 delapsi
2964 3960 3110 4014 illiue
3163 3960 3481 4027 nequitiam,

1914 4057 2020 4110 doli
2057 4055 2285 4124 pet-itam
2307 4052 2670 4121 callidamque
2691 4061 2747 4106 et
2778 4050 3152 4115 artificiosam,
3186 4065 3285 4104 ncc
3324 4050 3490 4103 ullum

1913 4164 2102 4203 eorum
2125 4147 2315 4202 eodem
2355 4140 2666 4214 quo‘Deum
2693 4144 2900 4199 honore
2927 4141 3212 4212 glorilices.
3243 4141 3321 4196 Ne
3352 4155 3489 4196 con-

1915 4242 2121 4296 sideres
2148 4241 2270 4296 caeli
2319 4237 2772 4307 magnitudinem,
2825 4235 3186 4290 multiformes
3215 4233 3338 4304 ejus
3369 4247 3489 4286 tuo-

1913 4345 2023 4400 tus,
2070 4333 2413 4405 spieudorem
2450 4332 2602 4392 solis,
2636 4332 2864 4385 nitorem
2927 4329 3089 4394 lunae,
3125 4329 3491 4396 .aiiorumqne

1915 4430 2155 4483 siderum
2182 4424 2466 4494 fulgorem,
2498 4436 2598 4475 nec
2623 4420 2912 4475 utilitatem
2947 4417 3168 4485 aspirati
3196 4417 3360 4480 acris,
3390 4429 3491 4468 ιιι-ο

1917 4520 2087 4574 maris
2135 4532 2200 4571 ac
2253 4527 2411 4570 terrae
2466 4513 2886 4576 fecunditatem,
2927 4526 3026 4564 nec
3064 4509 3268 4578 aliquid
3298 4508 3490 4562 horum

222 4603 516 4670 κινήσεως,
539 4604 600 4655 τὸ
626 4604 971 4675 περιλαμπὲς
993 4607 1088 4660 τοῦ
1119 4609 1292 4678 ἡλίου,
1324 4612 1422 4679 τὴν
1452 4611 1552 4680 τῆς
1574 4612 1804 4683 σελήνης

1917 4611 2157 4665 deilices.
2197 4606 2329 4661 Nam
2365 4614 2574 4660 cunctae
2627 4620 2715 4659 res
2758 4605 2920 4658 unius
2971 4602 3064 4656 Dei
3098 4609 3223 4655 sunt
3278 4598 3520 4689 famula}.

220 4694 528 4761 φανότητα,
578 4695 687 4747 τῶν
730 4697 908 4749 ἄλλων
957 4699 1207 4770 ἀστέρων
1236 4701 1296 4754 τὸ
1344 4702 1581 4771 διαυγὲς,
1632 4705 1694 4758 τὸ
1725 4707 1807 4770 εἰς

218 4787 503 4849 ἀναπνοὰς
547 4789 641 4839 τοῦ
681 4789 842 4859 ἀέρος
883 4790 1204 4861 εῠχρηστον,
1251 4795 1350 4865 τῆς
1389 4795 1666 4866 θαλάσσης
1711 4799 1804 4851 καὶ

217 4875 327 4944 τῆς
348 4878 452 4946 γῆς
479 4878 538 4930 τὸ
570 4880 881 4949 πάμφορον,
913 4884 1005 4934 καὶ
1046 4883 1372 4959 θεοποιήσῃς
1405 4905 1455 4940 τι
1485 4889 1592 4941 ’τῶν
1625 4890 1806 4942 τοιού-

217 4985 356 5022 των.
414 4970 601 5024 Πάντα
650 4975 760 5041 γὰρ
811 4973 905 5025 τοῦ
963 4973 1126 5044 μόνου
1171 4976 1304 5029 Θεοῦ
1350 4979 1457 5031 εἰσι
1502 4980 1666 5035 δοῦλα
1709 4984 1804 5037 καὶ

219 5059 528 5128 κτίσματα,
560 5062 637 5132 τῷ
686 5064 830 5135 λόγῳ
875 5066 1040 5118 αὑτοῦ
1086 5068 1149 5118 ὲκ
1198 5068 1272 5137 μὴ
1319 5068 1484 5122 ὄντων
1515 5076 1801 5142 γενόμενα.

225 5152 436 5215 «Αὐτὸς
467 5153 575 5222 γάρ
614 5151 756 5218 εἷπε,
783 5158 878 5209 καὶ
902 5158 1264 5229 ἐγενήθησαν
1285 5162 1447 5224 αύτὶς
1481 5164 1803 5233 ἐνετείλατο,

218 5243 321 5292 καί
353 5243 735 5312 ἐκτίσθησαν.»
764 5246 966 5300 Τοῦτον
994 5245 1086 5301 οὖν
1115 5250 1276 5319 μόνον
1298 5253 1386 5305 τὸν
1411 5254 1686 5324 Δεσπότην
1713 5255 1805 5308 καὶ

217 5334 573 5403 Δημιουργὸν
611 5335 707 5388 τοῦ
739 5339 942 5402 παντὸς
971 5341 1046 5404 ὡς
1079 5343 1211 5395 Θεὸν
1241 5344 1507 5411 δοξάσεις,
1545 5347 1637 5401 καὶ
1669 5349 1806 5418 πρὸς

217 5428 395 5479 αὑτὸν
431 5427 498 5480 δι’
545 5431 765 5500 ἀγάπης
799 5432 1109 5508 κολληθήσῃ
1144 5438 1238 5492 καὶ
1269 5440 1416 5511 αὐτῷ
1448 5443 1804 5514 μετανοήσεις

217 5518 447 5587 ἡμέρας
491 5521 586 5572 καὶ
627 5523 839 5587 νυκτὸς,
871 5525 964 5576 ἐπὶ
1013 5529 1128 5591 τοῖς
1188 5529 1459 5594 ἑκουσίοις
1508 5533 1602 5584 καὶ
1645 5535 1808 5586 ἀκου-

218 5609 368 5670 σίοις
420 5611 903 5680 παραπτώμασιν·
957 5617 1123 5681 αὐτὸς
1166 5620 1273 5686 γάρ
1313 5621 1459 5673 ἔστιν
1505 5623 1806 5688 οἰκτίρμων

237 5722 422 5851 "'2"
450 5724 616 5782 Marc.
647 5744 740 5792 xu,
771 5726 858 5781 l9.
961 5729 1008 5762 ⁸⁵
1029 5729 1186 5788 Deut.
1217 5749 1293 5801 vr,
1317 5733 1434 5790 5-7.

1918 4719 1982 4758 ac
2017 4708 2300 4763 creaturae,
2334 4684 2501 4752 verbo
2538 4696 2658 4763 ejus
2687 4712 2717 4751 e
2746 4697 2917 4750 nihilo
2945 4697 3242 4764 productae.
3290 4711 3308 4744 ι
3348 4691 3494 4757 Qun-

1917 4795 2065 4848 niam
2103 4791 2218 4860 ipse
2272 4789 2432 4852 dixit,
2466 4797 2522 4840 et
2568 4786 2712 4842 facta
2745 4795 2908 4852 sunt;
2961 4786 3073 4854 ipse
3111 4785 3405 4844 mandavit.
3440 4795 3495 4838 ct

1913 4898 2099 4941 creata
2148 4893 2270 4937 sunt
2304 4882 2370 4934 ⁵⁷.
2429 4899 2446 4932 ι
2487 4880 2641 4934 lluuc
2691 4880 2853 4947 igitur
2890 4878 3066 4932 solum
3120 4876 3405 4928 Durniuum
3440 4887 3490 4928 ct

1915 4979 2230 5036 Creatorem
2267 4975 2650 5029 universarum
2680 4983 2737 5025 ιιι
2769 4971 2930 5024 Deum
2959 4971 3129 5028 coles.
3163 4971 3320 5039 eique
3358 4971 3490 5024 cha-

1919 5072 2076 5126 ritate
2110 5067 2480 5138 conjungcris,
2515 5076 2571 5121 et
2626 5064 2695 5120 ab
2723 5079 2787 5120 eo
2830 5065 2919 5117 diu
2953 5075 3224 5132 noctuque
3277 5059 3492 5115 veniam

1915 5176 2067 5230 petes
2125 5163 2453 5217 offensarum
2507 5168 2702 5230 sponte
2759 5167 2852 5211 aut
2904 5169 3102 5226 praeter
3159 5158 3489 5209 voluntatem

1911 5255 2330 5309 commissarum
2365 5272 2380 5309 :
2416 5256 2529 5323 ipse
2581 5252 2725 5304 enim
2759 5258 2844 5304 est
2905 5249 3193 5302 miseratur
3243 5257 3295 5301 et
3329 5247 3493 5297 ιιιίεειο

1913 5349 2088 5403 ricors
2116 5349 2182 5412 ⁸⁸,
2219 5348 2432 5415 patiens
2451 5357 2505 5399 et
2534 5343 2718 5398 multte
2743 5341 3114 5396 miserationis
3147 5339 3213 5400 θ’,
3239 5348 3293 5391 et
3329 5337 3495 5389 henc-

1912 5439 2087 5494 factor
2142 5439 2550 5508 sempiternus;
2604 5437 2933 5506 promittens
2962 5442 3016 5487 ct
3073 5432 3210 5485 dans
3261 5443 3488 5495 regnum

1913 5530 2140 5586 caeleste
2170 5541 2226 5584 et
2258 5541 2544 5591 attentum,
2574 5538 2625 5582 et
2660 5528 2824 5580 vitam
2859 5525 3066 5580 doloris
3097 5539 3158 5576 ac
3194 5520 3382 5606 mortis
3407 5517 3500 5573 ius

1913 5623 2081 5678 sciam
2105 5634 2160 5677 et
2177 5623 2312 5677 lucis
2343 5623 2459 5677 sine
2484 5632 2704 5690 vespera
2727 5618 3154 5689 possessionem.
3179 5612 3492 5668 verentibus

1537 5740 1757 5798 “Deut.
1795 5755 1849 5806 τ,
1890 5739 1976 5797 i2.
2055 5740 2098 5769 "
2132 5738 2278 5794 Psal.
2307 5753 2476 5804 χχιιι,
2515 5737 2568 5792 9.
2649 5735 2692 5766 ⁸⁸
2717 5735 2861 5790 Psal.
2907 5747 3106 5799 Luxv,
3137 5731 3222 5787 l5.
3293 5727 3337 5758 °°
3365 5725 3489 5784 Ιειι.
