3962 6208
253 356 391 426 1693

1233 358 1684 422 DECALOGUS
1719 360 2219 425 CHRIS’I‘IANA!
2262 365 2510 425 LEGIS.

3361 363 3496 426 1004

254 472 460 544 Κυρίου
509 470 687 541 Ἰησοῦ
717 465 977 542 Χριστοῦ,
1025 467 1308 542 μέλλοντος
1343 474 1600 544 ἔρχεσθαι
1646 478 1826 547 κρῖναι

1931 486 1971 530 3t
2007 488 2128 531 cum
2186 493 2248 530 ea
2292 476 2734 546 congloriliceris.
2780 474 3045 544 Imagines
3103 489 3316 543 quoque
3376 490 3504 529 san-

253 564 462 630 ζῶντας
504 562 598 615 καὶ
627 562 872 633 νεκροὺς,
924 562 1201 616 ἐλεύσεται
1246 564 1555 637 ἔμπροσθεν
1585 567 1740 619 τοῦτο
1769 568 1829 620 τὸ

256 657 400 724 μέγα
433 655 527 707 καὶ
571 654 796 724 φρικτὸν
848 653 1011 705 αὐτοῦ
1065 656 1310 723 σημεῖον,
1364 655 1502 723 μετά
1545 656 1826 727 δυνάμεως

255 750 349 801 καὶ
379 745 538 816 δόξης
578 745 798 816 πολλῆς.
841 745 1075 810 Δόξασον
1119 742 1210 800 οὖν
1241 747 1400 799 αὑτὸν
1431 747 1544 813 νῦν,
1568 737 1673 802 ’ἵνα
1717 767 1826 818 με-

249 840 319 892 τὰ
367 838 682 911 παρρησίας
733 837 1083 910 προσϐλέψῃς
1128 839 1271 902 τότε,
1323 841 1415 891 καὶ
1466 841 1826 912 συνδοξασθῇς

250 935 420 1005 αύτῷ.
454 935 562 986 Καὶ
581 933 678 996 τὰς
701 931 808 984 τῶν
840 933 1011 999 ἁγίων
1037 933 1095 985 δὲ
1118 935 1352 1000 εἰκόνας,
1397 934 1471 997 ὡς
1504 953 1826 1006 συσταυρωο

251 1028 454 1080 θέντων
485 1025 560 1095 τῷ
591 1025 802 1095 Κυρίῳ,
839 1027 1259 1094 προσκυνήσεις,
1299 1025 1390 1076 τὸν
1432 1027 1664 1096 σταυρὸν
1691 1045 1825 1094 προ-

249 1118 439 1170 tot:th
459 1135 550 1170 σου
575 1117 651 1187 τῷ
691 1116 990 1187 προσώπῳ,
1024 1119 1116 1169 καὶ
1148 1119 1225 1178 εἰς
1270 1118 1488 1187 μνήμην
1537 1118 1829 1186 ἐρχόμενος

251 1210 352 1278 τῆς
379 1207 810 1279 ἐνειργασμὲνης
844 1209 1074 1271 ἐκείνοις
1109 1209 1391 1270 κοινωνίας
1430 1209 1535 1259 τῶν
1571 1209 1830 1280 παθημά-

252 1320 358 1355 των
381 1301 476 1353 τοῦ
527 1298 761 1371 Χριστοῦ
785 1315 799 1330 ο
827 1299 1087 1361 ὡσαύτως
1117 1301 1209 1352 καὶ
1257 1301 1356 1363 τὰς
1389 1301 1581 1369 σοροὺς
1626 1303 1833 1356 τούτων

259 1393 358 1455 τὰς
417 1392 598 1459 ἁγίας,
635 1391 726 1442 καὶ
753 1389 806 1442 ετ
830 1407 880 1442 τι
927 1376 1034 1441 τῶν
1088 1388 1290 1441 ὀστέων
1315 1389 1598 1458 λείψανον·
1628 1390 1688 1445 οὐ
1723 1391 1831 1462 γὰρ

256 1483 439 1552 διέστη
475 1482 679 1536 τούτων
727 1483 760 1553 ἡ
803 1481 964 1551 χάρις
1011 1480 1106 1534 τοῦ
1160 1480 1316 1545 Θεοῦ,
1349 1480 1536 1549 ὥσπερ
1586 1483 1704 1536 οὐδὲ
1740 1483 1831 1534 τού

1922 580 2173 634 ctorum,
2217 569 2415 638 quippe
2466 567 2555 636 qui
2623 583 2748 621 cum
2803 565 3023 620 Christo
3075 566 3319 619 cruciﬁxi
3352 577 3499 626 sunt,

1921 661 2088 721 coles.
2151 677 2365 713 eruet-iu
2403 675 2580 711 coram
2607 669 2655 712 te
2677 658 2998 725 imagiuaus,
3035 667 3084 708 cl
3110 658 3160 710 in
3189 659 3497 709 memoriam

1922 767 2184 806 revocans
2239 752 2462 805 inditam
2514 751 2622 805 illis
2665 751 3136 818 participationem
3186 751 3496 818 passionum

1919 843 2146 896 CbriSti.
2177 842 2302 896 Item
2347 843 2592 908 sepulcra
2633 856 2818 894 eorum
2849 850 3057 904 sancta,
3088 852 3142 893 et
3177 843 3219 893 si
3257 856 3372 905 qua-
3409 858 3497 894 os-

1919 935 2057 985 sium
2091 934 2328 1002 reliquim
2356 949 2371 988 :
2405 950 2511 985 nou
2538 933 2679 984 enim
2710 934 2775 984 ab
2805 933 2886 985 bis
2925 943 3171 999 separata
3199 941 3279 984 est
3320 933 3494 1000 gratia

1922 1023 2035 1081 Dei.
2062 1025 2200 1076 sicut
2232 1039 2328 1078 nec
2361 1026 2426 1074 ab
2462 1024 2725 1076 adorabili
2754 1039 2978 1092 corpore
3003 1023 3206 1075 Christi
3243 1039 3436 1092 sipara
3470 1038 3498 1074 a

1922 1124 2002 1166 est
2026 1115 2278 1167 divinitas
2306 1116 2354 1166 in
2381 1116 2492 1180 ejus
2523 1115 2731 1166 \‘ivilien
2790 1128 2982 1167 morte.
3018 1114 3126 1167 Hoc
3169 1114 3393 1173 facit-us.
3448 1125 3503 1168 et

1920 1220 2016 1260 eos
2056 1206 2366 1272 glorificaus
2401 1208 2489 1273 qui
2521 1204 2684 1258 [lcum
2722 1205 3145 1258 bonorilicaruut
3177 1217 3230 1258 et
3277 1206 3498 1273 perfecti

1923 1297 2177 1362 operibus
2210 1297 2306 1350 visi
2341 1307 2462 1348 sunt
2499 1296 2548 1347 iu
2604 1281 2788 1349 amore
2831 1295 2946 1358 Dei,
2992 1297 3105 1364 ipse
3137 1312 3164 1349 a
3209 1296 3315 1350 Deo
3367 1313 3496 1349 con-

1923 1387 2336 1453 glorilicaberis,
2358 1397 2408 1439 et
2437 1403 2557 1440 cum
2585 1387 2781 1440 Davitle
2809 1388 3027 1456 psallcs.
3059 1389 3242 1455 dit-eus
3270 1408 3282 1441 :
3321 1409 3338 1440 ι
3373 1389 3496 1441 Milti

1924 1480 2085 1532 nimis
2127 1478 2458 1531 ltouorilicmi
2497 1491 2619 1531 sunt
2653 1479 2809 1531 amitti
2847 1481 2948 1541 lui,
3001 1477 3156 1531 Deus.
3198 1497 3213 1527 ι

250 1573 638 1646 προσκυνητοῦ
674 1571 927 1641 σώματος
959 1574 1199 1645 Χριστὶῦ
1234 1574 1416 1644 διέστη
1445 1577 1476 1644 ἡ
1505 1574 1717 1643 Θεότης,
1752 1576 1844 1627 ἐπὶ
1875 1574 1969 1628 τοῦ
1999 1575 2269 1639 ζωοποιοῦ
2298 1575 2552 1631 θανάτου.
2585 1574 2759 1630 Τοῦτο
2805 1577 2862 1629 δὲ
2913 1577 3107 1640 ποιῶν,
3145 1565 3238 1630 καὶ
3274 1575 3514 1641 δοξάζων

250 1674 378 1732 τοὺς
398 1672 490 1725 τὸν
513 1672 644 1724 Θεὸν
673 1671 1030 1737 δοξάσαντας,
1068 1669 1144 1730 ὡς
1169 1665 1410 1729 τελείους
1437 1666 1504 1719 δι’
1535 1666 1715 1738 ἔργων
1747 1667 2020 1734 φανέντας
2053 1671 2109 1720 ὲν
2131 1671 2196 1738 τῇ
2249 1670 2439 1741 ἀγάπῃ
2484 1669 2578 1722 τοῦ
2603 1670 2776 1732 Θεοῦ,
2817 1672 2909 1722 καί
2963 1670 3372 1743 συιδοξασθήσῃ
3403 1674 3549 1726 ὑπὸ’⁴

255 1767 348 1819 τού
377 1766 539 1828 Θεοῦ,
570 1769 664 1818 καὶ
703 1765 841 1833 μετά
867 1763 960 1816 τοῦ
996 1763 1161 1815 Δαϐὶδ
1189 1762 1408 1828 ψαλεῖς,
1439 1779 1457 1813 ι
1500 1761 1678 1830 Ἐμοὶ,
1715 1761 1911 1830 λέγων,
1945 1763 2066 1817 λίαν
2099 1753 2441 1836 ἐτιμήθησαν
2472 1769 2518 1819 οἰ
2551 1769 2693 1835 φίλοι
2725 1786 2838 1827 σου.
2863 1769 2890 1819 ό
2921 1769 3072 1829 Θεός.
3113 1786 3130 1818 ι

331 1873 347 1903 ι
384 1855 458 1906 Ού
491 1855 638 1926 λήψῃ
668 1856 726 1907 τὸ
755 1857 924 1924 ὄνομα
949 1855 1153 1924 Κυρίου
1183 1853 1276 1904 τοῦ
1305 1852 1441 1905 Θεού
1477 1871 1570 1906 σου
1603 1853 1698 1906 ἐπὶ
1735 1871 1836 1923 μα-

250 1948 389 2016 ταίῳ
413 1968 431 1999 ι
462 1947 547 1999 διά
580 1966 630 2001 τι
656 1949 761 1999 τῶν
795 1949 1018 2016 γηΐνων,
1065 1946 1098 2015 ἢ
1139 1947 1226 1999 διὰ
1263 1945 1428 2014 φόϐον
1470 1944 1832 2016 ἀνθρώπινον,

253 2039 286 2108 ἢ
323 2038 606 2109 αἰσχύνην,
661 2039 691 2108 ἢ
741 2039 927 2108 κέρδος
973 2041 1191 2102 οἰκεῖον,
1247 2039 1339 2090 ἐπὶ
1376 2036 1560 2106 ψεύδει
1596 2037 1834 2106 ὀμνύων.

268 2129 558 2200 Ἐπιορκία
593 2130 699 2198 γὰρ
744 2128 968 2199 ἄρνησίς
1013 2131 1128 2181 ἐστι
1172 2128 1329 2181 Θεοῦ.
1373 2127 1475 2179 Διά
1515 2126 1673 2180 τοῦτο
1714 2126 1836 2180 οὐδὲ

254 2219 458 2289 ὀμόσῃς
489 2220 646 2283 ὅλως,
673 2220 808 2272 ἀλλά
836 2219 1006 2289 φεύξῃ
1037 2219 1128 2271 τὸν
1167 2216 1330 2290 ὅρκον
1369 2217 1612 2280 τελείως,
1654 2215 1728 2278 ὡς
1752 2215 1839 2268 διὰ

251 2311 350 2364 τοῦ
384 2313 547 2383 ὅρκου
606 2313 707 2382 τῆς
757 2312 1043 2383 ἐπιορκίας
1096 2312 1420 2383 ἐρχομένης,
1460 2311 1556 2364 καί
1603 2310 1840 2363 ἀπαλλο-

255 2403 518 2473 τριούσης
545 2403 640 2456 τοῦ
670 2403 829 2468 Θεοῦ,
853 2403 948 2454 καὶ
979 2405 1090 2465 τοῖς
1109 2403 1331 2472 ἀνόμοις
1357 2401 1839 2472 συγκαταριθμού-

257 2513 358 2566 σης
394 2496 488 2549 τὸν
547 2499 611 2568 τῇ
676 2497 934 2568 ἐπιορκία
990 2495 1294 2566 χρώμενον,
1347 2495 1628 2562 ἀληθεύων
1673 2495 1729 2548 δὲ
1785 2497 1841 2547 ἐν

255 2591 395 2641 πᾶσι
443 2592 555 2652 τοῖς
592 2590 702 2654 σοῖς
737 2589 935 2657 λόγοις,
972 2590 1138 2660 ὅρκου
1183 2589 1508 2658 βεϐαιότητα
1558 2588 1834 2659 παρέξεις.

257 2678 319 2729 ινζί
341 2677 397 2729 δέ
425 2695 553 2731 ποτε
595 2680 839 2748 συμϐαίη
881 2680 1029 2749 ὅρκῳ
1064 2677 1288 2731 σεαυτὸν
1326 2677 1639 2743 ὑποϐαλεῖν,
1675 2677 1703 2729 ὃ
1731 2677 1840 2729 τῶν

255 2769 625 2833 ἁπευκταίων,
670 2774 718 2823 εἰ
750 2770 846 2840 μὲν
881 2771 972 2822 ἐπί
1018 2787 1124 2822 τινι
1153 2770 1262 2824 τῶν
1304 2770 1447 2823 κατά
1480 2771 1643 2840 νόμον
1673 2770 1838 2830 θεῖον,

258 2859 488 2927 πράξεις
525 2861 622 2929 μὲν
649 2861 724 2922 ὡς
773 2861 1005 2929 νόμιμον
1045 2861 1222 2914 ἐκεῖνο
1245 2876 1257 2888 ·
1309 2860 1535 2913 σεαυτὸν
1584 2859 1642 2912 δὲ
1677 2860 1841 2912 ἀπαι-

253 2955 445 3015 τεῖσεις
469 2950 568 3012 τὰς
610 2951 859 3014 εὐθύνας,
899 2952 979 3002 ὅτι
1016 2949 1152 3013 ὅλως
1188 2949 1440 3019 ὤμοσας·
1480 2942 1840 3020 ἐλεημοσύνη,

2017 1867 2035 1899 ι
2072 1848 2186 1902 Non
2251 1865 2496 1905 assumes
2565 1869 2759 1908 nomen
2836 1855 3048 1908 Domini
3085 1855 3179 1912 Dei
3233 1859 3302 1911 tui
3341 1861 3390 1913 iu
3423 1877 3518 1913 va-

1937 1957 2064 1995 num
2100 1943 2164 2009 7‘,
2204 1961 2224 1994 ι
2281 1953 2498 2011 propter
2548 1945 2751 2014 aliquid
2815 1955 3096 2011 terreSIre,
3155 1961 3247 2004 aut
3294 1963 3514 2020 propter

1938 2034 2207 2112 timoreur
2248 2035 2550 2101 hominum,
2622 2049 2712 2091 aut
2788 2041 3069 2107 pudorem,
3138 2053 3231 2093 aut
3303 2042 3508 2096 lucrum

1936 2126 2240 2194 proprium,
2279 2127 2610 2181 mendaciter
2648 2129 2863 2197 iurans.
2917 2128 3222 2199 Perjurium
3256 2131 3397 2185 enim
3429 2145 3512 2187 est

1935 2217 2152 2286 negatio
2183 2217 2296 2271 Dei.
2337 2216 2649 2286 Propterea,
2683 2236 2746 2273 ne
2770 2220 2920 2286 jures
2957 2238 3218 2290 unquam,
3257 2223 3349 2276 sed
3389 2223 3512 2291 fuge

1933 2307 2158 2360 omnino
2189 2319 2610 2375 sacrameutmn,
2649 2313 2775 2379 quia
2835 2328 2928 2380 per
2965 2313 3334 2381 juramentum
3365 2316 3514 2367 venit

1935 2400 2258 2467 perjurium,
2290 2405 2430 2471 quod
2467 2417 2494 2455 a
2528 2389 2635 2457 Deo
2671 2405 2888 2468 alienat,
2923 2417 2975 2458 et
3036 2407 3175 2460 inter
3219 2407 3514 2461 sceleratos

1933 2492 2198 2547 adscribit
2227 2492 2366 2547 falso
2396 2503 2632 2548 utentem
2669 2498 3053 2564 sacramento;
3103 2498 3194 2551 sed
3234 2514 3422 2552 verum
3457 2499 3509 2552 itt

1932 2582 2144 2637 cunctis
2177 2585 2519 2639 sermonibus
2559 2587 2664 2641 tuis
2694 2588 2904 2652 dicens,
2937 2588 3296 2657 jurisjuraudi
3336 2590 3507 2642 lirmi-

1934 2685 2096 2730 tatem
2145 2677 2451 2745 praestabis.
2496 2681 2646 2748 Quod
2705 2682 2748 2734 si
2804 2698 3037 2750 unquam
3087 2683 3179 2736 tibi
3222 2684 3511 2748 εοιιιίειτίι

1929 2767 2135 2836 aliquid
2184 2769 2286 2824 sub
2323 2783 2665 2826 sacramento
2705 2773 2946 2841 polliceri
2981 2775 3146 2844 (quod
3179 2785 3261 2828 est
3310 2775 3510 2840 nefas),

1931 2859 1979 2913 si
2006 2860 2325 2929 promissum
2391 2870 2474 2917 est
2523 2847 2722 2932 aliquid
2792 2865 3074 2919 confortue
3129 2865 3232 2936 legi
3293 2867 3508 2930 divinae,

1931 2951 2060 3006 illud
2091 2950 2287 3016 facies,
2310 2963 2495 3023 utpote
2553 2955 2784 3020 licitum,
2811 2971 2840 3010 a
2876 2967 2926 3010 te
2957 2972 3085 3010 vero
3137 2972 3324 3024 poenas
3354 2973 3513 3026 repe-

257 3045 350 3092 κα“ι
384 3043 581 3113 ἱκεσίᾳ,
627 3045 720 3096 καὶ
761 3044 970 3110 πένθει,
1029 3045 1124 3098 καὶ
1169 3044 1410 3098 κακώσει
1453 3044 1702 3114 σώματος
1751 3044 1837 3107 ἐξα

1933 3052 2012 3096 tes
2039 3043 2262 3111 prmstiti
2286 3044 2603 3112 jurameuti,
2639 3046 3001 3117 clcemosyua,
3033 3049 3304 3114 precibus,
3337 3047 3510 3112 luctu,

259 3134 286 3181 ι’
311 3133 568 3201 εούμενος
612 3134 865 3202 Χριστὸν,
896 3135 987 3187 τὸν
1023 3136 1269 3199 εἰπόντα,
1313 3154 1331 3186 ι
1367 3136 1458 3203 Μὴ
1490 3135 1692 3207 ὀμόσῃς
1715 3152 1768 3184 ⁸)·
1795 3135 1838 3186 εἰ

1931 3145 1982 3191 et
2011 3137 2253 3206 corporis
2271 3136 2621 3192 alﬂictatioue
2645 3137 2868 3206 placaus
2888 3138 3190 3201 Ebristum,
3219 3141 3308 3209 qui
3333 3139 3509 3193 dixit:

255 3223 313 3274 δὲ
354 3225 444 3276 ἐπί
490 3241 596 3278 τινι
631 3227 740 3278 τῶν
795 3228 1147 3297 παρανόμων,
1179 3229 1280 3297 ὅρα
1327 3227 1401 3297 μὴ
1431 3227 1518 3280 διὰ
1563 3227 1653 3280 τὸν
1681 3226 1838 3298 ὅρκον

1933 3246 1950 3280 ι
1976 3227 2094 3282 Νοιι
2122 3227 2372 3296 iurabis;
2407 3244 2424 3277 ι
2455 3227 2500 3280 si
2532 3240 2712 3283 autem
2738 3239 2821 3282 est
2853 3228 3053 3299 aliquid
3103 3231 3215 3296 lege
3262 3232 3505 3297 vetitum,

256 3313 554 3386 πληρώσῃς
585 3316 644 3368 τὸ
689 3318 1031 3388 παράνομον,
1063 3319 1149 3370 ἵνα
1185 3317 1258 3388 μὴ
1291 3317 1367 3387 τῷ
1419 3317 1843 3389 προφητοκτόνῳ

267 3405 483 3479 Ἡρώδῃ
515 3409 927 3482 σαναριθμηθῇς
954 3428 968 3442 ·
1013 3407 1303 3483 ἀθετήσας
1342 3412 1399 3465 δὲ
1453 3411 1544 3464 τὸν
1603 3413 1844 3482 παράνο-

259 3513 362 3560 μον
415 3500 620 3553 ἐκεῖνον
674 3503 859 3571 ὅρκον,
910 3505 1033 3573 ὅρον
1088 3503 1178 3568 θὲς
1233 3502 1446 3574 σεαυτῷ
1495 3501 1591 3556 τοῦ
1645 3502 1845 3574 μηκέτι

256 3589 389 3665 ποτε
425 3589 646 3660 ὀμόσαι,
704 3593 798 3646 καὶ
835 3593 1040 3658 ὲξιλέου
1080 3593 1292 3665 σεαυτῷ
1325 3594 1416 3647 τὸν
1447 3594 1600 3657 Θεὸν,
1629 3593 1848 3665 χρώμε-

255 3663 788 3761 νοςςὲπιπονώτερον
832 3688 929 3740 σὺν
979 3681 1227 3757 δάκρυσι¹
1256 3663 1368 3750 τοῖς
1422 3663 1845 3758 προειρθίάέλίθις

174 3796 176 3802 ·
256 3775 594 3843 φαρμάκοις.
1234 3769 1238 3779 ’

338 3869 584 3938 Ἡμέραν
617 3871 744 3939 μίαν
783 3871 882 3942 τῆς
914 3872 1229 3943 ἑϐδομάδος,
1283 3872 1406 3943 ἥτις
1444 3873 1538 3926 καὶ
1592 3873 1846 3944 Κυριακὴ

251 3958 526 4019 καλεῖται,
558 3961 646 4014 διὰ
683 3961 744 4014 τὸ
768 3962 1194 4034 ἀνατεθειμένην
1218 3959 1358 4017 εἶναι
1383 3964 1459 4032 τῷ
1490 3964 1695 4034 Κυρίῳ,
1722 3964 1846 4016 κατ’

243 4051 425 4128 ὀαύτὴν
483 4054 778 4108 ἀναστάντι
831 4056 894 4108 ἐκ
952 4056 1334 4130 νεκρῶνηκαὶ
1374 4055 1847 4126 προῦποδείξαντι,

253 4140 352 4192 καὶ
410 4145 924 4216 προπιστωσαμένῳ
973 4146 1072 4217 τὴν
1126 4148 1314 4215 κοινὴν
1352 4148 1669 4212 ἀνάστασιν,
1716 4139 1834 4221 ὲνῇ

255 4233 366 4284 πᾶν
407 4235 594 4304 γήϊνον
625 4237 856 4306 ἀργήσει
888 4236 1084 4307 ἔργονο
1121 4238 1324 4308 ταύτην
1363 4240 1542 4292 τοίνυν
1583 4238 1681 4308 τὴν
1711 4239 1846 4309 ἡμέ-

1927 3318 2049 3373 vide
2085 3333 2150 3372 ne
2189 3328 2406 3388 preptcr
2433 3328 2840 3372 sacramentum
2872 3319 3039 3374 facias
3069 3321 3196 3390 quid
3235 3320 3506 3386 illicitum,

1928 3418 1984 3463 ut
2015 3425 2119 3465 nou
2151 3410 2446 3465 ascribat-is
2475 3424 2599 3464 cum
2659 3409 2872 3465 Herode
2932 3413 3210 3480 prOpIteta:
3245 3413 3508 3477 occisore,

1925 3509 1980 3556 et
2008 3501 2278 3570 abrogatis
2314 3499 2540 3568 impium
2575 3500 2703 3553 illud
2736 3500 3141 3570 jusjurandum,
3171 3504 3506 3569 propositum

1930 3591 2020 3646 tibi
2055 3591 2273 3658 impone
2329 3607 2612 3661 nunquam
2672 3595 2902 3659 amplius
2960 3591 3204 3661 jurandi,
3238 3606 3303 3645 ac
3340 3591 3506 3646 Deum

1930 3683 2024 3737 tibi
2051 3682 2303 3752 prepitia,
2340 3682 2661 3738 laboriosius
2693 3698 2813 3737 cum
2849 3683 3098 3754 lacrymis
3131 3691 3285 3736 utens
3319 3684 3510 3752 praefa-

1929 3777 1997 3830 tis
2034 3777 2308 3829 remediis.

1999 3868 2171 3924 Unam
2209 3869 2563 3923 bebdomadis
2586 3869 2753 3934 diem,
2791 3883 2909 3938 quae
2951 3867 3226 3923 Dominica
3261 3879 3505 3932 vocatur,

1929 3970 2112 4030 utpote
2142 3960 2370 4014 Domino
2399 3972 2752 4027 reservatam,
2787 3963 2880 4032 qui
2911 3963 2963 4017 in
2995 3977 3058 4016 ea
3093 3965 3413 4023 resurrexit,
3455 3971 3509 4016 et

1925 4054 2388 4122 pramuunstravit,
2446 4063 2496 4106 et
2555 4061 2760 4107 certam
2827 4052 3068 4107 reddidit
3141 4053 3505 4107 universaletu
3569 4110 3573 4114 _

1928 4146 2404 4208 resurreCtiouem,
2435 4147 2486 4199 in
2515 4160 2618 4213 qua
2648 4159 2812 4199 omne
2839 4154 3116 4217 terrenum
3150 4146 3510 4199 evacuabitur

1927 4250 2110 4303 opus:
2149 4235 2308 4299 hanc,
2360 4235 2604 4304 inquam,
2663 4236 2805 4289 diem
2868 4235 3260 4297 sanctiﬁcabis.
3299 4236 3506 4290 nullum

259 4340 355 4392 ραν
390 4325 661 4393 ἀγιάσεις,
700 4329 795 4380 καὶ
831 4328 1083 4398 βιωτικδν
1119 4331 1228 4384 πᾶν
1270 4331 1430 4402 ἔργον
1463 4332 1524 4384 ού
1571 4335 1838 4404 ποιήσεις,

1931 4341 2064 4394 onus
2096 4327 2160 4379 ad
2197 4326 2398 4380 victum
2444 4327 2498 4380 in
2533 4341 2595 4380 ea
2635 4327 2798 4380 facies
2825 4327 2893 4391 ’³,
2925 4338 3121 4395 praeter
3177 4321 3514 4392 necessaria:

256 4417 430 4487 χωρὶς
475 4420 584 4471 τῶν
619 4421 933 4488 ἀναγκαίων
958 4439 972 4452 ο
1029 4424 1122 4476 καὶ
1175 4427 1287 4486 τοῖς
1323 4424 1428 4477 ὑπὸ
1478 4425 1537 4476 σὲ
1579 4427 1674 4478 καὶ
1706 4427 1838 4496 μετά

1931 4428 1984 4472 ct
2031 4419 2283 4472 omnibus
2321 4419 2412 4487 qui
2467 4418 2568 4473 sub
2612 4428 2662 4473 te
2711 4429 2764 4474 et
2817 4429 2994 4474 tecum
3053 4432 3204 4487 sunt,
3265 4421 3503 4488 requiem

262 4508 355 4560 σού
394 4512 564 4564 πᾶσιν
622 4513 812 4566 ἄνεσιν
855 4515 1134 4586 παρέξεις,
1174 4515 1238 4566 ἶν’
1285 4516 1422 4585 ὁμοῦ
1453 4515 1713 4588 δοξάσητε
1753 4517 1844 4572 τὸν

258 4593 337 4671 τῷ
362 4604 549 4672 οἰκείῳ
589 4603 807 4676 Θανάτῳ
841 4606 1186 4676 κτησάμενον
1221 4608 1388 4677 ἡμᾶς,
1414 4608 1507 4661 καὶ
1538 4611 1844 4664 ἀναστάντα

261 4695 355 4746 καὶ
387 4697 870 4777 συναναστήσαντα
900 4698 999 4770 τὴν
1031 4699 1306 4770 ἡμετέραν
1336 4700 1517 4769 φύσιν.
1553 4703 1662 4754 Καὶ
1705 4721 1844 4774 μνη-

263 4786 438 4858 σθησῃ
473 4787 568 4840 τοῦ
609 4790 896 4859 μέλλοντος
930 4791 1141 4857 αἰῶνος,
1178 4792 1272 4846 καὶ
1311 4793 1625 4864 μελετήσεις
1652 4796 1707 4848 ὲν
1737 4797 1843 4848 πά-

265 4893 386 4940 σαις
440 4882 558 4942 ταῖς
617 4883 880 4942 ἐντολαῖς
942 4884 1036 4936 καλ⁸
1089 4883 1421 4954 δικαιώμασι
1476 4886 1700 4956 Κυρίου,
1748 4888 1845 4942 καὶ

260 4968 536 5033 ἐξετάσεις
582 4975 827 5039 σεαυτὸν,
877 4977 948 5046 μή
996 4993 1048 5028 τι
1099 4975 1366 5046 παρέϐης,
1413 4977 1446 5049 ἢ
1490 4978 1840 5049 παρέλειψας,

261 5060 358 5112 καὶ
412 5061 728 5133 διορθώσεις
787 5068 1016 5121 σεαυτὸν
1049 5070 1107 5121 ἐν
1138 5069 1308 5121 πᾶσι·
1361 5071 1452 5122 καὶ
1494 5087 1844 5143 προσκαρτε-

263 5153 450 5221 ρήσεις
478 5157 536 5206 ἐν
559 5155 696 5226 αὐτῇ
722 5157 802 5228 τῷ
844 5157 938 5210 τοῦ
969 5158 1103 5212 Θεοῦ
1138 5159 1271 5229 ναῷ,
1316 5161 1408 5212 καὶ
1440 5163 1562 5224 ταῖς
1589 5162 1648 5213 ἐν
1691 5159 1842 5233 αύτῷ

259 5243 520 5307 συνάξεσι
566 5251 906 5316 παραμενεῖς
934 5266 948 5280 ο
999 5250 1093 5302 καὶ
1131 5249 1418 5323 μεταλήψῃ
1451 5253 1510 5304 ἐν
1559 5252 1845 5324 εἰλικρινεῖ

257 5335 467 5399 πίστει,
499 5338 594 5389 καὶ
622 5340 973 5408 ἀκατακρίτῳ
1007 5341 1268 5394 συνειδότι
1311 5342 1407 5394 τοῦ
1441 5344 1594 5412 ἁγίου
1647 5345 1838 5415 σώμα-

255 5445 350 5490 τος
402 5430 494 5480 καὶ
531 5431 764 5499 αἵματος
792 5433 1026 5504 Χριστοῦ
1053 5450 1068 5464 °
1119 5436 1213 5488 καί
1241 5435 1418 5507 ἀρχὴν
1446 5437 1839 5510 ἀκριϐεστέρου

258 5522 378 5586 βίου
414 5521 554 5593 ἄρξῃ
579 5541 592 5556 ·
628 5525 724 5579 καὶ
784 5527 1150 5592 ἀνακαινίσεις
1185 5528 1436 5596 σεαυτὸν,
1493 5532 1584 5585 καὶ
1616 5531 1839 5598 ἑτοιμάο

315 5702 363 5734 ⁷⁸
387 5701 558 5758 Exod.
586 5718 678 5762 xx.
703 5702 756 5758 7.
783 5703 832 5734 ⁷⁸
875 5702 1025 5759 Deut.
1071 5720 1159 5770 xx,
1202 5703 1286 5759 lt).

1927 4513 2214 4574 concedes,
2265 4521 2322 4563 ut
2380 4510 2543 4573 simul
2600 4512 2918 4582 gloriﬁcetis
2969 4528 3094 4566 eum
3144 4511 3234 4578 qui
3288 4527 3384 4565 nus
3410 4527 3506 4565 sua

1928 4610 2098 4654 morte
2120 4599 2426 4668 acquisivit,
2458 4609 2514 4652 et
2561 4616 2855 4669 resurgens
2888 4602 3346 4656 conresuscitavit
3407 4616 3508 4656 uo-

1927 4702 2098 4744 stram
2133 4701 2403 4744 naturam.
2453 4689 2518 4744 Et
2553 4693 2930 4746 recordaberis
2986 4691 3154 4744 luturi
3187 4691 3396 4757 saeculi,
3454 4701 3508 4745 et

1927 4781 2278 4836 nteditaberis
2308 4782 2362 4835 iu
2388 4781 2644 4836 omnibus
2699 4783 2974 4837 mandatis
3006 4793 3059 4834 et
3085 4781 3505 4851 iustiﬁcatioui-
3535 4848 3539 4852 Ι

1929 4875 2030 4930 bus
2071 4873 2312 4940 Domini,
2344 4885 2398 4928 et
2437 4873 2668 4943 teipsum
2721 4874 3061 4928 examinabis
3109 4868 3427 4928 de‘oﬂ‘ensis
3455 4882 3510 4927 et

1928 4965 2257 5028 defectibus,
2290 4972 2345 5020 ct
2370 4974 2422 5019 ιιι
2448 4971 2517 5020 ab
2544 4966 2693 5021 omni
2731 4968 2883 5036 lapsu
2919 4965 3218 5033 relevabis;
3252 4976 3304 5021 et
3344 4968 3511 5020 iuba”:-

1928 5058 2076 5113 rebis
2102 5058 2203 5127 ipsi
2232 5056 2322 5110 Dei
2356 5057 2574 5126 templo,
2608 5066 2663 5113 et
2698 5059 2750 5112 in
2789 5057 2908 5127 ejus
2937 5045 3174 5114 cce-tibus
3219 5073 3508 5127 permanet-

1925 5151 2054 5216 bis;
2087 5157 2142 5205 et
2175 5149 2531 5220 participabis
2561 5151 2618 5205 in
2647 5153 2864 5205 sincera
2895 5149 2999 5205 ﬁde
3027 5159 3084 5204 et
3114 5151 3353 5205 innocua
3382 5164 3511 5203 (ιου-

1931 5241 2154 5296 scieutia
2179 5251 2455 5312 corpuset
2503 5244 2823 5312 sanguinem
2893 5242 3142 5312 Christi;
3218 5251 3272 5297 et
3295 5243 3506 5297 initium

1930 5333 2278 5401 perfectionis
2314 5333 2439 5388 vitae
2479 5333 2805 5403 iuchoabis;
2834 5344 2890 5390 et
2931 5337 3218 5391 renovabis
3252 5339 3505 5399 teipsum,

1927 5435 1990 5480 ct'
2011 5425 2342 5495 praeparabis
2364 5426 2430 5479 ad
2461 5426 2872 5495 suscipiendum
2907 5426 3082 5482 futura
3107 5427 3247 5480 bona
3275 5435 3442 5480 agtern
3466 5448 3503 5486 -,

1929 5529 2148 5589 propter
2179 5533 2299 5589 qua:
2333 5517 2496 5575 rebus
2525 5517 2863 5586 tcrreois,ue
2893 5519 3016 5576 aliis
3049 5517 3266 5589 quidem
3289 5516 3502 5581 diebus,
