3962 6208
302 276 444 340 1097

313 398 413 453 καὶ
463 390 685 465 δεσμειν
712 393 912 466 ψυχὰς,
947 394 1043 448 καὶ
1095 395 1274 449 πάντα
1309 397 1409 449 ὅσα
1439 380 1507 450 ἂν
1543 393 1777 469 δῆσωσιν
1803 399 1895 450 ἐπὶ

313 491 413 560 τῆς
441 489 564 558 γῆς,
596 486 749 540 ἔσται
777 487 1038 556 δεδεμένα
1090 489 1148 539 ἐν
1179 486 1256 556 τῷ
1302 488 1538 558 οὐρανῷ,
1591 490 1686 543 καὶ
1718 490 1896 542 πάντα

316 585 418 636 ὅσα
449 583 514 636 ἂν
560 581 797 633 λῦσωσιν
827 582 919 633 ἐπὶ
953 581 1051 649 τῆς
1079 581 1204 652 γῆς,
1244 581 1396 634 ἔσται
1435 583 1704 653 λελυμένα
1734 583 1792 635 ἐν
1817 583 1895 651 τῷ

314 671 570 742 οὖρανῷο
621 669 828 740 ταύτην
875 671 986 740 γὰρ
1035 673 1132 738 τὴν
1187 673 1344 742 χάριν
1390 674 1483 724 καὶ
1519 672 1617 743 τὴν
1665 672 1894 742 δύναμιν

315 765 507 818 ἔλαϐον
555 763 708 833 παρά
753 761 990 832 Χριστοῦ
1016 779 1028 790 ο
1081 763 1160 815 διὸ
1187 765 1282 816 καὶ
1313 764 1646 827 ὑπακούσεις
1686 765 1890 828 αὐτοῖς,

314 866 410 916 καὶ
467 863 569 914 οὐκ
640 859 936 924 ἀντιλέξεις
992 859 1194 924 αὐτοῖς,
1255 861 1343 912 ἵνα
1401 860 1476 929 μὴ
1554 860 1894 931 προξενήσῃς

312 954 591 1010 ἀπώλειαν
627 955 694 1023 τῇ
724 951 949 1005 σεαυτοῦ
977 951 1147 1022 ψυχῇ.
1180 950 1240 1003 Ei
1264 950 1372 1014 γὰρ
1404 951 1431 1002 6
1452 950 1752 1015 ἀντιλέγων
1781 954 1893 1013 τοῖς

1320 262 1774 341 υΕοΑῐοουε
1814 281 2312 348 cumsuam;
2354 289 2605 354 LEGIS.

1985 421 2092 461 non
2151 420 2280 463 sunt
2319 411 2501 467 divina
2556 413 2674 484 lege
2726 413 3023 482 prohibita,
3081 418 3268 474 morte'
3310 419 3562 486 alluitur,

1977 500 2132 567 juxta
2174 502 2369 574 legem,
2426 506 2696 572 quomodo
2749 511 3134 566 contradicens
3193 514 3562 582 spiritualihus

1981 592 2228 658 patribus
2262 609 2366 648 non
2400 596 2550 664 ejieit
2573 611 2600 648 a
2630 591 2688 652 se
2712 599 2964 668 spiritum
3016 601 3131 667 Dei,
3163 615 3216 658 et
3251 619 3407 659 suam
3438 622 3562 673 pes-

1981 684 2197 737 sumdat
2231 685 2514 740 animam?
2552 685 2848 756 Propterea
2878 694 3107 748 consule
3139 709 3355 764 semper
3381 706 3563 766 patres

1983 784 2106 830 tuos
2165 778 2497 846 spirituales,
2533 791 2587 835 et
2636 783 2717 836 eis
2767 799 2972 838 morem
3022 801 3168 855 gere.
3221 797 3277 842 ut
3326 789 3563 844 salvetur
3620 768 3630 782 I

1981 868 2162 922 anima
2205 880 2312 932 tua,
2352 882 2407 925 et
2438 873 2731 928 haeredites
2779 886 2985 932 aeterna
3019 886 3074 932 ct
3127 881 3561 946 incorruptibilia

1981 961 2154 1014 bona.

314 1050 458 1104 κατά
505 1050 686 1117 σάρκα
711 1047 980 1116 γονεῦσιν,
1019 1047 1111 1136 είς.
1129 1044 1166 1100 ἃ
1205 1046 1282 1116 μὴ
1314 1044 1696 1115 ἀπηγόρευται
1724 1042 1805 1112 τῷ
1831 1042 1962 1114 θείῳ
1985 1049 2157 1116 νόμῳ,
2195 1047 2547 1114 θανατοῦται,
2575 1051 2712 1106 κατὰ
2739 1051 2829 1106 τὸν
2869 1055 3054 1122 νόμον,
3088 1055 3206 1119 πῶς
3224 1057 3252 1109 ό
3275 1059 3575 1128 ἀντιλέγων

314 1150 430 1210 τοῖς
458 1147 600 1199 κατὰ
633 1146 850 1214 πνεῦμα
879 1143 1176 1213 πατράσιν,
1207 1143 1271 1195 οὐ
1302 1143 1364 1194 τὸ
1389 1138 1619 1210 Πνεῦμα
1649 1138 1744 1193 τοῦ
1777 1138 1916 1192 Θεοῦ
1956 1140 2144 1195 διώκει
2193 1145 2289 1196 ἀπ’
2317 1145 2509 1209 αὑτοῦ,
2547 1151 2641 1200 καὶ
2677 1150 2776 1218 τὴν
2807 1151 3016 1203 οἰκείαν
3048 1152 3316 1206 ἀπόλλυσι
3350 1154 3570 1226 ψυχήν;

320 1242 418 1296 Διά
441 1241 601 1294 τοῦτο
627 1240 722 1292 καὶ
763 1236 1170 1307 συμϐούλευσαι
1203 1234 1298 1288 καὶ
1337 1233 1649 1287 ἐπάκουσον
1696 1231 1788 1286 διὰ
1825 1231 2015 1297 τέλους
2058 1239 2170 1298 τοῖς
2211 1241 2323 1300 σοῖς
2368 1240 2426 1292 ἐν
2465 1239 2740 1309 πνεύματι
2772 1244 3068 1312 πατράσιν,
3098 1245 3185 1297 ἵνα
3233 1247 3377 1318 σωθῇ
3413 1264 3508 1300 σου
3541 1252 3575 1317 ἡ

320 1335 490 1407 ψυχὴ,
523 1334 618 1388 καλ⁸
651 1332 988 1405 κληρονόμος
1018 1331 1152 1402 γένῃ
1177 1329 1290 1384 τῶν
1321 1330 1561 1385 αίωνίων
1598 1334 1693 1384 καὶ
1720 1334 2018 1402 ἀκηράτων
2051 1334 2302 1402 ἀγαθῶν.

393 1448 410 1479 ι
431 1429 506 1481 Οὐ
536 1427 878 1498 πορνεύσεις,
903 1444 923 1476 ι
948 1425 1036 1478 ἵνα
1067 1425 1142 1503 μῂ
1172 1426 1292 1478 ἀντὶ
1316 1441 1412 1478 του
1444 1421 1583 1478 εἶναι
1617 1425 1779 1495 μέλος
1802 1423 1898 1478 τοῦ

317 1520 578 1592 Χριστοῦ,
619 1519 869 1590 ὑπάρξῃς
897 1519 1105 1589 πόρνης
1161 1518 1344 1588 μέλος,
1381 1520 1476 1571 καὶ
1526 1518 1772 1589 ὲκκοπῇς
1803 1516 1898 1571 τοῦ

321 1613 466 1666 θείου
500 1611 777 1680 σώματος,
807 1610 903 1663 καὶ
925 1612 1088 1680 ριφῇς
1119 1611 1198 1672 είς
1213 1610 1436 1677 γέενναν
1462 1623 1477 1638 ⁸
1512 1612 1560 1661 εί
1585 1609 1694 1680 γὰρ
1734 1608 1902 1677 θυγά-

316 1723 422 1776 τηρ
445 1705 658 1774 ίερέως,
688 1704 754 1756 ἂν
780 1701 892 1772 ἀλῷ
917 1702 1308 1774 πορνευομένη,
1338 1702 1576 1771 ἐννόμως
1607 1701 1902 1755 κατακαίε-

317 1813 431 1857 ται,
455 1795 532 1859 ὡς
568 1796 660 1848 τὸν
690 1795 902 1863 πατέρα
939 1793 1379 1862 καταισχύνουσα
1401 1832 1416 1856 ,
1461 1793 1610 1861 πόσῳ
1647 1791 1847 1861 μᾶλλον
1876 1793 1905 1844 6

2076 1443 2094 1476 ι
2127 1424 2243 1480 Non
2275 1427 2642 1482 mmehaberis
2674 1426 2745 1494 ⁷⁸,
2773 1445 2794 1479 ι
2839 1435 2898 1480 ιιι
2928 1441 3057 1490 non,
3087 1427 3285 1481 nedum
3317 1428 3394 1482 sis
3422 1441 3580 1478 mem-

1999 1517 2157 1570 brum
2181 1513 2407 1579 Cltristi,
2440 1516 2538 1571 ﬁas
2569 1517 2873 1572 meretricis
2900 1517 3226 1583 membrum,
3256 1527 3310 1572 ct
3359 1519 3581 1574 abscin-

2000 1607 2146 1660 daris
2173 1621 2202 1659 a
2231 1607 2412 1662 divino
2445 1622 2694 1674 corpore,
2733 1615 2790 1662 et
2837 1607 3115 1677 dejiciaris
3144 1609 3196 1660 iu
3231 1609 3534 1678 gehennam
3567 1627 3582 1664 :

2003 1698 2048 1752 si
2102 1698 2412 1762 enim,lilia
2480 1700 2806 1765 sacerdotis,
2865 1699 3204 1768 deprehensa
3262 1701 3315 1753 in
3377 1710 3584 1769 stupro,

1999 1790 2152 1860 juxta
2211 1791 2384 1861 legem
2440 1791 2674 1847 ﬂammis
2732 1794 3005 1847 exurenda
3061 1803 3226 1859 erat,
3268 1803 3326 1847 ιιι
3381 1793 3591 1847 violaus

316 1887 398 1957 τῷ
451 1885 688 1957 Χριστοῦ
723 1883 940 1954 σώματι
990 1882 1232 1936 τοιοῦτον
1281 1883 1494 1952 μίασμα
1539 1879 1902 1952 προστρίψας,

2015 1898 2198 1938 :iomen
2229 1886 2401 1952 patris
2429 1885 2517 1938 sui
2550 1884 2620 1952 ",
2657 1894 2857 1956 quanto
2880 1885 3052 1956 magis
3071 1887 3164 1954 qui
3191 1886 3404 1955 corpori
3427 1887 3588 1941 Chri-

318 1981 572 2042 ὑπόδικος
633 1978 787 2031 ἔσται
844 1978 1118 2040 κολάσεως
1199 1975 1590 2044 αίωνιζούσης;
1658 1971 1799 2025 Ἀλλ’
1857 1973 1905 2023 εί

324 2074 423 2142 μὲν
461 2075 681 2143 χωρεῖς,
715 2072 810 2124 καὶ
866 2072 1167 2142 παρθενίαν
1220 2069 1485 2140 ἀσκησον,
1541 2067 1633 2122 ἴνα
1669 2064 1907 2137 δυνηθῇς

320 2163 441 2227 ὅλος
472 2162 725 2231 γενέσθαι
751 2162 844 2215 τοῦ
884 2161 1042 2224 Θεοῦ,
1084 2162 1177 2214 καὶ
1214 2160 1281 2214 δι’
1311 2160 1532 2229 ἀγάπης
1565 2157 1777 2219 τελείας
1810 2157 1908 2209 αὑ-

320 2256 399 2325 τῷ
452 2256 946 2327 προσκολληθῆναι,
996 2255 1146 2325 αὐτῷ
1199 2253 1581 2325 προσεδρεύων
1638 2249 1728 2304 διὰ
1765 2248 1904 2320 βίον,

323 2352 418 2404 καὶ
452 2351 734 2423 μεριμνῶν
763 2352 1188 2419 ἀπερισπάστως
1220 2350 1306 2402 ἀεὶ
1333 2349 1402 2401 τὰ
1429 2347 1524 2400 τοῦ
1552 2345 1778 2414 Κυρίου,
1813 2344 1908 2397 καὶ

324 2442 871 2514 προκαταλαμϐάνων
913 2442 1011 2513 τὴν
1063 2438 1349 2512 μέλλουσιν
1383 2437 1548 2509 ζωὴν.
1576 2438 1670 2489 καὶ
1699 2436 1774 2498 ὡς
1805 2436 1909 2500 ἄγ-

325 2534 481 2601 γελος
515 2533 652 2588 Θεοῦ
697 2537 790 2588 ἐπὶ
825 2534 925 2604 τῆς
957 2533 1062 2602 γῆς
1107 2531 1522 2602 πολιτευόμενος
1544 2546 1558 2560 ο
1590 2529 1771 2582 αὐτῶν
1798 2526 1910 2597 γάρ

329 2628 480 2678 ἐστιν
507 2627 541 2695 ἡ
571 2625 863 2697 παρθενία,
899 2624 991 2677 κα)⁹
1030 2623 1215 2686 αὐτοῖς
1248 2620 1528 2693 ὁμοιοῦται
1554 2618 1694 2688 μετά
1724 2617 1911 2688 σώμα-

328 2733 439 2780 τος,
464 2718 606 2770 κατά
649 2719 710 2770 τὸ
741 2718 1042 2787 ἐγχωροῦν,
1076 2719 1104 2770 6
1133 2715 1474 2784 κολλώμενος
1505 2717 1569 2784 τῇ
1608 2710 1874 2782 παρθενίᾳ
1894 2723 1908 2738 ⁸

333 2808 532 2877 μᾶλλον
554 2808 610 2861 δέ
642 2809 748 2879 πρὸ
775 2808 1000 2873 τούτων,
1049 2807 1127 2878 τῷ
1165 2806 1271 2876 πρὸ
1305 2807 1522 2859 πάντων
1557 2803 1665 2856 τῶν
1700 2802 1912 2855 αἰώνων

329 2904 388 2953 ὲν
416 2900 685 2973 παρθενίᾳ
713 2902 1034 2972 γεννήσαντι
1077 2900 1275 2971 Πατρὶ,
1309 2899 1402 2952 καὶ
1431 2898 1507 2968 τῷ
1534 2896 1792 2968 παρθένῳ
1819 2896 1914 2948 καλ⁸

331 2994 393 3044 ἐκ
432 2993 706 3061 παρθένου
736 2992 950 3064 Πατρὸς
983 2995 1040 3045 ἐν
1091 2994 1232 3062 ἀρχῇ
1266 2989 1580 3058 προελθόντι
1616 2987 1910 3057 γεννητῶς,

331 3085 424 3137 καὶ
472 3084 558 3137 ἐπ’
603 3086 844 3154 ἐσχάτων
874 3085 980 3139 τῶν
1012 3085 1223 3138 αἰώνων
1264 3085 1328 3136 ἐκ
1372 3081 1650 3154 Παρθένου
1691 3081 1915 3151 Μητρὸς

334 3177 500 3246 σαρκὶ
546 3177 952 3247 γεγεννημένῳ,
1010 3175 1104 3228 καὶ
1150 3175 1228 3246 τῷ
1268 3177 1332 3227 ἐκ
1374 3174 1535 3244 μόνου
1587 3173 1822 3243 Πατρδς,
1853 3171 1913 3223 οὐ

332 3272 641 3340 γεννητῶς,
697 3269 813 3322 ἀλλ’
875 3269 1228 3342 ἐκπορευτῶς
1282 3269 1525 3340 προϊόντι
1587 3268 1918 3338 ἀπορῤήτως

304 3362 311 3367 ’
337 3364 646 3433 Πνεῦματι·
683 3357 728 3432 ᾧ
770 3363 888 3433 Θεῷ
917 3361 1282 3434 ἐξομοιοῦται,
1309 3365 1404 3416 καὶ
1434 3365 1492 3416 ἐν
1529 3361 1792 3432 ἀφθάρτῳ
1819 3361 1919 3429 γά-

339 3473 425 3525 μῳ
473 3456 898 3525 συναρμόζεται,
927 3457 956 3507 6
1004 3453 1179 3524 ἀληθῆ
1225 3454 1528 3523 παρθενίαν
1562 3453 1919 3522 ἐπανῃρημέ-

334 3563 444 3610 νος,
482 3547 577 3599 καὶ
601 3547 780 3617 ψυχὴν
821 3545 914 3600 καὶ
963 3545 1122 3614 σῶμα
1157 3544 1533 3616 παρθενεύων,
1585 3545 1837 3613 αἴσθησίν
1859 3561 1919 3595 τε

261 3689 276 3703 ,
336 3639 540 3697 πᾶσαν,
584 3639 678 3690 καὶ
713 3638 892 3705 λόγον,
929 3635 1025 3690 καὶ
1057 3637 1316 3700 διάνοιαν,
1350 3638 1464 3698 τοῖς
1505 3636 1604 3706 τῆς
1626 3635 1922 3706 παρθενίας

336 3731 593 3784 κάλλεσιν
661 3730 1078 3800 ὼραῖξόμενοςο
1159 3730 1209 3780 εί
1288 3729 1346 3780 δὲ
1423 3727 1500 3797 μὴ
1568 3727 1923 3796 παρθενεύειν

339 3826 605 3893 προαιρῇ,
661 3823 796 3893 μηδὲ
831 3821 1301 3891 καθωμολόγησας
1348 3820 1508 3873 τοῦτο
1541 3819 1617 3888 τῷ
1648 3820 1789 3887 θεῷ,
1835 3818 1926 3881 ἔξ-

339 3916 454 3967 εστί
487 3932 568 3967 σοι
617 3915 744 3984 μίαν
793 3916 1028 3981 γυναῖκα
1062 3912 1203 3966 κατά
1232 3912 1433 3982 νόμους
1479 3913 1536 3963 ἐν
1562 3909 1753 3979 Κυρίῳ
1784 3910 1923 3976 ἀγα-

341 4005 559 4072 γέσθαι,
608 4004 702 4057 καὶ
733 4003 910 4074 ταύτῃ
946 4005 1085 4077 μόνῃ
1121 4005 1414 4068 συνοικεῖν,
1441 4003 1536 4054 καὶ
1566 4001 1641 4063 ὡς
1683 4000 1811 4053 ἴδιόν
1841 4015 1925 4050 σοι

342 4096 538 4158 σκεῦος
578 4095 810 4148 κτᾶσθαι
863 4097 920 4147 ἐν
954 4094 1238 4164 ἁγιασμῷ,
1277 4094 1386 4146 τῶν
1431 4092 1729 4162 ἀλλοτρίων
1775 4089 1925 4160 πάσῃ

339 4187 569 4254 δυνάμει
599 4186 959 4255 ἀπεχόμενος.
992 4186 1207 4255 Δυνήσῃ
1237 4185 1294 4236 δὲ
1319 4183 1523 4236 τούτων
1554 4182 1753 4245 τελέως
1791 4183 1928 4235 ἀπο-

343 4278 593 4347 σχέσθαι,
621 4278 715 4330 ὲάν
755 4277 967 4347 φυλάξῃ
1007 4278 1106 4340 τάς
1140 4276 1278 4347 πρὸς
1311 4275 1480 4338 αὑτὰς
1511 4276 1777 4346 ἀκαίρους
1805 4291 1930 4326 συνο

339 4369 557 4438 τυχίας,
619 4370 852 4431 καὶτοῖς
911 4372 1192 4439 πορνικοῖς
1241 4368 1420 4437 λόγοις
1475 4368 1569 4421 καί
1618 4367 1930 4437 ἀκούσμασι

347 4461 422 4530 μὴ
479 4461 754 4530 ὲπιτέρπῃ
777 4476 790 4490 ’
837 4462 933 4512 καὶ
972 4460 1140 4530 αὐτὴν
1183 4461 1282 4529 τὴν
1321 4463 1418 4530 σὴν
1449 4461 1570 4529 ὄψιν
1603 4459 1698 4513 τοῦ
1730 4478 1787 4512 τε
1824 4460 1930 4512 σώσ-

2005 1977 2072 2030 sti
2104 1976 2343 2032 dedecus
2377 1977 2597 2042 inussit,
2631 1992 2756 2033 reus
2791 1980 2900 2032 erit
2942 1980 3132 2033 τοιοιηί
3159 1980 3410 2048 supplicii
3441 1979 3464 2033 ?
3498 1979 3589 2040 Et,

2006 2070 2051 2122 si
2081 2069 2280 2134 valeas,
2311 2069 2680 2145 virginitatem
2734 2085 2914 2136 serva,
2948 2081 3007 2125 ut
3061 2072 3242 2141 possis
3293 2081 3438 2125 tctus
3470 2087 3591 2126 esse

2009 2159 2122 2222 Dei,
2155 2162 2315 2229 eique
2351 2161 2591 2229 perfecta
2623 2162 2766 2216 uniri
2803 2163 3100 2228 cbaritate,
3131 2164 3233 2232 ipsi
3299 2172 3407 2218 tota
3481 2164 3588 2216 vita

2007 2252 2276 2316 assidens,
2310 2262 2366 2305 et
2421 2253 2796 2307 indesinenter
2828 2253 2895 2307 de
2927 2251 3159 2307 Domino
3214 2251 3506 2315 sollicitus,
3537 2264 3591 2306 ι·ι

2007 2355 2346 2415 praegustatis
2393 2345 2558 2399 vitam
2591 2359 2878 2410 aeternam,
2917 2356 3082 2414 atque
3140 2345 3193 2398 iu
3231 2356 3371 2400 terra
3405 2347 3594 2399 vivens

2009 2441 2151 2492 sicut
2178 2440 2354 2506 angeli
2387 2437 2476 2493 Dei
2502 2453 2518 2494 :
2549 2438 2746 2493 horum
2798 2438 3064 2508 siquidem
3092 2449 3178 2494 est
3217 2439 3523 2509 virginitas,
3543 2449 3596 2492 ct

2009 2531 2141 2599 ipsis
2161 2531 2326 2584 etiam
2349 2546 2474 2586 cum
2512 2545 2768 2600 corpore,
2811 2531 2988 2599 quoad
3036 2531 3198 2596 valet,
3254 2532 3448 2586 similis
3512 2542 3595 2586 est

2009 2628 2100 2689 qui
2135 2623 2435 2693 virginitati
2485 2623 2746 2687 adltazret,
2774 2624 2860 2678 vel
2914 2623 3096 2692 potius
3153 2639 3313 2692 quam
3354 2623 3597 2684 illorum,

2010 2716 2203 2770 similis
2232 2725 2316 2771 est
2345 2714 2524 2770 Patris
2551 2717 2645 2786 qui
2677 2725 2806 2770 ante
2842 2716 3024 2769 omnia
3067 2713 3263 2770 stecula
3301 2715 3352 2768 iu
3377 2714 3596 2783 virgini—

2012 2818 2123 2865 tate
2159 2811 2459 2880 generavit,
2494 2821 2550 2864 et
2580 2807 2706 2863 Filii
2739 2807 2832 2878 qui
2864 2810 3018 2878 virgo
3073 2823 3139 2861 ex
3176 2806 3386 2876 virgine
3436 2805 3599 2860 Patre

2013 2904 2066 2957 in
2102 2901 2376 2972 principio
2400 2915 2498 2972 per
2545 2901 2952 2970 generationem
3013 2900 3280 2969 processit
3325 2910 3378 2955 et
3411 2899 3466 2954 iu
3500 2914 3601 2953 no-

2012 2995 2254 3050 vissimis
2309 2994 2646 3063 temporibus
2686 3010 2750 3047 ex
2811 2993 3028 3063 virgine
3078 2992 3251 3048 Matre
3305 2992 3601 3048 carnaliter

2013 3087 2230 3155 genitus
2251 3096 2358 3150 est,
2390 3093 2445 3138 et
2488 3085 2728 3155 Spiritus
2757 3085 2847 3156 qui
2884 3100 2951 3139 ex
2974 3084 3090 3139 solo
3135 3083 3325 3150 Patre,
3362 3099 3471 3139 non
3506 3100 3603 3154 per

2013 3178 2445 3250 generationem,
2486 3177 2582 3232 sed
2638 3192 2734 3245 per
2793 3177 3201 3247 processiouem
3256 3176 3604 3231 ineﬂabilitcr

2009 3274 2121 3328 exit.
2147 3288 2162 3327 :
2197 3272 2283 3328 cui
2312 3272 2421 3326 Deo
2453 3271 2807 3341 as‘similatur,
2837 3283 2892 3328 et
2931 3271 3332 3341 incorruptibili
3355 3273 3604 3344 jungitur

2011 3371 2264 3442 conjugio
2299 3371 2388 3425 ille
2437 3370 2529 3438 qui
2589 3383 2772 3424 veram
2811 3370 2971 3441 elegit
3019 3371 3413 3440 virginitatem,
3450 3371 3605 3440 virgo

2013 3467 2191 3519 anima
2221 3473 2275 3518 et
2305 3478 2555 3532 corpore,
2589 3473 2643 3517 et
2663 3469 2894 3518 cunctos
2940 3477 3152 3528 sensus,
3214 3477 3605 3529 sermonesque

2013 3567 2064 3610 et
2089 3556 2447 3626 cogitationes
2477 3559 2674 3610 decore
2696 3554 3029 3624 virginitatis
3049 3568 3346 3608 exornans.
3377 3551 3434 3607 Si
3471 3569 3604 3606 vero

2017 3663 2123 3702 non
2156 3647 2329 3716 eligas
2357 3646 2749 3716 virginitatem,
2818 3661 2994 3714 neque
3030 3647 3172 3699 hanc
3201 3645 3314 3699 Deo
3367 3647 3606 3714 despon-

2017 3743 2170 3804 deas,
2199 3741 2324 3794 licet
2359 3741 2456 3796 tibi
2499 3756 2668 3794 unam
2731 3755 2957 3794 uxorem
2987 3739 3141 3806 juxta
3194 3739 3342 3809 leges
3407 3739 3462 3792 in
3494 3738 3606 3791 Do~

2021 3835 2169 3889 mino
2200 3834 2422 3898 dueere,
2447 3832 2608 3901 eique
2641 3831 2740 3886 soli
2776 3831 3116 3895 cohabitare,
3145 3838 3199 3883 et
3229 3838 3285 3883 ut
3316 3819 3604 3898 prepriuiii

2021 3927 2118 3980 tibi
2148 3939 2257 3996 vas
2319 3927 2369 3977 iu
2421 3925 2710 3978 sanctitate
2759 3921 3062 3990 possidere,
3124 3920 3192 3974 ab
3252 3920 3444 3975 alienis
3501 3930 3610 3974 tota

2021 4019 2223 4070 virtute
2267 4015 2573 4070 abstinens.
2623 4011 2839 4067 Poteris
2890 4022 3072 4065 autem
3135 4012 3200 4066 ab
3251 4013 3334 4066 liis
3367 4011 3608 4080 perfecte

2026 4111 2327 4175 abstinere,
2358 4110 2402 4162 si
2429 4121 2628 4163 caveas
2657 4105 3071 4173 intempestivos
3093 4119 3216 4158 cum
3252 4104 3330 4159 eis
3356 4118 3612 4171 congres-

2024 4219 2138 4266 sus,
2167 4212 2220 4257 et
2253 4201 2429 4271 turpia
2464 4201 2648 4254 dicere
2681 4197 2767 4252 vel
2798 4197 2990 4251 audire
3031 4212 3137 4251 non
3171 4213 3344 4264 ames,
3377 4208 3431 4251 et
3463 4199 3608 4268 ipsos

2025 4297 2272 4367 corporis
2301 4305 2354 4348 et
2387 4295 2584 4348 anima:
2619 4291 2807 4347 oculos
2842 4292 2907 4343 ab
2949 4291 3029 4345 eis
3070 4301 3309 4353 avertas,
3343 4303 3605 4362 quantum

2028 4389 2250 4459 poteris,
2285 4396 2337 4441 et
2374 4399 2663 4440 assuescas
2694 4400 2804 4438 non
2843 4385 3062 4438 curiose
3086 4383 3331 4437 vultuum
3371 4386 3608 4451 pulchri-

2031 4481 2274 4536 tudinem
2302 4479 2584 4546 aspicere:
2633 4480 2770 4532 nam
2797 4495 2814 4527 ι
2845 4478 2937 4546 qui
2996 4477 3192 4530 viderit
3229 4478 3508 4531 mulierem
3546 4480 3614 4531 ad

347 4571 515 4620 ματος
548 4557 640 4606 καὶ
685 4555 783 4622 τῆς
829 4553 1007 4622 ψυχῆς
1059 4553 1406 4624 ἀποστρέψῃς
1443 4555 1537 4606 ἀπ’
1592 4553 1794 4614 αὐτῶν,
1846 4555 1913 4620 ἐφ

2029 4574 2526 4644 concupiscemluut
2574 4570 2854 4640 eam,jam
2921 4571 3228 4624 mmchatus
3290 4581 3372 4626 est
3409 4588 3527 4626 eam
3564 4574 3614 4626 iu

344 4648 467 4699 ὅσον
496 4647 722 4699 δυνατόν
749 4666 761 4678 ν
806 4647 897 4698 καὶ
927 4646 1215 4716 συνεθίσῃς
1245 4645 1320 4715 μὴ
1350 4646 1657 4715 περιέργως
1690 4645 1768 4714 τῷ
1796 4645 1929 4697 κάλ-

346 4748 423 4790 λει
471 4739 578 4790 τῶν
621 4739 931 4810 προσώπων
966 4741 1180 4810 ἐνορᾷν.
1237 4760 1254 4790 ι
1279 4739 1336 4789 'tl
1388 4739 1496 4810 γὰρ
1529 4739 1806 4808 ἐμϐλέψας
1832 4754 1931 4805 γυ-

348 4831 518 4892 ναικὶ,
549 4832 687 4901 πρὸς
738 4834 798 4884 τὸ
831 4833 1172 4902 ἐπιθυμῆσαι
1222 4833 1414 4899 αὐτὴν,
1462 4831 1565 4900 ἤδη
1614 4830 1934 4900 ἐμοίχευσεν

351 4923 518 4993 αὐτὴν
558 4927 616 4976 ἐν
660 4927 725 4994 τῇ
759 4924 953 4994 καρδία
985 4925 1186 4978 αὑτοῦ·
1227 4943 1244 4974 ι
1306 4926 1402 4976 καὶ
1431 4924 1571 4976 κατά
1617 4923 1772 4975 τοῦτο
1835 4921 1933 4990 μὲν

344 5015 656 5083 ἀκάθαρτός
688 5017 806 5068 ἐστι
838 5016 916 5085 τῷ
960 5018 1041 5080 είς
1086 5016 1316 5086 καρδίαν
1372 5015 1624 5084 βλέποντι
1669 5013 1929 5083 Χριστῷο

351 5107 458 5159 ἀπὸ
483 5111 674 5160 τούτου
702 5108 756 5159 δὲ
818 5109 912 5160 καὶ
956 5109 1051 5161 ἐπὶ
1082 5107 1182 5178 τὴν
1235 5108 1325 5160 διά
1361 5107 1612 5176 σώματος
1645 5109 1937 5178 αἰσχρουρ-

349 5201 478 5264 γίαν
509 5200 752 5269 καταντᾷ
786 5199 815 5251 6
853 5198 1106 5262 δείλαιος.
1148 5199 1256 5251 Καὶ
1289 5198 1343 5250 τί
1383 5197 1525 5265 λέγω
1556 5199 1808 5266 πορνείας
1841 5197 1937 5248 καὶ

358 5293 620 5362 μοιχείας,
666 5295 762 5346 καὶ
819 5297 1000 5346 πάντα
1028 5295 1096 5345 τά
1150 5296 1208 5345 ἐν
1255 5293 1392 5362 αὑτῇ
1436 5295 1500 5363 τῇ
1538 5293 1698 5360 φύσει
1752 5290 1932 5361 μύση;

354 5389 446 5438 καὶ
475 5387 580 5456 γάρ
621 5388 717 5444 καὶ
755 5389 834 5450 εἰς
875 5387 973 5448 τὰς
1009 5388 1159 5457 παρὰ
1201 5388 1382 5439 πᾶσαν
1430 5387 1592 5454 φύσιν
1622 5386 1932 5452 ἀσελγείας,

353 5479 464 5532 ἀπὸ
513 5478 607 5530 τοῦ
639 5481 952 5550 περιέργως
997 5481 1188 5551 ὲνορᾷν
1227 5483 1339 5542 τοῖς
1369 5479 1478 5531 τῶν
1513 5479 1781 5547 σωμάτων
1811 5477 1939 5530 κάλ-

352 5575 524 5633 λεσιν,
560 5572 874 5638 ἀκολάστως
909 5572 1278 5642 κατασύρεται
1311 5575 1340 5624 6
1376 5571 1794 5640 ﬁv09mn0;.26
1825 5570 1938 5622 τοί-

1949 4705 1963 4721 .
2025 4667 2189 4722 corde
2220 4681 2318 4719 suo
2343 4665 2419 4730 “°,
2456 4683 2474 4714 ι
2506 4672 2559 4716 et
2589 4672 2813 4732 propter
2842 4662 2942 4716 hoc
2969 4656 3280 4716 immundus
3313 4673 3397 4716 est
3432 4680 3619 4717 coram

2028 4761 2351 4830 inspiciente
2415 4758 2578 4811 corda
2636 4755 2880 4816 Christo,
2947 4765 3001 4809 et
3065 4757 3116 4809 iu
3186 4759 3433 4825 corporis
3512 4769 3622 4811 tur-

2032 4854 2333 4926 pitudinem
2371 4851 2562 4904 infelix
2593 4848 2846 4902 discedit.
2886 4847 2950 4901 Et
3005 4863 3104 4902 cur
3138 4847 3319 4903 refero
3386 4849 3625 4901 fornica-

2037 4951 2214 5002 tioncs
2251 4955 2307 5000 et
2358 4943 2649 5004 adulteria,
2705 4949 2760 4993 et
2800 4955 3160 5010 quwcumque
3216 4950 3344 4994 sunt
3396 4941 3447 4993 iu
3503 4941 3621 5008 ipsa

2038 5049 2232 5094 natura
2269 5033 2762 5091 abominatioucs?
2797 5031 2933 5085 Nam
2973 5043 3026 5088 et
3060 5036 3112 5087 in
3141 5035 3473 5089 contrariam
3525 5050 3624 5085 na-

2040 5143 2175 5188 tura:
2236 5133 2504 5185 luxuriam
2582 5131 2807 5184 curioso
2875 5129 3172 5183 formarum
3253 5129 3620 5196 corporaliqu

2042 5238 2263 5298 aspectu
2300 5227 2535 5280 trahitur
2570 5225 2753 5276 homo.
2787 5223 2867 5275 'l‘u
2913 5223 3076 5293 igitur
3133 5236 3348 5274 amaros
3386 5236 3414 5270 a
3455 5229 3507 5270 te
3541 5232 3625 5271 re-

2040 5337 2233 5374 secaus
2270 5320 2504 5380 radices,
2544 5316 2856 5371 mortiferus
2911 5332 3014 5368 nou
3050 5316 3191 5368 feres
3252 5314 3487 5376 fructus,
3530 5315 3624 5366 sed

2043 5412 2401 5466 fruetilicabis
2450 5413 2767 5480 puritatem,
2833 5419 2885 5462 et
2921 5412 3038 5475 ejus
3099 5408 3470 5469 sanctitatem,
3509 5407 3626 5459 sine

2044 5520 2147 5572 qua
2191 5518 2352 5556 nemo
2383 5502 2675 5556 Dominum
2723 5503 2943 5556 videbit.

356 5672 453 5705 νυν
481 5656 578 5717 τὰς
611 5655 815 5725 πικρὰς
868 5655 1154 5710 ἐκκόπτων
1203 5656 1359 5724 ῥίζας
1397 5654 1510 5707 ἀπὸ
1567 5656 1817 5720 σεαυτοῦ,
1883 5653 2302 5724 θανατηφόρους
2337 5655 2438 5707 οὐκ
2495 5657 2663 5716 οἴσεις
2713 5653 2961 5721 καρπούς
2989 5668 3000 5681 ·
3041 5655 3172 5706 ἀλλὰ
3215 5661 3490 5728 καρπώσῃ
3521 5659 3616 5724 τὴν

360 5747 605 5813 ἁγνείαν,
629 5750 723 5801 καὶ
750 5751 840 5802 τὸν
874 5751 930 5802 ἐν
964 5751 1100 5819 αὑτῇ
1132 5750 1408 5818 ἁγιασμόν
1434 5763 1446 5775 ’
1485 5743 1544 5801 οῦ
1567 5750 1737 5820 χωρὶς
1767 5748 1944 5812 οὐδεὶς
1982 5749 2176 5815 ὄψεται
2219 5748 2311 5801 τὸν
2343 5749 2572 5819 Κύριον.

433 5833 476 5864 ⁷⁸
511 5835 684 5890 Exod.
720 5853 810 5898 xx,
846 5839 930 5890 Η.
1046 5838 1089 5867 τ’
1127 5836 1295 5891 Levit.
1335 5851 1464 5897 xxv,
1503 5835 1555 5888 θ.

653 5933 920 5991 ΡΑτιιοι..
951 5932 1065 5990 Gn.
1107 5933 1202 5991 (ll.

1669 5831 1712 5862 ⁸⁰
1745 5827 1937 5905 Mattlt.
1971 5844 2024 5892 γ,
2057 5827 2148 5880 28.

3137 5908 3214 5968 35
