3962 6208
333 258 462 324 1101

1613 262 1709 321 DE
1751 260 2292 322 HESYCHASTIS.

3435 259 3581 324 1102

329 375 540 438 γένοιτο
577 371 781 432 πάντας
817 373 962 442 ἡμᾶς
1001 374 1300 441 ἐπιτυχεῖν,
1337 374 1524 442 χάριτι
1565 375 1662 427 καὶ
1707 374 1900 444 φιλαν-
1925 403 1942 438 λ

2022 384 2058 428 ει
2091 375 2290 438 honor,
2322 381 2376 428 cl
2407 371 2675 435 adoratio,
2717 388 2842 427 cum
2877 373 3119 444 ingenito
3158 372 3277 444 ejus
3306 372 3482 438 Patre,
3523 387 3578 428 et

329 463 550 532 θρωπίᾳ
593 461 687 515 τοῦ
733 464 962 533 Κυρίου,
994 465 1088 519 καὶ
1123 464 1258 517 Θεοῦ
1309 465 1402 518 καὶ
1453 465 1704 534 Σωτῆρος
1736 465 1894 534 ἡμῶν

341 555 519 623 Ἰησοῦ
539 554 798 624 Χριστοῦ,
816 549 860 624 ᾧ
880 558 1081 626 πρέπει
1104 559 1254 611 πᾶσα
1273 559 1419 623 δόξα,
1438 558 1598 627 τιμὴ,
1617 559 1714 611 καὶ
1728 575 1896 628 προσ-

2007 465 2375 530 sanetissimo,
2412 466 2620 534 optimo
2651 475 2705 520 et
2742 466 2961 520 viviﬁeo
3015 464 3258 535 Spiritu,
3295 479 3482 525 nunc.
3521 474 3577 518 et

2003 572 2246 626 semper,
2278 566 2331 611 et
2372 557 2424 609 in
2463 557 2659 611 saecula
2682 557 3030 611 saecalornm.
3065 558 3262 610 Amen.

337 648 585 718 κύνησις,
617 652 713 704 σὺν
743 652 821 721 τῷ
845 653 1066 723 ἀνάρχῳ
1092 653 1261 708 αὐτοῦ
1291 655 1491 724 Πατρὶ,
1527 654 1622 707 καὶ
1669 653 1746 722 τῷ
1776 654 2030 723 παναγίῳ
2073 655 2165 707 καὶ
2200 653 2390 722 ἀγαθῷ
2440 656 2539 707 καὶ
2573 654 2826 723 ζωοποιῷ
2850 654 3154 724 Πνεύματι,
3185 657 3301 718 νῦν,
3326 655 3418 708 καὶ
3451 653 3562 721 ἀεὶ,

338 743 436 794 καὶ
468 745 550 805 εἰς
573 744 700 806 τοὺς
731 744 930 807 αἰῶνας
959 746 1068 797 τῶν
1098 745 1332 799 αἰώνων.
1379 747 1572 817 Ἀμήν.

593 865 3576 901 mm

359 877 625 903 5.9”":—

1823 1011 1918 1064 EK
1970 1011 2109 1063 ΤΩΝ

1193 1178 1422 1265 ΤΟΥ
1496 1174 1870 1262 ΑΥΤΟΥ
1952 1173 2288 1258 ΑΓΙΟΥ
2365 1170 2737 1256 ΑΟΓΩΝ

1915 1376 2032 1414 τιιιιι

931 1529 1231 1643 ΤΩΝ
1324 1525 1752 1638 ΙΕΡΩΣ
1823 1518 2998 1635 ΗΣΥΧΑΖΟΝΤΩΝ.

1019 1898 1209 2008 EX
1285 1891 1917 2007 EJUSDEM
2009 1887 2914 2068 SERMONIBUS

1873 2115 1937 2157 βε
1984 2114 2055 2155 IIS

787 2274 994 2380 QUI
1070 2267 1468 2360 sileam
1546 2246 2254 2354 INDULGENT
2347 2261 3133 2366 QUIETUDINI.

764 2589 1082 2654 Ἐρωτησις
1111 2586 1260 2652 πρὸς
1283 2585 1490 2639 αὐτόν.

415 2721 605 2784 Καλῶς
627 2721 906 2792 ἐποίησας,
941 2721 1084 2774 Πάτε
1095 2737 1146 2790 ρ,
1172 2721 1267 2773 καὶ
1291 2721 1418 2784 τοὺς
1453 2719 1562 2772 τῶν
1586 2720 1753 2788 ἁγίων
1781 2736 1846 2772 πε
1857 2721 1910 2790 ρι

343 2817 437 2870 τοῦ
487 2817 795 2886 ζητήματός
850 2829 937 2884 μοι
987 2813 1179 2881 λόγους
1237 2812 1588 2882 προθέμενος.
1648 2813 1749 2864 Σοῦ
1801 2815 1912 2881 γὰρ

343 2907 556 2962 ἀκούων
575 2907 787 2970 λύοντός
820 2922 910 2973 μοι
941 2904 1010 2957 τὰ
1041 2905 1438 2974 διηπορημένα,
1476 2902 1786 2974 ἐθαύμαζον
1817 2905 1914 2973 μὲν

347 3001 446 3066 τῆς
479 2998 736 3068 ἀληθείας
791 2997 850 3048 τὸ
886 2997 1124 3065 ἐμφανές
1156 3012 1170 3026 ο
1204 2998 1382 3048 ἐκεῖνο
1408 2996 1464 3049 δέ
1507 3014 1611 3066 μου
1661 2998 1914 3068 ὑπεισῄει

350 3089 419 3155 τῇ
449 3085 674 3154 διανοίᾳ,
707 3085 780 3147 ὡς
804 3083 1034 3153 ἐπείπερ
1055 3083 1196 3154 λόγῳ
1229 3084 1446 3136 παλαίει
1478 3085 1584 3146 πᾶς
1614 3083 1770 3153 λόγος
1799 3102 1814 3116 ·
1840 3085 1916 3148 ὡς

350 3175 446 3228 καὶ
473 3175 630 3236 αὐτὸς
654 3174 882 3244 οῖ’ρηκας
905 3189 921 3205 °
950 3173 1023 3244 μὴ
1045 3174 1138 3225 καὶ
1165 3175 1281 3236 τοῖς
1313 3173 1417 3225 ὑπὸ
1448 3173 1542 3226 σοῦ
1572 3173 1912 3244 λεγομένοις,

337 3263 501 3329 αὖθις
521 3267 606 3337 εἴη
636 3284 720 3327 τις
769 3267 1050 3333 ἀντιλογία
1077 3283 1090 3296 ο
1123 3267 1248 3318 ἐπεὶ
1287 3266 1345 3318 δὲ
1372 3267 1470 3336 τὴν
1492 3266 1582 3319 διὰ
1605 3267 1712 3319 τῶν
1739 3265 1918 3338 ἔργων

347 3356 650 3426 μαρτυρίαν
703 3357 873 3427 μόνην
922 3358 1092 3426 ἔγνων
1142 3356 1308 3410 οὖσαν
1342 3357 1764 3427 ἀναμφίλεκτον,
1823 3354 1920 3411 καὶ

343 3445 470 3507 τοὺς
492 3446 680 3513 ἀγίους
708 3447 775 3500 τὰ
803 3447 942 3500 αύτά
981 3464 1063 3500 σοι
1095 3447 1352 3515 λέγοντας
1381 3449 1615 3518 ἀκήκοα,
1641 3447 1790 3500 οῦδὲν
1816 3465 1918 3500 τοι·

348 3536 509 3588 οῦτον
561 3537 642 3589 ἔτι
694 3538 907 3590 δέδοικα
934 3555 948 3570 ο
982 3540 1010 3591 ὁ
1064 3541 1172 3610 γὰρ
1198 3539 1407 3602 τούτοις
1460 3541 1535 3608 μὴ
1575 3539 1914 3608 πειθόμενος.

349 3627 468 3688 πῶς
504 3627 569 3680 ἂν
601 3628 762 3692 αύτδς
787 3629 1096 3693 ἀξιόπιστος
1133 3631 1214 3700 εἴη
1239 3647 1253 3694 ;
1280 3631 1395 3692 πῶς
1419 3629 1462 3682 δ’
1496 3631 1595 3682 οὐκ
1615 3629 1680 3682 ἂν
1700 3629 1914 3697 ἀθετοίη

1039 3721 1249 3740 ’νγ-Νι
1325 3723 1338 3740 2

349 3810 704 3874 ἀποστόλους,
741 3813 834 3863 καὶ
896 3811 963 3864 δι’
997 3811 1177 3864 αὐτῶν
1213 3812 1349 3880 πρὸς
1402 3812 1526 3874 τοὺς
1557 3809 1674 3879 μετ’
1722 3809 1920 3872 αὐτοὺς

347 3901 536 3967 ἁγίους
591 3902 898 3971 εἰρημένος,
947 3902 1028 3954 ὅτι
1064 3921 1082 3953 ι
1136 3901 1195 3953 '0
1222 3902 1430 3954 ἀθετῶν
1471 3902 1636 3970 ὑμᾶς,
1668 3901 1769 3971 ἐμὲ
1797 3903 1893 3954 ἀθε
1938 3936 1984 3999 C

349 3997 434 4045 τεῖ
475 4010 488 4022 ο
525 4012 542 4042 ι
579 3995 780 4046 ταυτὸν
834 3994 879 4046 δ’
911 3995 1103 4058 εἰπεῖν,
1133 3995 1303 4064 αὐτὴν
1330 3993 1427 4064 τὴν
1483 3994 1760 4063 ἀλήθειαν.
1793 3995 1916 4058 Πῶς

345 4085 440 4138 οὖν
463 4086 784 4156 ἀποδεχθείη
813 4087 964 4156 ποιρά
1002 4087 1109 4138 τῶν
1152 4087 1457 4156 ζητούντων
1480 4086 1577 4156 τὴν
1607 4085 1861 4157 ἀλήθειαν
1891 4091 1918 4139 ὁ

347 4176 725 4245 ἀντικείμενος
757 4180 822 4246 τῇ
857 4177 1116 4248 ἀληθείᾳ;
1141 4178 1230 4229 Διὸ
1262 4177 1568 4247 παρακαλῶ
1599 4193 1680 4240 σε,
1715 4177 1914 4246 Πάτερ,

347 4269 578 4322 ἀκοῦσαί
625 4287 726 4338 μου
762 4270 854 4321 καὶ
901 4269 1010 4320 τῶν
1041 4268 1215 4322 ἄλλων
1253 4268 1482 4321 ἕκαστον
1511 4268 1817 4334 διεξιόντος.
1845 4262 1919 4321 ὧν

345 4360 498 4429 παρὰ
519 4359 626 4412 τῶν
653 4360 742 4412 διὰ
771 4359 884 4428 βίου
919 4359 1026 4428 τὴν
1059 4359 1374 4427 Ἑλληνικὴν
1404 4358 1654 4412 παιδείαν
1706 4359 1919 4428 μετιόν-

345 4471 455 4505 των
508 4453 740 4522 ἀνδρῶν,
781 4453 994 4520 ἀκήκοα
1045 4452 1288 4515 ἐκείνων,
1339 4454 1433 4505 καὶ
1471 4454 1644 4504 εἰπεῖν
1692 4454 1790 4521 μέν
1829 4470 1918 4522 μοι

347 4544 441 4596 καί
485 4562 538 4596 τι
590 4545 696 4596 τῶν
738 4542 1038 4596 δοκούντων
1071 4544 1220 4612 παρά
1247 4544 1474 4597 σεαυτοῦ
1509 4545 1646 4615 πρὸς
1695 4545 1870 4598 ταῦτα
1899 4560 1914 4574 ⁶

346 4637 659 4705 προσθεῖναι
689 4635 746 4688 δὲ
772 4635 867 4688 καὶ
892 4636 989 4696 τάς
1013 4636 1121 4688 τῶν
1147 4635 1319 4704 ἁγίων
1351 4637 1481 4706 περὶ
1503 4636 1708 4689 τούτων
1738 4637 1916 4701 δόξας.

345 4728 578 4794 Λέγουσι
601 4727 710 4795 γὰρ
730 4729 876 4798 ἡμᾶς
908 4728 1091 4790 κακῶς
1121 4729 1319 4790 ποιεῖν,
1347 4726 1494 4781 ἔνδον
1535 4728 1629 4781 τοῦ
1667 4727 1921 4796 σώματος

347 4819 697 4880 σπεύδοντας,
737 4819 828 4872 τὸν
859 4820 1126 4890 ἡμέτερον
1160 4819 1570 4890 ὲμπερικλείειν
1615 4819 1776 4870 νοῦν·
1814 4819 1922 4884 ἔξω

346 4911 455 4979 γὰρ
489 4910 582 4963 τοῦ
609 4912 884 4981 σώματος,
915 4913 1066 4979 φασὶ,
1097 4911 1297 4980 μᾶλλον
1320 4912 1537 4981 χρῆναι,
1558 4912 1720 4964 παντὶ
1737 4911 1922 4982 τρόπῳ

345 5002 536 5053 τοῦτον
577 5003 796 5066 ἐξωθεῖν
835 5021 848 5033 ο
909 5002 988 5054 διὸ
1020 5003 1112 5054 καὶ
1137 5002 1452 5073 διασύρουσι
1517 5003 1722 5071 σφόδρα
1769 5004 1921 5064 τινὰς

346 5095 458 5146 τῶν
484 5095 787 5164 ἡμέτερων,
823 5095 943 5147 κατ’
973 5094 1153 5146 αὐτῶν
1191 5093 1523 5162 γράφοντες,
1551 5093 1626 5155 ὡς
1652 5095 1764 5156 τοῖς
1821 5095 1920 5161 ἀρ-

348 5184 558 5254 χαρίοις
597 5182 996 5255 παραινοῦντας
1056 5184 1140 5251 ἐφ’
1174 5183 1401 5244 ἑαυτοὺς
1452 5181 1690 5250 βλέπειν,
1719 5183 1812 5233 καὶ
1832 5182 1920 5234 διὰ

1941 2594 1990 2656 Β

2527 2592 2759 2659 Ωιιαξειὶο
2793 2593 2861 2646 nd
2894 2591 3066 2646 illum.

2087 2684 2448 2752 Benel'ecisti,
2470 2684 2651 2748 Pater,
2690 2694 3002 2739 sanctorum
3031 2685 3292 2752 quaerenti
3327 2685 3454 2740 mihi
3476 2700 3588 2742 ser-

2018 2793 2210 2834 mones
2252 2791 2589 2846 proponens.
2625 2776 2758 2829 Nam
2797 2786 2847 2829 te
2881 2776 3107 2828 audiens
3142 2789 3258 2829 mea
3306 2774 3468 2830 dubia
3504 2793 3589 2831 re-

2015 2873 2313 2926 solventem
2337 2910 2352 2932 ,
2388 2869 2628 2923 mirabar
2676 2868 2922 2923 veritatis
2961 2869 3314 2923 evidentiam.
3355 2867 3483 2922 Mihi
3515 2878 3592 2922 ta-

2016 2979 2141 3018 tnen
2178 2964 2341 3017 timor
2364 2961 2602 3016 animum
2633 2959 2873 3013 subierat
2897 2974 2984 3024 ne,
3008 2962 3132 3029 quia
3170 2961 3336 3014 verbo
3361 2960 3587 3014 verbum

2017 3072 2232 3125 semper
2253 3043 2568 3126 opponitur,
2617 3061 2674 3106 ut
2710 3053 2822 3121 ipse
2867 3053 3150 3107 confessus
3203 3067 3283 3116 es,
3319 3055 3592 3109 sermoni-

2018 3150 2116 3203 bus
2136 3148 2246 3202 tuis
2267 3146 2470 3214 aliquid
2492 3159 2686 3199 rursus
2699 3143 3180 3198 contradiceretur.
3207 3144 3312 3198 Sed
3332 3129 3588 3212 quoniam

2016 3243 2193 3296 solum
2229 3255 2294 3295 ex
2321 3239 2584 3308 operibus
2605 3237 2980 3291 testimonium
3003 3237 3118 3290 scio
3142 3236 3424 3289 indubium
3447 3251 3586 3300 esse,

2017 3343 2073 3390 et
2105 3341 2323 3387 sanctos
2355 3329 2544 3385 eadem
2593 3343 2657 3384 ac
2689 3339 2742 3384 te
2784 3328 3031 3383 dicentes
3078 3327 3282 3392 audivi,
3310 3329 3422 3398 jam
3455 3330 3587 3382 nihil

2019 3421 2324 3490 huiusmodi
2344 3419 2661 3486 metuo.Qui
2679 3420 2820 3474 enim
2841 3419 2943 3473 hos
2964 3434 3066 3471 non
3104 3419 3296 3483 credit,
3317 3419 3590 3486 quomodo

2018 3515 2134 3584 ipse
2188 3515 2382 3583 dignus
2438 3513 2542 3566 [ide
2612 3511 2790 3567 esset?
2840 3511 3032 3565 Nonne
3092 3513 3306 3578 Spernit
3359 3523 3584 3565 sancto-

2019 3622 2139 3662 rum
2178 3606 2378 3661 Deum?
2441 3606 2542 3659 llic
2603 3606 2749 3660 enim
2802 3604 2868 3656 ad
2919 3603 3214 3668 apostolos,
3269 3613 3324 3658 et
3373 3619 3469 3674 per
3495 3619 3591 3657 eos

2019 3704 2086 3755 ad
2141 3699 2466 3768 posteriores
2514 3699 2592 3752 eis
2630 3705 2850 3750 sanctos
2873 3695 3043 3749 dixit:
3085 3713 3102 3746 ι
3134 3697 3232 3762 Qui
3259 3710 3356 3750 vos
3381 3697 3589 3764 spernit

2019 3809 2106 3849 me
2151 3793 2356 3863 spernit
2379 3791 2481 3854 εν,
2521 3808 2540 3840 ι
2600 3790 2704 3854 vel,
2740 3789 2880 3856 quod
2916 3789 3054 3841 idem
3097 3799 3200 3852 est,
3265 3791 3436 3858 ipsam
3495 3803 3586 3841 ve-

2021 3889 2257 3942 ritatem.
2319 3884 2605 3950 Quomodo
2660 3897 2786 3949 ergo
2841 3881 3173 3950 reciperetur
3217 3897 3245 3934 a
3302 3883 3588 3934 veritatem

2018 3978 2383 4050 quaerentibus
2443 3976 2534 4044 qui
2593 3973 2918 4028 contradicit
2975 3973 3242 4026 veritati?
3310 3972 3434 4026 Ideo
3471 3988 3591 4041 pre-

2019 4089 2116 4129 cor
2178 4085 2251 4135 te,
2321 4069 2523 4134 Pater,
2594 4077 2651 4120 ut
2716 4067 2906 4121 audias
2963 4081 3048 4118 me
3105 4067 3316 4135 singula
3366 4079 3589 4132 percur-

2019 4175 2226 4220 rentem
2271 4164 2369 4216 alia
2443 4177 2560 4230 qua:
2608 4162 2788 4216 audivi
2845 4175 2872 4212 a
2926 4159 3057 4212 viris
3089 4159 3192 4211 illis
3220 4159 3308 4226 qui
3339 4159 3502 4210 vitam
3534 4159 3586 4208 in

2017 4258 2235 4314 ethnica
2270 4255 2549 4322 disciplina
2585 4262 2872 4321 peragunt,
2918 4261 3083 4319 utque
3111 4251 3237 4303 mihi
3273 4251 3422 4304 dicas
3462 4252 3587 4318 quid

2022 4350 2123 4402 ista
2154 4347 2436 4400 videantur
2460 4354 2510 4396 et
2536 4345 2703 4396 addas
2723 4351 3036 4396 sanctorum
3064 4341 3236 4394 dehis
3264 4343 3586 4394 sententias.

2021 4439 2152 4493 Nam
2178 4439 2365 4492 dicunt
2393 4448 2492 4487 nos
2525 4432 2663 4486 male
2696 4431 2874 4486 facere
2923 4433 3064 4484 intra
3100 4445 3295 4498 corpus
3325 4432 3590 4484 studendn

2023 4541 2262 4585 nostram
2289 4528 2562 4582 includere
2583 4534 2865 4598 mentem;
2889 4523 3157 4591 siquidem
3185 4531 3335 4575 extra
3367 4537 3588 4590 corpus,

2020 4620 2294 4688 inquiunt,
2325 4618 2504 4684 potius
2531 4623 2747 4684 oportet
2773 4628 2892 4666 eam
2920 4611 3067 4665 omni
3103 4613 3264 4665 modo
3295 4614 3589 4676 expellere.

2025 4713 2212 4778 Itaque
2265 4708 2523 4776 quosdam
2583 4716 2893 4758 nostrorum
2952 4704 3153 4756 acriter
3195 4705 3493 4757 dilacerant
3539 4715 3592 4755 et

2022 4805 2239 4873 scriptis
2272 4809 2505 4868 arguunt
2534 4799 2764 4851 suadere
2788 4796 3171 4864 incipientibus
3205 4805 3264 4848 ιιι
3301 4797 3351 4848 ἰιι
3384 4798 3592 4864 seipsos

2025 4896 2334 4964 inspieiant,
2366 4900 2419 4945 et
2453 4905 2549 4959 per
2583 4889 2993 4957 respirationem
3035 4889 3401 4941 intromittaut
3436 4904 3587 4942 suam

2024 4998 2282 5050 mentem,
2326 4985 2570 5038 dicentes
2611 4996 2715 5034 non
2754 4991 3058 5047 separatam
3097 4995 3218 5033 esse
3255 4993 3486 5032 mentem
3519 4983 3586 5031 ab

2022 5080 2199 5132 anima
2236 5094 2250 5134 :
2295 5092 2398 5128 non
2430 5083 2730 5143 separatam
2767 5073 2948 5140 igitur,
2983 5073 3074 5124 sed
3113 5076 3423 5132 ἑιίίιιιιμξξιιιι,
3462 5091 3590 5134 qun-

2028 5173 2187 5226 modo
2209 5171 2329 5239 quis
2355 5171 2494 5222 intro
2527 5168 2807 5219 mitteret?
2853 5168 2955 5218 lius
2989 5170 3149 5220 etiam
3183 5175 3432 5217 :lf‘t'l!‘~:till
3472 5176 3588 5214 tau—

348 5274 448 5340 τῆς
469 5275 742 5342 ἀναπνοῆς
777 5274 910 5325 εἴσω
963 5275 1202 5342 πέμπειν
1245 5272 1335 5325 τὸν
1392 5273 1589 5323 οἰκεῖον
1633 5272 1778 5336 νοῦν,
1813 5274 1918 5341 φά·

2025 5282 2186 5334 quam
2207 5265 2451 5318 dicentes
2477 5261 2714 5311 divinam
2738 5263 2964 5326 gratiam
2992 5277 3081 5326 per
3103 5276 3261 5311 nares
3296 5259 3582 5307 tnlrmlm-i.

353 5378 574 5422 σκοντες
599 5361 674 5430 μὴ
705 5364 1110 5432 κεχωρισμένον
1150 5357 1285 5413 εἶναι
1317 5362 1412 5430 τῆς
1443 5363 1620 5432 ψυχῆς
1650 5348 1739 5414 τὸν
1772 5365 1914 5417 νοῦν.

349 5451 452 5502 Τὸν
479 5451 569 5502 οὖν
599 5455 672 5521 μὴ
708 5455 1135 5523 κεχωρισμένον,
1170 5454 1284 5506 ἀλλ’
1309 5455 1517 5518 ἐνόντα,
1551 5455 1666 5517 πῶς
1711 5455 1776 5508 ἂν
1819 5455 1916 5510 αὖ-

351 5553 431 5611 θις
465 5547 593 5599 εἴσω
625 5549 829 5615 πέμποι
857 5564 974 5610 τις;
1009 5547 1143 5598 Φασὶ
1183 5547 1258 5613 δὲ,
1296 5548 1389 5599 καὶ
1441 5547 1537 5617 τὴν
1567 5547 1717 5601 θείαν
1759 5549 1919 5620 χάριν

418 5693 490 5722 ⁸⁸⁸
524 5689 660 5742 Luc.
697 5704 751 5750 κ,
787 5684 852 5738 16

2026 5357 2130 5412 Sed
2159 5363 2270 5411 scit)
2303 5372 2398 5422 ego
2433 5356 2548 5406 iure
2579 5358 2640 5404 ab
2679 5356 2780 5406 iiiis
2812 5357 3135 5405 (“lutum-0:2“
3169 5355 3331 5401 :zsst‘t‘i
3386 5354 3527 5408 (tum
3565 5369 3591 5402 ξι

2028 5451 2176 5501 nullo
2209 5459 2515 5499 nuslrnrttm
2549 5449 2724 5499 audivi
2766 5448 2934 5510 Μαίη),
2975 5457 3022 5495 εἶ’(
3057 5445 3280 5508 proinde.
3315 5445 3426 5495 ίμιύ
3465 5461 3597 5500 (tum

2027 5553 2131 5607 que
2153 5538 2274 5593 aliis
2304 5540 2538 5609 maligne
2569 5539 2727 5606 adjici
2758 5554 2771 5589 ε
2804 5538 2947 5590 idem
2972 5537 3116 5588 enim
3144 5547 3224 5588 est
3257 5552 3318 5588 ea
3346 5551 3466 5604 «tuae
3489 5553 3594 5590 non
