3912 6188
353 353 489 419 12105

1627 381 1725 439 DE
1773 382 2322 444 II'ESYCII'A'S'I‘IS.

3462 402 3596 463 1106

321 480 533 550 ἑκάστῳ
571 482 626 534 τὸ
677 487 952 554 προσῆκον
979 502 991 515 ·
1031 491 1148 552 ταῖς
1186 493 1285 558 μὲν
1323 493 1658 564 αἰσθήσεσιν,
1702 495 1777 553 ὧν
1833 519 1858 554 τ

1970 508 1990 557 ι
2025 497 2203 553 bimus
2236 502 2364 570 quid
2405 514 2740 574 etquantnm
2788 514 3199 576 apprehendere
3249 514 3501 580 debeant,
3539 529 3592 572 et

322 574 416 626 καὶ
453 574 536 642 ἐφ’
566 576 691 629 ὅσον
756 579 910 632 ἐστὶν
961 580 1321 653 ἀντιληπτέον
1349 604 1361 617 ·
1402 588 1463 639 τὸ
1499 589 1660 658 ἔργον
1717 594 1772 644 δὲ
1801 597 1893 646 τοῦ

321 666 509 733 νόμον,
531 668 688 718 τοῦτο
709 671 1174 740 προσαγορεύεται
1210 676 1511 747 ἐγκράτεια
1545 699 1558 712 υ
1602 683 1679 752 τῷ
1703 683 1758 736 δὲ
1793 704 1892 738 πα·

319 759 526 828 θητικῷ
557 761 714 831 μέρει
749 766 844 833 τῆς
873 764 1070 836 ψυχῆς,
1102 770 1201 839 τὴν
1264 771 1496 843 ἀρίστην
1558 776 1893 846 ὲμποιοῦμευ

315 849 450 913 ἕξιν.
504 851 717 922 ’Λγάπη
735 854 778 906 δ’
813 854 972 924 ἔσχεν
1025 858 1160 928 αὕτη
1191 860 1289 931 τὴν
1329 864 1649 935 ἐπωνυμίαν
1685 883 1698 898 ⁶
1758 868 1893 922 ἀλλὰ

315 943 494 995 καὶτὸ
542 942 872 1012 λογιστικὸν,
903 949 991 1002 διὰ
1033 951 1221 1004 τούτου
1264 954 1605 1026 βελτιοῦμεν,
1636 960 1891 1030 ἀποπεμ-

313 1039 540 1103 πόμενοι
573 1039 681 1090 πᾶν
711 1039 738 1090 ὅ
759 1055 812 1091 τι
845 1042 1207 1111 προσίσταται
1257 1049 1326 1116 τῇ
1353 1047 1582 1120 διανοίᾳ,
1625 1051 1760 1121 πρὸς
1794 1054 1892 1122 τὴν

312 1128 390 1189 είς
411 1128 544 1179 θεὸν
564 1129 872 1185 ἀνάνευσιν.
912 1131 1198 1203 Καλοῦμεν
1221 1136 1277 1189 δὲ
1305 1140 1456 1191 τουτὶ
1482 1140 1543 1191 τὸ
1579 1142 1766 1210 μόριον
1798 1143 1889 1194 τοῦ

311 1221 479 1287 νόμου
541 1220 760 1282 τούτου,
795 1221 978 1291 νῆψιν.
1024 1225 1356 1298 Ἐγκρατείᾳ
1385 1227 1444 1282 δέ
1496 1247 1580 1293 τις
1610 1233 1671 1282 τὸ
1731 1232 1889 1302 σῶμα

312 1312 559 1382 καθάρας
581 1313 799 1380 ἑαυτοῦ,
827 1314 997 1384 θυμόν
1021 1333 1080 1369 τε
1129 1321 1222 1372 καὶ
1274 1321 1571 1392 ἐπιθυμίαν
1633 1326 1888 1395 ἀφορμὴν

309 1405 521 1474 ἀρετῶν
546 1405 614 1457 δι’
643 1406 863 1477 ἀγάπης
891 1407 1040 1472 θείας
1068 1411 1454 1482 ποιησάμενος,
1471 1415 1566 1468 καὶ
1596 1416 1718 1469 νοῦν
1738 1421 1885 1471 ἀπει-

308 1499 691 1570 λικρινημένον
720 1501 788 1552 δι’
819 1500 984 1570 εὐχῆς
1014 1505 1375 1574 παραστήσας
1419 1504 1496 1575 τῷ
1525 1507 1665 1576 θεῷ,
1691 1512 1885 1562 κτᾶται

305 1593 403 1644 καὶ
431 1593 535 1662 ὁρᾷ
565 1593 622 1643 ὲν
650 1591 830 1661 ἐαυτῷ
858 1593 958 1661 τὴν
987 1594 1406 1666 ἐπηγγελμένην
1438 1599 1598 1669 χάριν
1645 1603 1757 1663 τοῖς
1796 1618 1884 1653 κε-

307 1685 670 1756 καθαρμένοις
688 1684 786 1755 τὴν
805 1685 1032 1756 καρδίαν
1060 1703 1075 1717 ·
1106 1689 1199 1740 καὶ
1231 1687 1341 1741 τότ’
1366 1690 1432 1742 ἂν
1457 1689 1712 1763 δυνηθείη
1748 1697 1884 1764 μετα

304 1777 520 1830 Παύλου
554 1776 754 1846 λέγειν,
791 1777 872 1830 ὅτι
913 1797 932 1828 ι
994 1777 1052 1830 Ὀ
1081 1778 1212 1842 Θεὸς
1258 1782 1286 1833 δ
1319 1781 1491 1851 εἰπὼν
1541 1784 1607 1836 ἐκ
1657 1787 1882 1850 σκότους

304 1869 423 1938 φῶς
451 1869 684 1944 λάμψαι,
725 1869 784 1932 ὃς
831 1869 1074 1941 ἔλαμψεν
1128 1872 1186 1924 ἐν
1243 1877 1366 1938 ταῖς
1399 1877 1648 1946 καρδίαις
1699 1880 1877 1949 ἡμῶν,

302 1961 440 2032 πρὸς
490 1962 773 2031 φωτισμὸν
825 1963 926 2032 τῆς
957 1961 1212 2029 γνώσεως
1241 1966 1342 2033 τῆς
1380 1967 1536 2038 δόξης
1572 1969 1666 2022 τοῦ
1719 1971 1877 2035 θεοῦ,

299 2057 358 2106 ἐν
389 2052 664 2124 προσώπῳ
730 2053 902 2123 Ἰησοῦ
955 2055 1214 2124 Χριστοῧο
1269 2078 1289 2109 ⁸
1322 2059 1558 2130 Ἔχομεν
1608 2063 1686 2129 δὲ’
1725 2069 1874 2133 φησὶν

297 2146 391 2200 τὸν
459 2147 731 2217 θησαυρὸν
775 2147 962 2201 τοῦτον
1009 2150 1069 2202 ὲν
1097 2151 1441 2221 ὀστρακίνοις
1493 2155 1735 2223 σκεύεσι,
1765 2161 1878 2220 τοῖς

298 2240 574 2308 σώμασινο
606 2244 654 2293 εί
686 2240 778 2294 τὸν
809 2241 934 2294 νοῦν
965 2243 1123 2313 ἡμῶν
1156 2245 1336 2296 αὐτῶν
1361 2245 1509 2298 ἔνδον
1559 2247 1654 2300 τοῦ
1687 2249 1874 2319 σώμα-

294 2349 390 2395 τος
417 2332 736 2402 καθέξομεν,
765 2333 1000 2399 ἀναξίως
1040 2335 1138 2405 τῆς
1175 2337 1544 2406 μεγαλοφυῖας
1594 2340 1901 2410 πράξομεν-

295 2425 394 2477 τοῦ
425 2425 546 2491 νοῦ;
585 2428 692 2479 Καὶ
731 2427 814 2490 τίς
854 2428 919 2480 ἀν
950 2427 1094 2480 τοῦτ’
1120 2429 1288 2494 εἴποι,
1324 2432 1399 2501 μὴ
1431 2431 1512 2485 ὃτι
1567 2449 1874 2502 πνευματι-

295 2519 414 2583 κδς,
447 2519 584 2571 ἀλλὰ
638 2521 733 2571 καὶ
781 2519 905 2572 νοῦν
963 2524 1390 2589 γεγυμνωμένον
1438 2522 1588 2586 θείας
1628 2524 1870 2594 χάριτος,

293 2608 582 2684 ανθρώπου
618 2610 664 2663 δ’
693 2613 840 2681 ὅμως
875 2613 1045 2682 ἔχωνς
1085 2615 1236 2669 Ἐπεὶ
1264 2615 1320 2668 δὲ
1352 2617 1445 2668 καὶ
1475 2617 1535 2669 ἒν
1568 2619 1683 2680 ἐστι
1707 2617 1870 2670 πολυ-

282 2692 522 2761 ὀύναμον
577 2696 807 2766 πρᾶγμα
835 2699 868 2764 ἠ
907 2697 1032 2750 καθ’
1094 2702 1244 2770 ἡμᾶς
1289 2703 1456 2774 ψυχὴ,
1489 2706 1690 2776 χρῆται
1712 2708 1758 2762 δ’
1785 2709 1864 2773 ὡς

277 2785 522 2854 ὀργάνῳ,
561 2785 638 2856 τῷ
669 2787 770 2858 ζῇν
795 2791 916 2842 κατ’
947 2790 1119 2861 αὐτὴν
1151 2796 1416 2860 πεφυκάτι
1449 2795 1694 2866 σώματι,
1720 2807 1865 2854 τισιν

277 2878 352 2938 ὡς
377 2877 629 2949 ὀργάνοις
651 2881 906 2952 χρωμένη
924 2883 1138 2954 ἐνεργεῖ
1166 2886 1199 2955 ἡ
1220 2885 1449 2957 δύναμις
1478 2891 1672 2959 αὑτῆςς
1696 2891 1860 2960 αὕτη,

275 2972 344 3037 ἣν
363 2970 635 3040 καλοῦμεν
653 2972 802 3024 νοῦν⁹
822 2975 916 3026 καὶ
939 2974 1072 3027 ἀλλὰ
1093 2977 1160 3044 γά
1173 2977 1385 3046 ρούδείς
1404 2979 1521 3033 ποθ’
1541 2981 1860 3054 ὑπενόησεν,

271 3060 386 3113 οὔτ’
416 3064 507 3114 ἐπὶ
539 3066 648 3124 τοῖς
668 3063 868 3130 ὄνυξιν,
890 3065 1000 3133 οὔτ’
1025 3070 1081 3119 ἐν
1102 3070 1214 3131 τοῖς
1237 3069 1550 3140 βλεφάροις,
1573 3073 1696 3126 οὐδὲ
1735 3092 1860 3142 μεν-

271 3151 368 3204 οὖν
408 3155 466 3205 ἐν
503 3157 612 3215 τοῖς
643 3156 971 3227 μυκτῆρσιν,
1005 3159 1038 3228 ἦ
1071 3161 1184 3222 τοῖς
1230 3161 1495 3230 χείλεσιν,
1556 3163 1856 3234 ἐνῳκισμέο

273 3261 372 3311 νην
403 3237 542 3296 εἶναι
581 3248 681 3315 τὴν
713 3246 975 3299 διάνοιαν·
1019 3249 1170 3312 ἐντὸς
1195 3249 1239 3302 δ’
1272 3251 1406 3320 ἡμῖν
1434 3253 1656 3319 ἐνεῖναι,
1692 3255 1856 3305 πᾶσιν

271 3335 414 3404 αὕτη
465 3338 730 3392 συνδοκεῖ.
756 3339 1134 3410 Διηνέχθησαν
1175 3342 1232 3394 δέ
1280 3361 1450 3408 τινες,
1502 3345 1608 3397 τίνι
1664 3346 1854 3416 τρίπῳ

267 3427 346 3490 ὡς
385 3429 602 3500 ὀργάνῳ
645 3431 843 3502 χρῆται
887 3433 966 3502 τῷ
1020 3435 1190 3495 ἐντός.
1243 3437 1306 3489 Οί
1353 3437 1452 3508 μὲν
1503 3439 1633 3508 γάρ,
1662 3438 1737 3501 ὼς
1765 3439 1852 3491 ἐπ’

265 3522 559 3590 ἀκροπόλει
585 3525 714 3589 τινὶ,
742 3525 818 3595 τῷ
845 3527 1136 3598 ἐγκεφάλῳ
1157 3529 1363 3599 ταύτην
1390 3531 1727 3600 ἐνιδρύουσιν
1753 3549 1766 3561 ο
1797 3533 1847 3585 αἱ

262 3612 323 3664 δὲ
353 3616 452 3684 τῆς
483 3616 710 3686 καρδίας
745 3619 806 3670 τὸ
839 3620 1188 3688 μεσαίτατον,
1222 3622 1319 3674 καὶ
1351 3623 1410 3674 τὸ
1441 3625 1558 3675 κατ’
1587 3622 1718 3676 αὐτὸ
1754 3623 1847 3676 τοῦ

262 3712 498 3782 ψυχικοῦ
557 3715 869 3785 πνεύματος
925 3719 1468 3791 ἀπειλικρινημένον,
1534 3721 1720 3792 ὄχημα
1769 3723 1848 3775 διε

261 3804 450 3858 ὃόασιν
496 3808 654 3879 αὐτῇ.
697 3809 887 3878 Ἡμεῖς
932 3812 989 3865 δὲ
1041 3814 1137 3866 καὶ
1187 3815 1362 3876 αὐτοὶ,
1387 3816 1436 3866 εἰ
1472 3817 1564 3868 καὶ
1599 3813 1735 3884 μήτε
1759 3816 1844 3868 ἓν·

259 3896 351 3950 δον
379 3897 453 3961 ὡς
483 3901 540 3953 ὲν
578 3903 808 3973 ἀγγείῳ,
856 3905 950 3957 καὶ
991 3906 1100 3975 γάρ
1164 3905 1481 3976 ἀσώματον,
1530 3907 1659 3976 μήτ’
1717 3907 1842 3973 ἔξω,

260 3989 358 4041 καὶ
397 3991 502 4062 γὰρ
558 3995 925 4064 συνημμένον,
959 3996 1077 4050 ἀλλ’
1127 3997 1185 4049 ἐν
1207 4000 1274 4068 τῇ
1304 3997 1504 4069 καρδία
1531 3999 1607 4062 ὡς
1657 4000 1714 4052 ἐν
1745 4001 1840 4069 ὀρ-

257 4079 430 4150 γάνῳ,
447 4082 509 4134 τὸ
523 4081 829 4150 λογιστικὸν
849 4088 882 4156 ἡ
892 4087 1009 4157 μῶν
1027 4083 1167 4140 εἶναι
1197 4089 1522 4158 ὲπιστάμεθ⁹
1549 4091 1796 4160 ἀκριϐῶς
1822 4105 1837 4119 ⁸

256 4171 320 4223 οὐ
368 4173 501 4242 παρ’
563 4175 852 4246 ἀνθρώπου
895 4177 1056 4231 τοῦτο
1103 4179 1470 4249 διδαχθέντες,
1502 4181 1638 4234 ἀλλὰ
1706 4185 1839 4252 παρ’

253 4262 418 4314 αὐτοῦ
451 4263 545 4316 τοῦ
589 4265 892 4331 πλάσαντος
940 4269 1031 4321 τὸν
1080 4269 1368 4340 ἄνθρωπον
1403 4312 1417 4336 ,
1469 4273 1528 4335 ὃς
1585 4290 1748 4344 φησιν
1779 4275 1838 4326 ὲν

251 4351 626 4421 Εὑαγγελίοις,
685 4358 832 4422 ὅπως
875 4377 892 4410 ι
935 4360 1010 4412 Οὐ
1064 4361 1134 4413 τά
1164 4362 1547 4433 εἰσερχόμενα,
1579 4365 1714 4420 ἀλλὰ
1767 4366 1838 4418 τά

257 4439 596 4512 ἐξερχόμενα
642 4445 731 4498 διὰ
764 4447 858 4500 τοῦ
896 4450 1166 4518 στόματος
1211 4456 1381 4508 κοινοῖ
1408 4453 1498 4507 τὸν
1524 4454 1833 4526 ἄνθρωπον·

2020 591 2121 645 hoc
2171 610 2309 661 opus
2361 596 2496 664 legis
2533 611 2755 654 voeatur
2809 607 3205 672 temperantia;
3239 609 3379 676 parti
3412 619 3590 664 autem

2015 683 2213 737 anitum
2245 685 2524 742 aﬂ‘ectibili
2569 691 2830 756 optimum
2881 693 3165 749 inferimus
3199 698 3468 765 habitum,
3497 702 3588 767 qui

1971 752 2170 829 'amor
2239 791 2604 851 nuncupatur;
2666 787 2774 837 vim
2837 785 3069 856 denique
3119 791 3438 844 rationalem
3491 793 3590 874 hac

2011 867 2126 940 lege
2159 871 2530 940 melioramus,
2562 877 2872 944 rejicientes
2901 884 3262 950 quodcunque
3296 883 3587 940 intellectui

2009 963 2193 1016 obstat
2223 967 2516 1033 quominus
2547 968 2609 1022 ad
2642 969 2808 1023 Deum
2849 976 3129 1036 ascendat,
3181 984 3235 1027 et
3267 977 3406 1030 hanc
3430 976 3574 1032 illius

2006 1055 2148 1123 legis
2186 1071 2400 1125 partem
2427 1060 2762 1129 appellamus
2795 1065 3154 1134 vigilantiam.

2077 1169 2462 1238 Temperantia
2513 1191 2677 1243 porro
2729 1180 2822 1245 qui
2881 1196 3077 1250 corpus
3130 1200 3282 1236 suum
3343 1198 3578 1254 purgat,

2003 1262 2248 1331 iramque
2279 1273 2333 1317 et
2365 1271 2874 1338 concupiscentiam
2925 1275 2976 1326 in
3011 1276 3271 1331 virtutum
3326 1278 3572 1334 fomitem

1999 1351 2178 1406 divina
2221 1357 2493 1412 charitate
2533 1363 2823 1426 convertit,
2872 1375 2925 1417 et
2955 1365 3284 1421 intellectum
3329 1375 3578 1426 oratione
3622 1363 3636 1376 “

1999 1447 2321 1499 Inundalum
2354 1447 2466 1502 Deo
2495 1452 2675 1518 oﬂert,
2710 1455 2801 1509 ille
2836 1458 3042 1525 potitur
3067 1468 3121 1512 et
3154 1462 3370 1514 videtin
3396 1465 3575 1532 seipso

1995 1539 2226 1605 gratiam
2253 1541 2469 1594 utundis
2517 1547 2684 1601 corde
2735 1551 3079 1617 promissam,
3109 1562 3162 1603 et
3215 1563 3340 1607 tunc
3393 1565 3570 1624 potest

1995 1627 2177 1682 dicere
2215 1645 2335 1684 cum
2368 1631 2534 1690 Paulo
2552 1637 2597 1667 ⁹⁰
2628 1660 2641 1693 :
2689 1658 2706 1691 ι
2750 1638 2894 1694 Deus
2917 1643 3010 1708 qui
3040 1643 3180 1696 dixit
3215 1645 3279 1697 de
3325 1649 3563 1701 tenebris

1992 1720 2168 1776 lucem
2225 1727 2628 1800 splendescere,
2665 1735 2784 1804 ipse
2836 1738 3017 1792 illuxit
3077 1739 3130 1793 in
3173 1742 3433 1797 cordibus
3475 1761 3567 1798 uo-

1993 1814 2143 1880 stris,
2178 1816 2245 1869 ad
2274 1818 2725 1878 illutniuationem
2774 1827 3020 1885 scientia:
3047 1831 3310 1886 claritatis
3342 1834 3460 1899 Dei,
3509 1835 3562 1887 in

1992 1902 2131 1958 facie
2177 1905 2382 1964 Christi
2449 1911 2598 1970 .le'su.
2671 1907 2945 1975 Habemus
3005 1933 3185 1976 autem
3245 1926 3559 1980 thesaurum

1997 1996 2161 2050 istum
2197 2000 2251 2053 in
2282 2004 2426 2059 vasis
2453 2006 2732 2077 ﬁctilibus,
2782 2029 2800 2062 ι
2835 2013 2886 2067 id
2917 2024 3001 2069 est
3031 2015 3084 2069 in
3111 2019 3447 2085 corporibus.
3501 2021 3556 2074 Si

1987 2101 2118 2156 ergo
2169 2091 2342 2161 ipsam
2398 2109 2632 2155 mentem
2689 2115 2930 2159 nostram
2969 2107 3123 2168 ,intra
3160 2123 3361 2178 corpus
3400 2121 3554 2168 tene-

1991 2185 2197 2254 bimus,
2229 2207 2356 2245 unm
2392 2195 2528 2262 quid
2545 2197 2806 2254 faciemus
2828 2202 3043 2258 sublimi
3071 2206 3269 2261 mentis
3299 2208 3559 2274 dignitate

1992 2275 2313 2346 indignum?
2339 2285 2438 2351 Qui
2467 2286 2571 2342 hoc
2606 2290 2835 2356 diceret,
2880 2295 3018 2349 haud
3064 2298 3238 2352 solum
3279 2315 3386 2354 non
3409 2314 3555 2357 esset

1987 2368 2315 2438 spiritualis,
2350 2379 2444 2430 sed
2472 2379 2716 2434 animum
2753 2385 2923 2454 gratia
2966 2387 3172 2454 divina,
3225 2392 3336 2446 imo
3361 2404 3416 2448 et
3452 2396 3553 2450 hu-

1983 2472 2142 2513 mana
2184 2464 2442 2519 nudatum
2467 2468 2709 2528 haberet.

2049 2571 2186 2628 Cum
2217 2588 2397 2632 autem
2430 2597 2532 2635 nua
2564 2598 2653 2638 res
2677 2586 2949 2645 sitmultis
2973 2593 3180 2660 pollens
3204 2595 3551 2658 facultatibus

1984 2665 2166 2721 anima
2200 2681 2413 2735 nostra,
2441 2684 2497 2728 et
2533 2677 2679 2730 velut
2709 2682 3082 2738 instrumento
3115 2695 3299 2743 utatur
3325 2707 3551 2762 corpore

1981 2758 2127 2824 quod
2170 2760 2433 2827 viviﬁcat,
2465 2782 2714 2834 quautam
2748 2783 2802 2827 ut
2831 2789 3033 2843 organa
3063 2781 3129 2833 ad
3175 2789 3568 2852 operationem

1978 2849 2204 2904 adhibet
2229 2853 2320 2907 illa
2361 2858 2479 2926 ejus
2527 2864 2794 2930 potentia,
2838 2882 3000 2936 quam
3048 2849 3305 2931 vocamus
3333 2880 3548 2937 intelle-

1973 2953 2143 2997 ctum.
2194 2943 2406 3002 Etenim
2463 2967 2622 3007 nemo
2677 2971 2912 3027 unquam
2970 2968 3276 3034 suspicatus
3343 2984 3428 3028 est
3492 2977 3544 3029 in

1975 3036 2265 3102 unguibus,
2298 3050 2388 3094 aut
2421 3042 2477 3096 in
2518 3048 2765 3115 pupillis,
2795 3069 2894 3108 nec
2932 3057 3098 3110 etiam
3128 3063 3179 3114 in
3211 3065 3430 3120 naribus
3452 3082 3546 3122 aut

1974 3125 2025 3178 in
2053 3126 2212 3182 labiis
2245 3131 2556 3192 inhabitare
2607 3139 3060 3213 intelligentiam;
3099 3167 3217 3207 eam
3250 3173 3377 3212 vero
3401 3159 3541 3218 intra

2785 3197 2886 3213 νη,
3046 3197 3060 3213 ,
3101 3197 3217 3207 η...
3258 3197 3541 3218 manu...

1889 3197 1933 3254 (ἶ
1967 3233 2067 3273 nos
2101 3235 2224 3276 esse
2257 3241 2450 3283 onlnes
2480 3236 2849 3302 consentiunt,
2889 3241 2982 3293 sed
3013 3246 3233 3312 quidam
3268 3249 3542 3320 disputant

1960 3326 2069 3378 quo
2093 3311 2345 3370 interiori
2376 3329 2563 3376 utatur
2582 3338 2809 3392 organo.
2842 3331 2948 3386 Alii
2975 3311 3119 3388 enim
3146 3354 3266 3394 eam
3299 3345 3444 3400 velut
3483 3348 3536 3401 in

1964 3419 2096 3459 arce
2122 3410 2359 3477 quadam
2391 3412 2444 3466 in
2486 3419 2714 3473 cerebro
2748 3435 2990 3490 ponunt:
3025 3430 3118 3483 alii
3169 3447 3296 3489 vero
3327 3449 3534 3505 partem

1957 3499 2162 3554 ventris
2201 3502 2456 3571 mediam,
2485 3517 2538 3562 et
2571 3513 2713 3578 quod
2757 3525 2842 3571 est
2884 3519 2938 3572 in
2989 3535 3054 3576 eo
3074 3524 3142 3576 ab
3171 3499 3390 3584 animali
3423 3536 3531 3602 spi-

1956 3586 2064 3640 ritu
2112 3605 2348 3659 purum,
2398 3607 2458 3650 ut
2485 3599 2685 3655 sedem.
2726 3605 2776 3659 ei
2822 3609 3122 3679 assignant.
3178 3615 3288 3672 Nos
3351 3586 3528 3678 autem

1954 3680 2078 3747 ipsi,
2104 3696 2171 3736 ne
2219 3684 2371 3741 intus
2402 3690 2555 3745 velut
2601 3694 2655 3747 in
2723 3711 2872 3762 vase,
2908 3702 3032 3770 quia
3093 3716 3178 3761 est
3210 3711 3525 3782 spiritualis,

1953 3787 2054 3829 nec
2086 3775 2256 3844 foris,
2289 3783 2416 3848 quia
2445 3795 2529 3838 est
2555 3788 2727 3854 unita,
2763 3793 2857 3845 sed
2885 3793 2937 3848 in
2967 3795 3129 3852 corde
3157 3803 3311 3868 quasi
3348 3806 3401 3859 in
3437 3824 3527 3862 or-

1948 3881 2089 3935 gano
2117 3882 2356 3926 mentem
2381 3891 2504 3931 esse
2537 3890 2779 3936 nostram
2817 3895 2969 3942 certo
2996 3892 3268 3961 novimus,
3315 3913 3423 3953 non
3456 3905 3524 3955 ab

1949 3957 2182 4014 homine
2210 3962 2263 4016 id
2299 3965 2502 4034 edocti,
2523 3973 2618 4026 sed
2649 3975 2716 4028 ab
2747 3975 2864 4046 ipso
2899 3993 3148 4040 creatore
3176 3957 3413 4046 hominis
3440 3995 3522 4046 di-

1945 4061 2104 4106 cente
2135 4053 2188 4107 in
2217 4055 2508 4131 Evangelio
2529 4064 2546 4094 ί
2580 4081 2595 4118 :
2623 4084 2644 4116 ι
2678 4067 2797 4121 Non
2829 4072 2972 4139 quod
3001 4074 3169 4131 intrat
3204 4080 3256 4134 in
3290 4098 3376 4146 os,
3423 4091 3516 4141 sed

1943 4145 2088 4210 quod
2131 4150 2373 4216 procedit
2424 4169 2491 4208 ex
2543 4172 2661 4220 ore,
2695 4159 2800 4216 hoc
2831 4165 3151 4235 coinquinat
3200 4173 3511 4243 hominem;

1939 4237 2010 4290 de
2033 4240 2198 4295 corde
2237 4244 2408 4312 enim,
2439 4247 2636 4317 inquit,
2685 4267 2886 4310 exeunt
2920 4262 3306 4330 cogitationes.
3344 4289 3362 4321 ι
3421 4271 3514 4328 Sic

1938 4329 2105 4383 etiam
2160 4347 2386 4405 magnus
2437 4338 2706 4400 Macarius
2741 4362 2757 4402 :
2789 4365 2807 4399 ι
2836 4348 2965 4419 Cor,
3003 4329 3102 4420 ait,
3145 4360 3281 4429 regit
3341 4374 3509 4419 totum
3584 4360 3604 4390 ⁵

1937 4434 2226 4492 organum,
2287 4437 2363 4492 et,
2398 4432 2444 4483 si
2473 4432 2714 4490 habenas
2767 4442 2950 4498 cordis
3009 4454 3195 4505 teneat
3246 4455 3509 4526 eliarit.-s,

246 4535 313 4585 ἐκ
343 4537 452 4604 γάρ
480 4538 581 4607 τῆς
614 4539 844 4608 καρδίας
868 4540 1209 4611 ἐξέρχονται,
1241 4547 1425 4615 φησὶν,
1445 4547 1780 4619 οίλογισμοί.
1810 4570 1828 4603 ι

1970 4526 2132 4583 egoat
2164 4518 2220 4572 in
2264 4525 2474 4579 cunctis
2531 4532 2953 4599 cogitationibus
2995 4551 3050 4594 et
3083 4547 3383 4605 membris:
3413 4551 3506 4609 hie

300 4574 313 4585 -
353 4574 451 4604 r-t'
491 4574 578 4607 ἐν»
615 4574 772 4607 ’θυνν-

244 4625 417 4678 Ταῦτ⁹
447 4627 555 4695 ἄρα
595 4633 689 4682 καὶ
717 4631 745 4681 ὁ
777 4631 950 4700 μέγας
978 4633 1302 4704 Μακάριος·
1353 4636 1415 4692 Ἢ
1464 4640 1661 4708 καρδία
1685 4681 1700 4703 ,
1729 4659 1835 4711 φη-

243 4717 350 4780 σὶν,
376 4718 696 4788 ἡγεμονεύει
724 4722 846 4775 ὅλου
877 4723 972 4776 τοῦ
999 4725 1232 4795 ὀργάνου
1253 4744 1266 4759 ·
1298 4731 1391 4783 καὶ
1422 4731 1559 4785 ἐπὰν
1583 4735 1830 4806 κατάσχῃ

249 4808 339 4870 τάς
363 4811 535 4878 νομάς
565 4812 663 4882 τῆς
694 4814 920 4884 καρδίας
954 4817 988 4887 ἡ
1032 4819 1211 4889 χάρις,
1241 4820 1515 4889 βασιλεύει
1557 4823 1695 4877 ὅλων
1720 4826 1829 4878 τῶν

243 4901 537 4970 Αογισμῶν,
593 4906 687 4958 καὶ
741 4907 850 4958 τῶν
889 4907 1104 4977 μελῶν·
1141 4914 1260 4964 ἐκεῖ
1301 4913 1410 4983 γάρ
1451 4917 1600 4968 ἐστιν
1629 4919 1656 4970 ὁ
1681 4917 1825 4981 νοῦς,

241 4993 330 5042 καὶ
362 4993 562 5056 πάντες
586 4997 635 5048 οἱ
663 4995 915 5068 λογισμοὶ
936 5001 1035 5070 τῆς
1071 5005 1268 5073 ψυχῆς.
1300 5005 1510 5060 Οὐκοῦν
1541 5010 1572 5078 ἡ
1631 5011 1827 5081 καρδία.

241 5083 397 5151 ἡμῶν
452 5087 567 5139 ἐστι
613 5089 673 5140 τὸ
713 5090 806 5142 τοῦ
856 5082 1119 5162 λογισμοῦ
1156 5100 1423 5166 ταμεῖον,
1466 5103 1559 5153 καὶ
1607 5104 1824 5171 πρῶτον

238 5177 497 5243 ταρκικδν
525 5178 752 5246 ὄργανον
789 5181 1119 5250 λογιστικόν.
1180 5187 1254 5240 Τὸ
1305 5189 1483 5242 τοίνυν
1519 5191 1824 5259 λογιστικὸν

236 5265 391 5333 ἡμῶν
442 5269 497 5318 ἐν
552 5271 771 5339 ὀκριεεί
808 5275 969 5343 νήφει
1024 5276 1348 5343 σπεύδοντες
1394 5282 1821 5342 ἐπισκέπτεσθαι

235 5359 332 5409 καὶ
381 5357 647 5428 διορθοῦν,
697 5365 803 5416 τίνι
844 5366 989 5436 ἄλλῳ
1035 5369 1492 5442 ἐπισκεψαίμεθα,
1533 5381 1578 5430 εί
1627 5381 1699 5450 μὴ
1728 5381 1820 5437 τὸν

233 5451 601 5520 ἐκκεχυμένον
638 5457 728 5508 διὰ
782 5459 888 5510 τῶν
943 5461 1251 5538 αἰσθήσεων
1282 5467 1403 5520 νοῦν
1434 5471 1592 5538 ἡμῶν
1620 5472 1817 5537 ἔξωθεν

227 5546 651 5610 συναγαγόντες,
703 5553 836 5617 πρὸς
884 5552 953 5604 τὰ
1005 5555 1156 5617 ἐντὸς
1209 5559 1672 5633 ἐπαναγάγοιμεν,
1721 5570 1816 5622 καὶ

231 5635 364 5704 πρὸς
397 5637 568 5704 αὐτὴν
616 5641 818 5712 ταύτην
863 5644 961 5714 τὴν
994 5647 1238 5716 καρδίαν,
1296 5651 1356 5704 τὸ
1386 5653 1494 5706 τῶν
1536 5656 1812 5728 λογισμῶν

311 5793 353 5823 ⁴ε
389 5794 426 5847 ιι
465 5795 590 5853 αυτ.
630 5815 702 5866 ιν,
736 5801 788 5868 G,
818 5804 867 5858 7.
976 5808 990 5837 ¹
1017 5805 1331 5885 Manlian,
1370 5816 1457 5885 il,
1491 5819 1574 5876 l9.

1937 4608 2083 4662 enim
2111 4609 2418 4670 intellectus
2450 4629 2503 4671 et
2527 4633 2715 4677 omnes
2729 4637 2854 4679 sunt
2870 4630 3066 4685 animae
3085 4636 3465 4704 cogitationes.
3480 4663 3499 4695 ο

1937 4695 2046 4752 Cor
2079 4701 2243 4770 igitur
2285 4718 2529 4762 nostrum
2569 4721 2653 4766 est
2698 4719 2927 4772 rationis
2956 4724 3138 4790 sedes,
3175 4739 3228 4782 et
3264 4733 3501 4800 primum

1934 4793 2152 4846 carnale
2176 4796 2374 4851 mentis
2400 4813 2690 4870 organum.

2000 4926 2236 5006 Proinde
2271 4945 2512 4991 mentem
2552 4952 2796 4998 nostram
2833 4946 3076 5020 diligenti
3109 4959 3505 5024 studentes—vi-

1927 5019 2150 5088 gilantia
2208 5029 2522 5084 examinare
2554 5047 2618 5086 ac
2647 5051 2856 5107 regere,
2889 5060 2998 5110 quo
3033 5051 3193 5105 modo
3224 5054 3501 5112 discutia-

1932 5127 2073 5177 mus,
2110 5116 2217 5171 nisi
2249 5119 2584 5178 intellectum
2619 5139 2864 5187 nostrum
2895 5135 2962 5189 ad
2993 5143 3266 5200 exteriora
3321 5152 3498 5204 sensi-

1925 5203 2025 5258 bus
2057 5206 2315 5265 dill‘usuut
2355 5216 2754 5287 recolligentes,
2785 5227 2852 5279 ad
2905 5213 3488 5294 interiora'reduxeri-

1920 5313 2064 5364 mus,
2096 5311 2153 5355 et
2185 5305 2252 5356 ad
2291 5304 2468 5372 ipsum
2503 5323 2600 5364 eor
2624 5312 2781 5383 illud,
2810 5322 2953 5386 quod
2981 5334 3064 5378 est
3101 5328 3489 5394 cogitationum

1916 5389 2204 5446 thesaurus
2234 5391 2257 5444 ?
2281 5393 2581 5463 Propterea
2607 5401 2806 5474 dignus
2831 5425 2930 5464 suo
2959 5413 3179 5467 nomine
3196 5412 3488 5484 Macarius,

1915 5492 2031 5547 post
2065 5487 2226 5538 verba
2258 5488 2415 5554 paulo
2467 5497 2720 5562 superius
2754 5501 2938 5568 allata,
2972 5505 3102 5558 dicit
3138 5523 3153 5562 :
3197 5527 3214 5558 ι
3247 5509 3361 5563 Illic
3388 5510 3488 5576 igi-

1913 5583 2000 5625 tur
2056 5586 2265 5644 oportet
2317 5581 2540 5650 intueri,
2608 5604 2675 5642 au
2739 5591 3078 5664 inscripserit
3110 5599 3284 5666 gratia
3341 5601 3488 5671 leges

1913 5663 2170 5734 Spiritus.
2205 5688 2224 5722 ι
2272 5671 2410 5742 Illic,
2445 5679 2533 5734 ubi
2573 5680 2594 5733 ?
2625 5680 2679 5736 in
2711 5663 2958 5755 principe
2999 5704 3226 5761 organo,
3258 5695 3312 5749 in
3352 5694 3488 5751 cha-
