3962 6208
391 335 529 401 1107

1628 330 2013 391 GREGORH
2059 333 2246 392 [‘ALA
2261 334 2309 390 Μ

3498 325 3636 390 1108

390 454 569 508 ritatis
603 453 818 517 throno,
848 453 934 506 ubi
974 451 1282 506 intellectus
1309 459 1362 503 et
1385 463 1574 502 omnes
1607 457 1735 502 sunt
1767 445 1949 503 cordis

2073 454 2325 520 ταμεῖον;
2382 450 2480 502 Διὰ
2534 447 2690 501 τοῦτο
2744 447 2836 499 καὶ
2890 450 2918 500 6
2969 447 3308 518 φερωνύμως
3366 448 3655 517 Μακάριος

391 547 776 619 cogitationes,
812 547 862 599 in
889 545 1056 598 corde
1086 543 1358 598 videlicet.

457 637 648 695 Cernis
678 636 950 707 quomodo
977 635 1197 704 penitus
1215 634 1286 689 sit
1314 646 1539 688 necesse
1561 641 1617 687 ut
1649 633 1739 701 qui
1770 633 1958 687 volunt

386 733 443 785 in
474 730 658 799 quiete
687 728 906 783 sibimet
937 727 1242 791 attendere,
1282 726 1544 780 reducant
1583 734 1641 780 et
1676 725 1961 780 includaut

390 825 535 877 i'ntra
591 835 787 889 corpus
821 829 1078 884 mentem,
1140 833 1202 872 ac
1268 819 1570 886 praesertim
1633 819 1774 872 intra
1830 817 1959 871 illud

387 915 530 984 quod
562 923 646 967 est
672 912 907 966 maxime
934 912 1186 964 intimum
1223 911 1275 962 in
1305 924 1532 979 corpore
1561 924 1783 978 corpus,
1814 911 1960 978 quod

387 1021 584 1075 nempe
611 1021 708 1061 cor
729 1014 1089 1073 nuncupatur.
1110 1003 1262 1070 Quod
1286 1004 1352 1067 si,
1370 1003 1519 1072 juxta
1547 1001 1890 1060 Psalmistam
1915 1005 1959 1063 ',

392 1119 411 1152 ε
452 1099 643 1155 Omnis
679 1097 851 1168 gloria
882 1097 1005 1150 (ilia:
1031 1098 1170 1166 regis
1197 1095 1264 1148 ab
1291 1095 1456 1158 intus,
1499 1113 1516 1146 ι
1559 1095 1832 1162 quomodo
1860 1109 1960 1147 nos

383 1191 534 1246 illam
589 1190 723 1244 foris
757 1203 1062 1257 quaeramus
1095 1189 1118 1240 ?
1151 1185 1217 1240 Et
1255 1186 1322 1249 si,
1356 1187 1514 1256 juxta
1560 1185 1876 1255 Apostoinm
1916 1187 1956 1250 ³,

297 1329 304 1337 .
392 1304 413 1338 ε
448 1285 595 1340 Misit
653 1282 796 1337 Deus
831 1281 1092 1350 Spiritum
1127 1295 1286 1336 suum
1329 1281 1383 1332 in
1421 1280 1676 1334 cordibus
1737 1279 1940 1332 nostris

387 1379 714 1430 clamantem
745 1391 760 1430 :
790 1373 963 1434 Abba,
995 1373 1178 1434 Pater,
1222 1389 1240 1420 ι
1279 1386 1378 1424 cur
1414 1385 1518 1423 non
1545 1382 1596 1423 et
1633 1385 1732 1426 nos
1759 1371 1814 1423 in
1843 1369 1942 1424 cor

389 1466 549 1520 dibus
577 1461 781 1516 nostris
822 1475 944 1514 cum
973 1459 1186 1529 Spiritu
1221 1459 1570 1526 precabimur
1603 1459 1624 1510 '.’
1658 1457 1714 1512 Si
1758 1458 1964 1519 adhuc.

393 1566 455 1611 ut
514 1556 593 1609 ait
646 1551 1031 1622 prophetarum
1101 1561 1154 1605 et
1189 1551 1553 1620 apostolorum
1612 1550 1870 1604 Dominus
1917 1551 1956 1614 ⁵,

395 1666 414 1697 ι
452 1646 697 1716 Regnum
745 1643 1006 1698 cmlorum
1043 1641 1183 1694 intra
1227 1656 1327 1695 nos
1374 1651 1476 1705 est,
1516 1659 1534 1692 ι
1579 1655 1759 1696 nonne
1814 1653 1964 1694 extra

2071 543 2269 612 ἐφεξῆς
2297 542 2410 600 τοῖς
2442 541 2698 609 ἀνωτέρω
2721 539 2918 609 μικρὸν
2948 538 3264 608 εἰρημένοις
3302 539 3432 607 παρ’
3480 540 3549 591 αὑ
3563 540 3652 590 τοῦ

2073 647 2273 702 φησιν·
2328 631 2476 683 Ἐκεῖ
2516 630 2698 682 τοίνυν
2731 630 2811 681 δεῖ
2865 631 3109 693 σκοπεῖν,
3163 631 3210 681 εί
3271 629 3570 700 ἐνέγραψεν
3615 634 3648 699 ἡ

2071 727 2230 792 χάρις
2266 722 2393 784 τοὺς
2437 719 2530 774 τοῦ
2580 720 2892 790 πνεύματος
2921 721 3141 790 νόμους.
3187 721 3354 782 Ἐκεῖ,
3386 720 3520 784 ποῦς
3563 723 3653 774 Ἐν

2071 814 2149 882 τῷ
2202 813 2513 884 ἡγεμονικῷ
2558 813 2804 883 ὀργάνῳ·
2851 816 2907 864 ἐν
2951 812 3029 880 τῷ
3075 815 3173 882 τῆς
3228 818 3448 881 χάριτος
3478 813 3657 882 θρόνῳ

2071 909 2202 959 ὅπου
2233 909 2262 959 6
2291 908 2412 969 νοῦς
2453 909 2546 959 καὶ
2579 907 2629 958 υἱ
2676 906 2927 975 λογισμοὶ
2963 906 3164 968 πάντες
3209 904 3304 972 τῆς
3350 904 3527 974 ψυχῆς
3552 921 3565 934 ·
3598 907 3658 957 ἐν

2072 1004 2138 1068 τῇ
2191 999 2387 1071 καρδίᾳ
2436 998 2656 1068 δηλαδή·
2701 999 2866 1069 Ὁρᾷς
2920 997 3036 1059 πῶς
3069 997 3495 1063 ἀναγκαιότατον
3539 1002 3658 1058 τοῖς

2075 1091 2477 1162 προῃρημένοις
2516 1092 2573 1145 ἐν
2602 1090 2800 1160 ἡσυχία
2843 1090 3128 1160 προσέχειν
3176 1090 3406 1152 ἑαυτοῖς,
3477 1091 3653 1141 ἐπαν-

2073 1184 2225 1250 άγειν
2250 1183 2342 1234 καὶ
2363 1180 2765 1254 ἐμπερικλείειν
2794 1182 2872 1250 τῷ
2895 1181 3104 1250 σώματι
3133 1181 3223 1232 τὸν
3245 1179 3390 1242 νοῦν,
3424 1182 3514 1232 καὶ
3544 1183 3656 1248 μά-

2071 1275 2228 1327 λιστα
2253 1275 2330 1344 τῷ
2357 1276 2414 1327 ἐν
2434 1275 2510 1340 τῷ
2545 1271 2756 1340 σώματι
2795 1275 3059 1343 ἐνδοτάτω
3095 1275 3329 1342 σώματι,
3361 1273 3389 1324 ὃ
3421 1273 3652 1339 καρδίαν

2072 1366 2430 1435 ὀνομάζομεν.
2459 1366 2520 1417 Εἰ
2546 1366 2601 1418 δὲ
2623 1365 2717 1416 καὶ
2737 1364 2926 1436 [κατὰ]
2944 1364 3033 1417 τὸν
3051 1363 3374 1434 Ψαλμῳξόν·
3399 1383 3417 1414 ι
3443 1365 3600 1416 Πᾶσα
3618 1367 3652 1432 ἠ

2072 1465 2196 1528 δόξα
2245 1466 2343 1534 τῆς
2391 1461 2655 1531 θυγατρὸς
2717 1460 2813 1513 τοῦ
2881 1460 3145 1530 βασιλέως
3199 1458 3422 1523 ἔσωθεν,
3459 1476 3474 1507 ι
3534 1459 3654 1520 πῶς

2073 1557 2233 1624 ἡμεῖς
2277 1554 2448 1622 αὐτὴν
2493 1552 2595 1616 ἔξω
2628 1568 2731 1604 που
2762 1550 3127 1620 ζητήσωμενς
3169 1550 3229 1603 ΕΞ
3265 1550 3357 1602 καὶ
3385 1551 3525 1601 κατὰ
3555 1550 3650 1601 τὸν

2084 1646 2422 1707 ’Λπόστολον,
2463 1663 2482 1693 ι
2507 1645 2563 1696 Ὁ
2589 1644 2720 1706 Θεὸς
2742 1643 2941 1698 ἔδωκεν
2985 1641 3148 1694 αὐτοῦ
3179 1643 3239 1694 τὸ
3270 1642 3486 1711 πνεῦμα
3514 1645 3651 1711 κρά-

390 1751 616 1807 reguum
647 1735 918 1790 caelorum
957 1742 1038 1787 est
1071 1735 1161 1802 qui
1196 1746 1263 1785 ex
1298 1732 1489 1787 intima
1539 1733 1621 1787 sui
1655 1742 1828 1803 tparte
1885 1735 1959 1786 in-

2072 1740 2162 1804 ζον
2189 1740 2246 1790 ἐν
2292 1742 2413 1798 ταῖς
2457 1736 2706 1807 καρδίαις
2755 1734 2910 1805 ἡμῶν
2937 1751 2949 1763 ·
2987 1734 3153 1787 Ἀϐϐά
3175 1734 3202 1784 6
3230 1733 3440 1804 Πατὴρ,
3472 1752 3489 1783 ι
3527 1734 3650 1795 πῶς

397 1830 668 1886 tellectum
697 1826 974 1896 expellere
1027 1823 1316 1892 diligenter
1380 1822 1563 1878 studet
1593 1822 1664 1878 τι
1703 1824 1810 1879 Cor
1867 1841 1964 1878 no-

394 1930 593 1984 strum,
629 1917 706 1971 ait
761 1916 1018 1970 Salomon
1050 1915 1070 1946 ⁸
1103 1955 1117 1979 ,
1150 1915 1380 1985 inquirit
1405 1916 1746 1976 scientiam,»
1798 1930 1962 1983 quam

391 2011 536 2065 idem
592 2007 981 2077 intelligibilem
1017 2015 1071 2060 et
1122 2007 1361 2060 divinam
1422 2005 1729 2075 appellavit.
1779 2007 1842 2059 Et
1899 2008 1965 2059 ad

393 2103 538 2156 hanc
597 2097 784 2153 Patres
841 2105 1068 2152 cunctos
1121 2097 1476 2151 exhortantes
1509 2138 1523 2162 ,
1563 2117 1582 2148 ι
1629 2098 1963 2157 intellectus,

390 2194 666 2264 inquiunt,
728 2191 972 2260 perfecte
1027 2189 1324 2259 spiritualis
1385 2191 1652 2258 spirituali
1720 2191 1964 2245 induitur

389 2285 620 2342 scientia
646 2300 662 2350 ;
693 2297 857 2351 quam
916 2282 970 2335 in
1027 2280 1204 2346 nobis,
1240 2280 1365 2336 licet
1429 2283 1485 2336 in
1537 2282 1696 2336 nobis
1728 2299 1832 2337 non
1869 2285 1960 2349 sit,

389 2391 636 2450 quaerere
665 2390 732 2430 ne
754 2376 1089 2429 desinamus.
1127 2393 1148 2425 ι

461 2469 651 2532 Vides,
687 2467 732 2522 si
766 2469 888 2535 quis
933 2477 1159 2536 peccato
1194 2467 1454 2520 resistere
1494 2467 1642 2530 velit,
1677 2475 1732 2520 et
1787 2467 1964 2520 virtu-

391 2573 500 2618 tem
533 2561 818 2629 consequi,
879 2575 943 2612 ac
999 2559 1124 2613 boni
1179 2558 1497 2614 certaminis
1553 2559 1822 2622 bravium,
1877 2560 1961 2612 vel

391 2652 573 2723 potius
599 2651 818 2705 virtutis
869 2649 1043 2705 bravii
1079 2650 1294 2718 pignus,
1347 2664 1542 2718 nempe
1594 2664 1812 2704 sensum
1849 2653 1962 2718 spi-

389 2744 638 2801 rituaiem
666 2740 935 2808 invenire,
969 2742 1120 2796 intra
1145 2757 1307 2796 suum
1335 2756 1532 2812 corpus
1560 2749 1612 2796 et
1637 2742 1691 2796 in
1720 2743 1960 2812 seipsum

392 2847 623 2891 mentem
684 2833 909 2890 reducat
963 2847 1188 2888 necesse
1241 2841 1346 2888 est.
1398 2833 1502 2888 Sed
1553 2844 1816 2898 mentem,
1855 2851 1960 2889 non

389 2929 510 2980 dico
541 2937 696 2980 extra
722 2939 1014 2993 corporeas
1044 2925 1429 2993 cogitationes,
1467 2925 1561 2980 sed
1598 2934 1755 2980 extra
1783 2926 1959 2995 ipsum

392 3032 594 3087 corpus
650 3017 905 3078 educere,
962 3024 1019 3069 ut
1048 3016 1158 3071 illic
1186 3016 1526 3086 spiritalibus
1566 3019 1804 3086 gaudeat
1831 3034 1963 3074 con-

386 3106 854 3177 templationibus,
912 3106 1017 3160 hoc
1051 3113 1134 3159 est
1177 3119 1452 3160 summum
1485 3106 1693 3160 ethnici
1729 3108 1958 3172 erroris,
1991 3124 2034 3179 ο

385 3213 442 3256 et
471 3198 650 3255 omnis
692 3197 848 3254 mala:
881 3196 1145 3252 doctrina:
1180 3197 1304 3252 fons
1340 3206 1504 3265 atque
1537 3199 1686 3252 radix
1713 3241 1727 3263 ,
1761 3200 1935 3254 daemo

390 3309 524 3351 num
559 3294 834 3348 inventum
873 3306 940 3346 ac
971 3293 1380 3357 documentum,
1421 3292 1742 3360 ignorantiae.
1779 3304 1958 3347 mater

386 3397 442 3442 et
462 3385 692 3441 insaniae
723 3383 856 3439 lilia.
888 3383 1015 3438 Ideo
1062 3381 1152 3451 qui
1203 3381 1495 3451 loquuntur
1551 3398 1619 3437 ex
1659 3384 1947 3438 damonuu

384 3478 665 3544 instinctu,
694 3489 762 3531 ex
795 3475 990 3546 seipsis
1025 3473 1316 3537 excedunt,
1351 3489 1420 3529 ne
1444 3475 1494 3528 id
1513 3475 1730 3542 quidem
1755 3475 1960 3533 intelli.

381 3583 572 3642 gentes
598 3569 738 3640 quod
769 3568 978 3624 dicunt.
1002 3565 1112 3622 Nos
1137 3580 1266 3621 vero
1297 3581 1402 3620 non
1446 3567 1619 3621 solum
1652 3567 1790 3621 intra
1838 3584 1962 3623 cor-

383 3679 487 3735 pus
514 3671 573 3719 et
602 3677 717 3726 cor,
745 3660 842 3717 sed
874 3667 928 3714 et
951 3661 1094 3713 intra
1124 3659 1353 3727 seipsam
1375 3657 1686 3713 reducimus
1706 3667 1960 3713 utentem.

457 3755 844 3825 Respondeaut
899 3753 1067 3822 igitur
1126 3753 1216 3820 qui
1241 3751 1429 3805 dicunt
1478 3753 1618 3805 hanc
1663 3765 1774 3804 non
1840 3766 1964 3805 esse

383 3843 722 3905 distinctam,
746 3839 840 3894 sed
870 3840 1079 3894 unitam
1115 3839 1333 3904 animm,
1365 3839 1643 3909 quomodo
1667 3838 1790 3907 quis
1819 3839 1962 3894 intra

382 3949 444 3989 se
493 3942 725 3989 mentem
759 3928 1025 3986 reﬂectat.
1077 3929 1365 3998 Ignorant,
1401 3938 1464 3984 ut
1497 3931 1733 3995 videtur,
1789 3932 1960 3985 aliam

383 4040 506 4081 esse
533 4026 729 4082 mentis
756 4023 1078 4088 essentiam,
1118 4033 1172 4075 et
1196 4023 1355 4081 aliam
1397 4024 1515 4089 ejus
1547 4023 1959 4093 Operationem.

385 4117 483 4174 Vel
538 4118 720 4186 potius
761 4113 820 4172 id.
881 4117 1143 4179 scientes,
1190 4114 1579 4183 deceptoribns
1628 4114 1772 4167 ultro
1833 4129 1964 4168 sese

383 4211 736 4275 addiderunt.
793 4225 824 4265 e
874 4210 1162 4264 verborum
1222 4207 1684 4263 eonsimilitudine
1718 4207 1964 4275 captiun-

382 4308 536 4358 culas
559 4311 820 4359 eruentes
865 4315 883 4358 ;
924 4299 1016 4368 qui
1043 4299 1186 4353 enim
1217 4311 1286 4352 ex
1321 4297 1605 4351 dialeCtica
1639 4298 1705 4350 ad
1742 4306 1963 4351 contra—

385 4395 654 4451 dictiones
681 4399 1048 4453 exacuuntur,
1075 4387 1224 4454 juxta
1257 4403 1518 4456 magnum
1569 4387 1850 4455 Basilium,
1877 4405 1964 4444 re-

385 4483 586 4552 jiciuut
620 4479 923 4552 spirituaiis
950 4477 1214 4533 doctrinae
1241 4477 1677 4546 simplicitatem,
1708 4485 1762 4534 et
1795 4493 1956 4534 ever-
1996 4472 2036 4530 D

390 4585 512 4629 tunt
544 4573 652 4630 vim
697 4569 989 4638 veritatis,‘
1007 4570 1057 4625 ci
1087 4571 1415 4639 opponendo
1445 4565 1640 4625 falsam
1675 4572 1959 4627 scientiam

386 4677 442 4725 et
471 4667 861 4737 sophismatum
887 4662 1324 4735 argutiunculas.
1356 4663 1423 4721 Et
1444 4662 1526 4717 sic
1549 4673 1716 4733 agant
1742 4679 1964 4720 necesse

386 4761 597 4831 estqui
656 4775 763 4816 non
822 4767 952 4814 sunt
1007 4756 1340 4828 spirituales,
1374 4765 1428 4811 et
1467 4771 1528 4811 se
1555 4756 1746 4827 dignos
1780 4768 1962 4815 tamen

390 4855 598 4909 ducunt
629 4853 718 4922 qui
753 4850 1062 4922 spiritualia
1091 4848 1341 4918 judicent
1375 4864 1440 4905 ac
1494 4851 1746 4906 doceant.
1777 4851 1965 4922 Neque

389 4947 535 5000 enim
558 4946 810 5016 ignorant
842 4953 1074 4998 mentem
1110 4957 1215 4996 non
1251 4957 1374 4997 esse
1405 4943 1549 4997 oculi
1585 4945 1842 5009 similem,
1872 4947 1962 5018 qui

389 5048 593 5093 caetera
634 5034 868 5090 visibiiia
893 5033 1106 5097 videns,
1138 5033 1380 5103 seipsum
1409 5049 1516 5086 non
1549 5034 1714 5088 videt.
1748 5033 1852 5090 Sed
1881 5038 1964 5089 in-

390 5131 641 5187 teilectus
665 5127 736 5183 ad
773 5127 882 5182 alia
921 5127 1142 5196 quidem
1185 5140 1306 5196 quae
1335 5126 1606 5193 inspicere
1642 5128 1826 5193 debet,
1880 5129 1963 5182 di-

386 5232 539 5279 recto
571 5233 632 5277 se
662 5229 844 5276 movet
871 5226 1043 5283 motu,
1077 5226 1138 5271 ut
1173 5219 1251 5272 ait
1281 5233 1506 5282 magnus
1544 5217 1830 5289 Dionysius
1864 5239 1878 5288 ;
1907 5225 1958 5276 in

387 5316 624 5385 seipsatn
655 5321 835 5366 autem
869 5309 1187 5374 revertitur,
1224 5323 1347 5362 cum
1382 5323 1504 5363 sese
1537 5324 1692 5364 mens
1714 5314 1961 5381 respicit,

384 5407 529 5477 quod
553 5413 758 5460 motum
792 5402 1048 5457 reﬂexum
1080 5399 1222 5454 idem
1260 5399 1459 5455 ibidem
1501 5415 1682 5459 vocat.

453 5499 583 5555 Haec
631 5512 795 5569 porro
858 5493 1170 5549 intellectus
1227 5495 1473 5560 Operatio
1517 5498 1709 5550 melior
1767 5507 1849 5552 cst
1910 5509 1964 5552 ct

387 5593 558 5662 magis
598 5586 840 5659 propria,
885 5599 984 5655 per
1017 5598 1181 5652 qnam
1217 5597 1383 5658 supra
1408 5585 1644 5653 scipsum
1670 5588 1961 5658 aliquando

461 5768 480 5798 ²
525 5763 667 5820 Psat.
696 5781 840 5834 thv,
868 5767 956 5822 M.
1033 5764 1054 5798 ³
1078 5763 1256 5820 Galat.
1291 5780 1364 5831 tv,
1396 5764 1445 5819 6.
1525 5767 1544 5798 ‘
1567 5767 1697 5823 Luc.
1730 5769 1968 5836 xvnﬂl.

2070 1832 2233 1900 ἡμεῖς
2261 1831 2361 1882 οὐκ
2405 1832 2462 1882 ἐν
2507 1830 2697 1890 αὑταῖς
2733 1825 3098 1895 συνευξόμεθα
3129 1825 3206 1895 τῷ
3240 1826 3556 1893 ιΙ-εεύματι;
3587 1825 3647 1875 ΕΞ

2069 1922 2126 1974 δὲ
2154 1921 2294 1974 κατὰ
2342 1921 2432 1972 τὸν
2485 1917 2780 1990 προφητῶν
2827 1918 2922 1970 καὶ
2964 1915 3276 1970 ἀποστόλων
3336 1915 3560 1986 Κύριον,
3612 1917 3646 1983 ἡ

2073 2012 2320 2082 βασιὶεῖοι
2354 2013 2460 2064 τῶν
2512 2011 2755 2081 οὐρανῶν
2801 2009 2952 2072 ἐντὸς
3003 2008 3159 2079 ἡμῶν
3208 2012 3344 2068 ἐστι,
3395 2008 3511 2069 πῶς
3545 2009 3648 2060 οἰκ

2069 2107 2172 2170 ἔξω
2217 2109 2310 2158 καὶ
2338 2107 2433 2175 τῆς
2480 2106 2586 2156 τῶν
2633 2105 2877 2173 οὐρανῶν
2937 2101 3207 2172 βασιλείας
3254 2101 3451 2167 γένοιτ’
3492 2102 3580 2162 ἂν,
3619 2105 3649 2153 ὁ

2068 2196 2175 2248 τῶν
2231 2195 2377 2257 ἐντὸς
2432 2193 2626 2249 ἑαυτοῦ
2674 2195 2765 2246 τὸν
2820 2193 2940 2246 νοῦν
3007 2191 3221 2259 ἐξάγειν
3259 2192 3345 2244 διά
3407 2193 3650 2261 σπουδῆς

2020 2352 2028 2361 1
2071 2289 2388 2357 ποιούμενος
2414 2305 2428 2352 ;
2460 2285 2699 2356 «Καρδία
2726 2285 2881 2356 ὀρθὴ,
2935 2285 3099 2354 φησὶν
3129 2286 3156 2337 6
3181 2283 3450 2352 Σολομὼν,
3493 2282 3653 2352 ζητεί

2069 2382 2381 2451 uictimam-3
2426 2381 2494 2450 ἢν
2545 2381 2574 2431 6
2626 2378 2789 2441 αὐτὸς
2835 2379 3028 2448 νοερὲιν
3063 2377 3156 2430 καὶ
3205 2376 3355 2428 θείαν
3409 2374 3652 2443 ἀλλαχοῦ

2069 2477 2429 2542 προσείρηκε·
2477 2473 2613 2543 πρὸς
2639 2473 2706 2544 ἦν
2734 2473 2782 2524 oi
2827 2472 3069 2540 Πατέρες
3100 2469 3306 2530 πάντας
3337 2467 3650 2537 προτρεπός

2071 2583 2241 2634 μενοι,
2285 2565 2448 2630 Νοῦς,
2494 2566 2650 2635 φασὶ,
2697 2565 2879 2635 νοερὸς
2927 2564 3164 2627 πάντως,
3201 2563 3293 2614 καὶ
3323 2560 3514 2629 νοεράν
3558 2559 3651 2609 αἴ-

2071 2657 2260 2725 σθησιν
2290 2658 2675 2728 περιϐέϐληται
2698 2673 2713 2688 ο
2759 2657 2826 2728 ἣν
2876 2657 2934 2709 ἐν
2967 2657 3118 2725 ἡμῖν,
3149 2655 3245 2706 καὶ
3282 2653 3386 2705 οὐκ
3422 2653 3481 2702 ἐν
3507 2651 3649 2721 ἡμῖν

2070 2745 2236 2808 οὖσαν
2277 2749 2633 2818 ἐκζητοῦντες
2677 2749 2752 2819 μὴ
2797 2731 3155 2817 παυσώμεθα.
3203 2745 3364 2815 Ὁρᾷς
3410 2744 3493 2795 ὅτι
3544 2739 3652 2794 κᾶν

2074 2846 2210 2916 πρὸς
2239 2849 2337 2918 τὴν
2383 2851 2654 2920 ἁμαρτίαν
2703 2855 3163 2924 άντικαταστῆναι
3189 2872 3272 2918 τις
3295 2855 3658 2925 προθυμηῦᾖ,

2077 2941 2177 2993 κᾶν
2206 2941 2304 3008 τὴν
2337 2942 2536 3011 ἀρετὴν
2589 2944 3057 3012 προσκτήσασθαι,
3096 2946 3200 2998 κᾶν
3249 2946 3342 2998 τοῦ
3373 2946 3496 2998 κατ’
3527 2948 3662 3014 ἀρε-

2073 3031 2172 3101 τὴν
2202 3033 2367 3086 ἄθλου
2394 3035 2452 3085 τὸ
2485 3035 2759 3103 βραϐεῖον,
2795 3037 2994 3104 μᾶλλον
3026 3039 3080 3090 δὲ
3109 3038 3199 3090 τὸν
3231 3039 3529 3108 ἀρραϐῶνα
3561 3041 3660 3092 τοῦ

2075 3125 2418 3194 κατ’άρετὴν
2463 3125 2713 3194 βραϐείου
2741 3128 2838 3197 τὴν
2880 3127 3133 3198 αἴσθησιν
3163 3129 3260 3199 τὴν
3312 3130 3530 3198 νοεράν,
3564 3132 3660 3181 εὖ-

2077 3217 2190 3286 ρεῖν
2244 3217 2391 3280 ἐντὸς
2441 3218 2533 3273 τοῦ
2580 3235 2638 3270 τε
2693 3217 2964 3286 σώματος,
3013 3222 3106 3274 καὶ
3153 3220 3350 3274 ἐαυτοῦ
3396 3224 3488 3274 τὸν
3530 3225 3660 3274 νοῦν

2076 3309 2447 3374 ἐπαναγαγεῖν
2465 3308 2711 3377 ἀνάγκης
2732 3309 2806 3361 Τὸ
2823 3309 2866 3360 δ’
2884 3309 2988 3374 ἔξω
3011 3311 3100 3362 τὸν
3120 3311 3240 3364 νοῦν
3261 3312 3321 3362 οὐ
3344 3312 3438 3364 τοῦ
3467 3329 3660 3379 σωμα-

2074 3396 2228 3450 τικοῦ
2277 3399 2644 3468 φρονήματος,
2677 3399 2793 3452 ἀλλ’
2825 3399 2988 3454 αὑτοῦ
3031 3403 3123 3454 τοῦ
3161 3402 3414 3470 σώματος
3457 3407 3654 3464 ποιεῖν,

2075 3487 2150 3549 ὡς
2175 3487 2289 3539 ἐκεῖ
2341 3489 2544 3558 νοεροῖς
2593 3489 2862 3558 θεάμασιν
2909 3492 3142 3560 ἐντύχοι.
3184 3492 3284 3560 τῆς
3328 3493 3657 3562 Ἑλληνικῆς

2076 3579 2193 3630 ἐστι
2227 3577 2429 3648 πλάνης
2469 3579 2600 3631 αὐτὸ
2649 3581 2708 3636 τὸ
2749 3572 3060 3650 κράτιστον.
3090 3583 3184 3634 καὶ
3214 3583 3398 3651 πάσης
3427 3585 3655 3636 κακώο-

2076 3669 2194 3734 ξίας
2227 3670 2355 3738 ῥίζα
2377 3674 2465 3724 καὶ
2494 3674 2644 3743 πηγή
2671 3689 2684 3700 ⁸
2710 3672 2981 3744 δαιμόνων
3005 3674 3222 3745 εὕρημα
3249 3678 3342 3728 καὶ
3377 3679 3658 3744 παίδευμα

2077 3762 2396 3829 γεννητικὸν
2425 3762 2631 3829 ἀνοίας,
2668 3767 2760 3818 καὶ
2811 3765 3187 3836 γέννηματῆς
3226 3768 3508 3830 ἀπονοίας.
3559 3771 3659 3823 At?)

2076 3853 2171 3905 καὶ
2225 3855 2270 3906 οἰ
2300 3853 2584 3916 λαλοῦντες
2631 3858 2695 3908 ἐκ
2736 3856 2836 3924 τῆς
2874 3857 2980 3910 τῶν
3026 3857 3296 3925 δαιμόνων
3341 3859 3654 3923 ἐπιπνοίας,

2076 3944 2429 4014 ἐξεστηκότες
2471 3947 2680 3999 ἑαυτῶν
2713 3947 2818 3999 είσι
2842 3964 2855 3978 ·
2885 3947 3008 4016 μηδ’
3039 3948 3169 4000 αὐτὸ
3193 3949 3347 4002 τοῦτο
3376 3951 3660 4014 συνιέντες

2076 4037 2105 4088 ὃ
2129 4055 2183 4090 τι
2209 4037 2478 4106 λέγουσιν.
2527 4038 2716 4107 Ἡμεῖς
2749 4039 2826 4102 δὲ,
2869 4041 2942 4109 μὴ
2973 4041 3134 4107 μόνον
3169 4043 3300 4095 εἴσω
3331 4041 3424 4094 τοῦ
3457 4043 3658 4112 σώμα-

2075 4145 2166 4191 τος
2213 4130 2305 4183 καὶ
2351 4131 2450 4199 τῆς
2487 4130 2732 4198 καρδίας,
2780 4130 2918 4183 ἀλλὰ
2971 4132 3064 4183 καὶ
3110 4131 3202 4184 τὸν
3248 4131 3431 4197 αὑτὸν,
3479 4133 3656 4189 αὑτοῦ

2077 4218 2242 4273 πάλιν
2289 4218 2581 4290 πέμπομεν
2613 4219 2704 4272 τὸν
2746 4219 2888 4274 νοῦν.
2918 4221 3414 4291 Κατηγορείτωσαν
3450 4225 3657 4278 οὐκοῦν

2077 4313 2126 4363 oi
2160 4310 2412 4380 λέγοντες
2450 4311 2524 4381 μὴ
2570 4312 2996 4382 κεχωρισμένον,
3030 4312 3145 4365 ἀλλ’
3175 4315 3361 4366 ἐνόντα
3477 4315 3654 4386 ψυχῇ,

2076 4402 2194 4467 πῶς
2230 4402 2296 4468 ἂν
2318 4398 2473 4466 αὖθις
2514 4403 2646 4458 εἴσω
2687 4405 2895 4475 πέμποι
2925 4424 3010 4470 τις
3038 4407 3131 4460 τὸν
3165 4408 3324 4472 νοῦν;
3365 4408 3653 4475 Ἀγνοοῦσι

2076 4497 2206 4569 γάρ,
2233 4497 2308 4560 ὡς
2353 4496 2546 4561 ἔοικεν,
2595 4499 2677 4551 ὅτι
2729 4498 2856 4553 ἄλλο
2903 4500 3000 4568 μὲν
3053 4499 3209 4553 οὐσία
3256 4499 3394 4562 νοὸς,
3430 4500 3562 4554 ἄλλο
3591 4501 3652 4554 δὲ

2074 4589 2346 4660 ἐνέργεια.
2397 4590 2614 4643 Μᾶλλον
2657 4590 2713 4642 δὲ
2761 4590 2980 4652 εἰδότες,
3013 4594 3125 4653 τοῖς
3178 4591 3492 4646 ἀπατεῶσιν
3531 4592 3656 4644 ἐαυ-

2074 4681 2200 4745 τοὺς
2251 4682 2549 4747 συνέταξαν
2605 4683 2842 4748 ἑκόντες,
2883 4683 2970 4736 διὰ
3004 4686 3104 4753 τῆς
3139 4685 3456 4754 ὁμωνυμίας
3493 4703 3656 4752 σοφι-

2073 4773 2293 4842 ζόμενοι
2315 4790 2331 4806 ο
2365 4773 2440 4844 μὴ
2464 4775 2882 4844 καταδεχόμενοι
2912 4775 3021 4845 γὰρ
3049 4776 3109 4828 τὸ
3133 4776 3230 4846 τῆς
3270 4777 3657 4845 πνευματικῆς

2071 4864 2418 4928 διδασκαλίας
2451 4865 2676 4930 ἁπλοῦν,
2702 4867 2751 4919 οἱ
2775 4868 2840 4919 ἐκ
2860 4867 2960 4936 τῆς
2984 4868 3330 4935 διαλεκτικῆς
3365 4869 3507 4937 πρὶς
3548 4871 3657 4933 τὰς

2074 4955 2381 5022 ἀντιλογίας
2421 4958 2770 5026 ἠκονημένοι,
2819 4958 2959 5011 κατὰ
3009 4959 3098 5010 τὸν
3143 4958 3314 5027 μέγαν
3343 4960 3656 5025 Βασίλειον,

2073 5047 2465 5116 περιτρέπουσι
2513 5048 2611 5117 τὴν
2647 5049 2800 5118 ίσχὺν
2842 5050 2940 5116 τῆς
2982 5049 3236 5119 ἀληθείας
3269 5054 3333 5103 ἐκ
3367 5051 3474 5102 τῶν
3502 5054 3659 5104 άντι-

2073 5137 2276 5191 θέσεων
2303 5137 2403 5207 τῆς
2433 5138 2810 5215 ,ψευδωνύμου
2842 5139 3096 5206 γνώσεως
3121 5181 3135 5202 ,
3172 5143 3236 5208 τῇ
3298 5141 3662 5215 πιθανολογίᾳ

2070 5228 2178 5280 τῶν
2212 5229 2583 5299 σοφισμάτων.
2610 5231 2899 5293 Τοιούτους
2951 5231 3060 5300 γάρ
3106 5231 3185 5284 δεῖ
3232 5227 3373 5286 εἶναι
3412 5233 3540 5296 τοὺς
3573 5237 3660 5304 μὴ

2076 5320 2478 5391 πνευματικούς
2503 5336 2520 5352 ·
2557 5321 2653 5373 καὶ
2693 5322 2761 5374 τά
2793 5322 3140 5392 πνευματικὰ
3178 5324 3384 5393 κρίνειν
3428 5325 3527 5377 καὶ⁹
3575 5327 3663 5378 δι-

2071 5415 2292 5469 δάσκειν
2330 5417 2615 5481 ἀξιοῦντας
2660 5418 2904 5480 ἑαυτούς.
2960 5420 3035 5472 Οὐ
3064 5419 3172 5488 γὰρ
3203 5419 3265 5491 δὴ
3292 5421 3452 5474 τοῦτο
3496 5423 3660 5490 λέλη-

2073 5506 2162 5560 θεν
2193 5507 2407 5571 αῦτοὺς,
2442 5509 2523 5560 ὅτι
2567 5508 2664 5578 οὔχ
2713 5509 2787 5572 ὡς
2821 5510 3012 5579 ήὸψις
3052 5512 3216 5565 τᾶλλα
3260 5513 3359 5580 μὲν
3392 5514 3495 5583 ὁρᾷ
3544 5515 3662 5567 τῶν

2072 5594 2299 5664 ὁρατῶν,
2332 5595 2528 5666 ἑαυτὴν
2563 5596 2619 5648 δὲ
2657 5597 2754 5664 οὐχ
2783 5599 2917 5666 ὁρᾷ,
2957 5598 3100 5654 οὕτω
3142 5603 3236 5656 καὶ
3266 5604 3293 5655 ὁ
3323 5604 3468 5666 νοῦς.
3511 5605 3658 5658 Ἀλλ’

2086 5769 2281 5827 “Prov.
2317 5787 2482 5840 xxvn,
2515 5775 2604 5828 ‘21.
