3962 6208
376 323 533 386 ira

1628 321 1670 374 Γ»
1681 322 1720 376 Ε
1763 322 1814 412 Ii
1826 321 1896 377 liti
1911 324 1939 374 ἑ
1954 321 1990 379 Y
1999 319 2142 378 lli“
2155 319 2316 378 STiii
2330 357 2342 376 .

3483 317 3630 382 lli-0

353 443 562 508 ενεργεῐ
610 436 704 504 μὶν
739 436 829 486 καὶ
865 435 1028 489 τᾶλλα
1059 428 1130 487 ὧν
1162 435 1227 486 ἂν
1271 433 1442 485 δέοιτο
1474 437 1823 502 περισκοπεῖν
1846 449 1857 462 ⁸
1896 436 1923 488 ὃ

2047 427 2314 485 elevatus.
2351 439 2468 478 cum
2509 424 2616 476 Deo
2672 424 3042 496 c0njnngitnr.
3091 443 3108 475 t
3145 423 3410 494 Na-0qm‘,
3452 438 3506 477 ut
3550 437 3623 478 ιιιι

355 542 486 594 φησι
526 523 642 576 κατ’
695 522 907 573 εὐθεῖαν
961 524 1172 591 κίνησιν
1206 525 1298 573 τοῦ
1333 521 1423 573 νοῦ
1452 522 1725 584 Διονύσιος
1766 524 1793 576 6
1827 525 1923 593 μέ-

354 634 474 682 γας.
520 616 610 676 Εἰς
650 614 838 666 ἑαυτὸν
884 615 928 666 δ’
981 615 1244 677 ἐπάνεισι,
1280 615 1370 667 καὶ
1405 618 1617 685 ἐνεργεῖ
1648 617 1766 670 καθ’
1804 620 1925 670 eau-

355 710 465 769 τὴν,
495 707 620 759 ὅταν
654 706 841 758 ἑαυτὸν
878 706 905 756 6
940 704 1058 768 νοῦς
1090 707 1208 777 ὁρᾷ.
1262 708 1431 760 Τοῦτο
1476 708 1518 760 δ’
1554 706 1708 772 αῦΟις
1739 713 1926 764 κυκλι-

358 802 458 870 κην
496 796 634 852 εἶναι
668 799 879 866 κίνησιν
928 801 955 851 6
1008 799 1165 862 αὐτὸς
1218 799 1380 852 αὐτοῦ
1414 818 1599 868 φησιν.
1649 801 1796 871 Αὕτη
1827 801 1924 870 δ’ή

355 891 450 943 τοῦ
473 890 563 944 νοῦ
599 892 746 942 ἐστιν
787 891 1057 958 ἐνέργεια,
1103 890 1365 960 κρείττων
1394 892 1486 944 καὶ
1521 890 1786 962 ἰδιαιτάτη

358 980 423 1053 ἧς
458 984 547 1036 καὶ
595 984 733 1052 ὑπὲρ
781 984 970 1036 ἑαυτὸν
1019 983 1304 1053 γινόμενος
1354 982 1467 1035 ἐσθ’
1517 983 1627 1046 ὅτε,
1681 983 1758 1052 τῷ
1814 983 1952 1051 Θεῷ·

365 1075 702 1142 συγγίνεται.
739 1074 879 1135 Νοῦς
911 1074 1036 1142 γὰρ,
1071 1075 1205 1143 φησὶ
1236 1077 1261 1125 6
1307 1076 1478 1141 μέγας
1513 1074 1808 1140 Βασίλειος,
1857 1077 1932 1146 μὴ

365 1165 788 1234 σκεδαννύμενος
821 1166 912 1216 ἐπὶ
937 1163 1126 1227 τά.ἕξω
1166 1165 1314 1233 (δρᾷς
1344 1164 1424 1216 ὅτι
1457 1165 1694 1229 egerant;
1745 1164 1934 1229 Ἐξιὼν

363 1257 478 1324 οῦν,
527 1257 787 1312 ἐπανόδου
844 1260 1034 1309 δεῖται.
1089 1257 1178 1307 Διό
1235 1257 1441 1324 φησιν),
1501 1257 1746 1309 ἐπάνεισι
1801 1259 1935 1328 πρὸς

368 1352 557 1404 ἑαυτόν
580 1367 591 1378 °
627 1349 691 1402 δι’
731 1347 924 1400 ἑαυτοῦ
963 1348 1016 1400 δὲ
1059 1348 1196 1418 πρὸς
1221 1348 1312 1400 τὸν
1356 1348 1507 1412 θεὸν,
1545 1350 1619 1412 ὡς
1665 1351 1733 1402 δι’
1761 1351 1934 1404 ἀπλα-

371 1443 492 1504 νοῦς
529 1440 811 1494 ἀναϐαίνει
853 1439 947 1506 τῆς
981 1439 1121 1491 ὀδοῦ.
1161 1439 1271 1507 Τὴν
1296 1439 1550 1508 τοιαύτην
1578 1441 1686 1510 γὰρ
1727 1442 1937 1512 κίνησιν

369 1536 462 1588 τοῦ
489 1533 602 1597 νοῦ,
635 1534 728 1584 καὶ
757 1533 784 1583 6
822 1531 927 1583 τῶν
958 1530 1160 1598 νοερών
1189 1530 1432 1600 ἀπλανὴς
1457 1532 1698 1602 ἐπόπτης
1732 1534 1938 1597 ἐκεῖνος

370 1627 664 1690 Διονύσιος,
704 1624 962 1677 ἀδύνατον
1003 1620 1142 1675 εἷναί
1193 1639 1326 1690 φησι
1360 1622 1534 1694 πλάνῃ
1565 1628 1670 1678 τινί
1714 1643 1941 1694 περιπε-

373 1722 504 1773 σεῖν.
539 1717 755 1784 Ταύτης
803 1712 894 1768 οῦν
924 1715 1155 1782 ἁπάγειν
1178 1717 1204 1767 6
1235 1715 1331 1781 τῆς
1365 1713 1572 1784 πλάνης
1615 1718 1794 1787 πατὴρ
1825 1719 1943 1770 ἐπι-

375 1809 561 1878 Θυμών
591 1810 675 1862 ἀεὶ
728 1808 818 1860 τὸν
853 1806 1159 1876 ἄνθρωπον,
1196 1808 1289 1858 καὶ
1341 1807 1476 1877 πρὸς
1526 1807 1625 1876 τὴν
1663 1808 1944 1879 χωροῦσαν

374 1901 537 1956 αὑτοῦ
566 1902 660 1961 τὰς
695 1899 896 1959 πλάνας
925 1899 1100 1965 ἄγειν,
1131 1897 1341 1949 οὐδέπω
1366 1896 1460 1949 καὶ
1487 1897 1745 1967 τήμερον,
1763 1899 1862 1950 ὃσα
1882 1916 1944 1964 γε

376 1994 537 2060 ἡμεῖς
569 1994 751 2059 ἴσμεν,
799 1985 924 2056 εὗρε
962 1987 1221 2058 συνεργὸν
1260 1988 1347 2041 διὰ
1377 1989 1766 2057 χρηστολογίας
1798 1991 1946 2056 ἀγωο

378 2082 656 2150 νιςὸμενον
704 2077 1100 2146 ὲφελκύσασοαι
1148 2075 1283 2146 πρὸς
1333 2079 1558 2147 ταύτην.
1610 2077 1722 2130 Νῦν
1770 2077 1815 2128 δ’
1874 2078 1945 2139 ὡς

380 2175 575 2235 ἔοικεν,
605 2166 730 2240 εὗρε
766 2171 892 2234 τοὺς
935 2169 1500 2240 συλλαμϐανομένους,
1530 2169 1710 2239 εἴπερ,
1752 2169 1825 2232 ὡς
1857 2171 1952 2222 αύ-

385 2269 475 2330 τὸς
505 2262 685 2328 εἶπας,
720 2265 857 2316 εἰσὶν
900 2263 948 2315 οἳ
995 2261 1089 2317 καὶ
1130 2262 1320 2329 λόγους
1351 2262 1691 2315 συντιθέασιν
1733 2263 1953 2330 ἐνάγονς

370 2382 464 2426 τας
489 2363 620 2432 πρὸς
653 2363 821 2416 ταῦτα
845 2378 856 2391 ·
886 2364 979 2416 καὶ
1005 2363 1131 2427 τοὺς
1160 2363 1385 2427 πολλοὺς
1415 2363 1621 2417 πείθειν
1650 2365 1935 2436 ἐγχειροῦ-

369 2474 474 2518 σιν,
515 2457 590 2518 ὡς
621 2456 837 2508 κάλλιον
875 2455 978 2520 ἔξω
1017 2455 1265 2524 κατέχειν
1299 2457 1392 2509 τοῦ
1438 2456 1686 2524 σώματος
1718 2473 1938 2526 προσευ-

369 2549 593 2616 χόμενον
641 2547 731 2600 τὸν
756 2547 900 2610 νοῦν,
949 2546 1043 2600 καὶ
1077 2546 1271 2609 αὐτοὺς
1312 2548 1437 2609 τοὺς
1475 2547 1567 2598 τὸν
1599 2546 1938 2614 ύπεραναϐε-

371 2641 596 2708 δηκότα,
632 2642 725 2692 καὶ
747 2640 970 2710 ἡσύχιον
991 2639 1402 2707 ἀσπαζομένους
1437 2638 1581 2707 βίον·
1617 2638 1738 2707 μηδ’
1764 2638 1939 2689 ἐκεῖνο

367 2733 728 2794 αἰδεσθέντες.
756 2733 894 2799 ὅπερ
933 2731 1183 2800 Ἰωάννης
1228 2733 1255 2783 6
1287 2730 1383 2800 τὴν
1429 2730 1563 2800 πρὸς
1591 2728 1820 2798 ούρανδν
1843 2729 1942 2795 gat-i-

375 2841 570 2895 ρουσαν
601 2824 840 2893 κλίμακα
869 2824 957 2876 διὰ
982 2823 1155 2892 λόγων
1203 2823 1604 2890 τεκτηνάμενος
1637 2822 1790 2890 ἡμῖν,
1826 2822 1941 2889 ὀρι-

375 2913 574 2976 στικῶς
635 2916 725 2966 καὶ
777 2915 1157 2980 ἁποφαντικῶς
1201 2914 1447 2978 ἐξεῖπεν,
1503 2912 1578 2974 ὡς
1625 2911 1938 2981 ἠσυχαστὴς

358 3030 528 3078 εστιν.
561 3024 588 3074 6
622 3020 682 3074 τὸ
723 3019 1014 3090 ἀσώματον
1057 3023 1114 3073 ἐν
1158 3020 1369 3091 σώματι
1398 3019 1728 3091 περιορίζειν
1758 3020 1918 3071 σττεύ⁶

359 3112 484 3164 δων.
516 3105 587 3180 ’ῼ
637 3111 843 3163 συνωδὰ
877 3113 969 3164 καὶ
1012 3113 1060 3164 οἰ
1093 3110 1455 3180 πνευματικοὶ
1488 3110 1721 3180 πατέρες
1771 3110 1928 3178 ἡμῶν
1969 3129 2009 3186 C

359 3200 602 3265 ἐδίδαξαν
638 3203 781 3272 ἡμᾶς
814 3203 1059 3264 εἰκότως.
1100 3203 1161 3254 Εἰ
1189 3204 1296 3272 γὰρ
1337 3204 1412 3271 μὴ
1443 3201 1590 3254 ἔνδον
1616 3203 1710 3253 τοῦ
1744 3203 1929 3269 σώμαι

355 3311 448 3355 τος
486 3296 832 3363 περιορίσειε,
863 3293 978 3356 πῶς
1010 3295 1075 3346 ἂν
1096 3294 1152 3344 ὲν
1183 3295 1357 3363 ἑαυτῴ
1387 3295 1478 3345 τὸν
1496 3294 1554 3346 τὸ
1581 3293 1736 3362 σῶμα
1762 3296 1929 3360 ἐνημ-

360 3386 544 3455 μένον,
601 3385 694 3438 καὶ
734 3385 808 3447 ὡς
841 3381 980 3446 εἶδος
1023 3386 1252 3453 φυσικὸν
1284 3384 1372 3437 διὰ
1413 3385 1590 3454 πάσης
1646 3384 1924 3453 χωροῦντα

355 3480 452 3544 τῆς
477 3478 914 3548 μεμορφωμένης
946 3477 1076 3547 ὕλης
1101 3496 1114 3543 ;
1147 3474 1213 3548 ἧς
1235 3478 1420 3542 regem
1452 3477 1544 3529 καὶ
1571 3477 1924 3546 διωρισμένον

354 3572 454 3622 οὐκ
484 3572 548 3623 ἂν
581 3570 884 3634 ἐπιδέξαιτο
907 3571 1092 3622 οὐσίαν
1121 3570 1235 3634 νοῦ,
1263 3570 1453 3639 μέχρις
1479 3569 1545 3621 ἂν
1573 3570 1754 3635 ἐκείνη
1786 3567 1921 3636 ζῴη,

355 3661 499 3728 ζωῆς
528 3657 666 3723 εἶδος
684 3662 1013 3730 κατάλληλον
1037 3665 1103 3731 τῇ
1139 3661 1398 3728 συναφεξᾳ
1426 3661 1637 3712 σπῶσα,
1675 3659 1920 3731 Βλέπεις,

355 3754 574 3820 ἀδελφέ,
605 3753 718 3814 πῶς
773 3753 833 3804 ού
870 3751 1253 3820 πνευματικῶς
1290 3751 1478 3819 μόνον,
1526 3748 1661 3801 ἀλλὰ
1711 3748 1806 3800 καὶ
1834 3747 1924 3800 ἀν-

355 3847 639 3914 θρωπίνως
665 3844 1027 3908 ἐξετάζουσιν,
1060 3844 1208 3900 ,εἴσω
1243 3843 1336 3894 τοῦ
1385 3841 1632 3910 σώματος
1662 3839 1920 3908 πέμπειν,

353 3946 386 4010 ἢ
427 3943 673 4009 κατέχειν
697 3939 787 3991 τὸν
822 3937 946 3990 νοῦν
972 3936 1318 4004 ἀναπέφηνεν
1347 3930 1770 3999 ἀναγκαιότατον
1797 3929 1922 3992 τοῦς

352 4034 769 4104 προῃρημένους
832 4031 1039 4084 ἑαυτῶν
1090 4029 1164 4092 ὡς
1214 4025 1428 4096 ἀληθῶς
1486 4024 1756 4093 γενέσθαι,
1827 4022 1920 4075 καὶ

353 4126 493 4176 κατὰ
546 4124 636 4175 τὸν
668 4123 774 4175 ἔσω
809 4120 1094 4191 ἄνθρωπον
1133 4115 1485 4187 φερωνύμους
1541 4114 1833 4184 μοναχοὺς,
1861 4112 1920 4165 τὸ

351 4220 397 4268 δ’
425 4219 502 4279 εἰς
548 4215 772 4277 ἑαυτοὺς
807 4214 1038 4282 μάλιστα
1092 4211 1218 4271 τοὺς
1267 4207 1653 4278 εἰσαγομένους
1705 4206 1920 4275 βλέπειν

350 4308 708 4375 εἰσηγεῖσθαι,
759 4309 854 4359 καὶ
898 4305 985 4358 διὰ
1032 4304 1132 4366 τῆς
1190 4301 1465 4370 ἀναπνοῆς
1502 4299 1632 4353 εἴσω
1683 4298 1922 4370 πέμπειν

355 4415 445 4463 τὸν
491 4413 688 4462 οἰκεῖον
739 4408 885 4473 νοῦν,
938 4409 1037 4459 οὐκ
1087 4404 1196 4457 ἀπὸ
1227 4405 1449 4474 τρόπου.
1495 4405 1597 4456 Τὸν
1619 4407 1728 4472 γὰρ
1760 4405 1926 4475 μήπω

2049 533 2274 586 magnus
2308 515 2557 578 Basilius,
2597 517 2904 572 intellectus
2929 519 2993 572 ad
3022 520 3292 572 exteriora
3319 519 3618 586 dispersus,

2045 627 2073 662 a
2117 625 2194 672 se,
2233 620 2289 660 ιιι
2318 609 2487 673 vides,
2516 609 2648 662 exit.
2678 608 2938 679 Egressus
2965 609 3132 678 igitur
3167 611 3344 662 reditu
3390 610 3618 678 indiget.

2048 703 2191 767 Ideo,
2230 703 2427 771 inquit,
2488 704 2787 755 revertitur
2817 704 2882 755 ad
2935 703 3312 770 Sentntipsum,
3352 716 3404 754 et
3437 718 3530 768 per
3564 718 3624 755 se

2045 797 2112 847 ad
2175 797 2340 848 Deum
2383 796 2809 863 ascenditqnasi
2849 796 2930 848 via
2969 812 3074 848 non
3110 795 3368 848 erratica.
3412 814 3429 844 ι
3471 792 3622 847 Hune

2045 889 2188 938 enint
2237 887 2434 941 mentis
2463 898 2802 941 tnotum‘non
2833 903 2993 956 posse
3027 889 3119 940 ulli
3155 888 3394 940 incidere
3424 889 3621 946 errori,

2045 978 2176 1030 dicit
2238 978 2324 1031 ille
2352 969 2535 1031 adhuc
2584 996 2686 1032 non
2720 994 2980 1032 erroneus
3011 977 3374 1046 spiritualium
3434 995 3627 1042 specu-

2047 1065 2187 1120 letor
2221 1069 2530 1138 Dionysius.
2570 1071 2649 1123 Ah
2685 1069 2771 1122 illa
2810 1070 2973 1135 igitur
3004 1072 3086 1124 via
3124 1069 3398 1122 hominem
3438 1071 3619 1123 direr—

2048 1171 2162 1214 tere
2196 1174 2349 1229 pater
2371 1162 2577 1215 erroris
2626 1177 2840 1231 semper
2865 1163 3108 1230 cupiens,
3145 1172 3198 1214 et
3261 1163 3517 1215 inducere
3573 1163 3624 1214 in

2049 1259 2186 1305 viam
2221 1255 2496 1307 erroribus
2521 1255 2634 1307 suis
2662 1257 2992 1317 intricatum,
3042 1270 3313 1322 nunquam
3339 1255 3624 1315 hactenus,

2046 1359 2306 1412 quantum
2350 1362 2446 1400 nos
2475 1349 2680 1401 scimus
2705 1389 2719 1413 ,
2754 1358 3162 1417 Coeperatorem
3200 1347 3480 1400 invenerat
3512 1346 3628 1414 pul-

2047 1442 2192 1494 chris
2217 1440 2563 1494 sermonibus
2585 1448 2873 1493 conantem
2895 1442 2944 1492 in
2967 1440 3111 1491 illam
3139 1445 3439 1492 attrahere.
3472 1437 3626 1491 Nune

2048 1547 2174 1584 \ero
2206 1531 2489 1598 adjutores
2522 1533 2748 1600 reperit,
2780 1546 2926 1594 cum,
2959 1541 3015 1584 ut
3080 1532 3196 1599 ipse
3243 1530 3455 1594 dixisti,
3511 1531 3619 1583 sint

2045 1624 2136 1691 qui
2201 1637 2536 1690 componunt
2595 1637 2877 1676 sermones
2943 1623 3008 1674 ad
3044 1624 3144 1674 hoc
3211 1613 3499 1684 ducenties,
3570 1632 3626 1673 et

2049 1713 2382 1767 multitudini
2409 1714 2741 1782 persuadere
2771 1714 3072 1768 moliuntur
3098 1714 3295 1767 melius
3320 1729 3440 1767 esse
3470 1724 3625 1766 extra

1975 1797 2017 1850 Β
2049 1822 2248 1874 corpus
2281 1816 2514 1860 tuentem
2562 1807 2614 1859 in
2642 1806 2892 1862 oratione
2921 1808 3192 1862 contineri
3220 1809 3286 1861 ab
3318 1808 3403 1862 his
3455 1808 3618 1860 etiam

2048 1901 2137 1964 qtti
2190 1899 2462 1969 egregiam
2495 1910 2546 1952 et
2579 1899 2820 1966 quietam
2865 1900 3094 1968 amplexi
3131 1912 3263 1953 sunt
3293 1901 3481 1962 vitam,
3523 1916 3622 1953 ne-

2048 2010 2152 2061 que
2197 1995 2335 2047 hanc
2373 2003 2634 2049 verentur
2667 1992 3046 2047 definitionem
3087 2009 3152 2045 ae
3191 1992 3624 2046 demonstratio-

2051 2102 2173 2140 nem
2207 2084 2431 2140 Joannis
2482 2086 2626 2140 illius
2654 2086 2745 2155 qui
2777 2086 2984 2140 scalam
3021 2085 3085 2138 ad
3119 2085 3317 2140 cwltnn
3350 2087 3615 2138 ferentem

2048 2181 2392 2234 sermonibus
2419 2180 2716 2236 fabricatus
2746 2181 2868 2235 estl
2941 2200 2959 2232 ι
2998 2182 3241 2248 Quietus,
3277 2184 3375 2246 ait,
3415 2182 3500 2232 die
3544 2193 3628 2234 est

2047 2274 2139 2342 qui
2205 2274 2584 2342 incorporeum
2623 2273 2678 2326 in
2744 2288 3006 2342 corporeo
3039 2275 3323 2327 includere
3355 2281 3558 2327 studet.
3603 2295 3621 2324 ι

2046 2367 2144 2420 Cui
2184 2380 2422 2429 consona
2474 2365 2786 2433 spirituales
2829 2367 3003 2420 nostri
3052 2366 3246 2419 Patres
3284 2369 3481 2420 merito
3522 2384 3620 2420 nes

2048 2460 2371 2510 doruernnt.
2424 2455 2554 2509 Nam
2587 2460 2630 2511 si
2668 2474 2775 2512 non
2833 2457 2983 2512 intus
3019 2458 3288 2526 corporis,
3353 2462 3625 2527 quomodo

2050 2549 2100 2603 in
2134 2549 2290 2604 nobis
2312 2549 2715 2604 includeretnus
2741 2551 3076 2606 intellectum
3109 2567 3341 2619 corpore
3373 2553 3617 2606 indutum

2045 2651 2099 2694 et
2131 2642 2275 2696 velut
2307 2641 2536 2696 formam
2587 2643 2890 2697 naturalem
2927 2645 3023 2697 toti
3051 2643 3288 2698 infusum
3321 2645 3630 2698 informatas.

2047 2733 2329 2787 rnateriat?
2363 2751 2391 2786 a
2423 2750 2529 2803 qua
2584 2735 2846 2804 quidquid
2879 2747 3024 2791 esset
3057 2747 3381 2792 extraneum
3441 2753 3504 2791 ac
3541 2755 3625 2793 se;

2047 2838 2320 2892 paratum,
2388 2843 2493 2881 non
2555 2830 2822 2897 reciperet
2875 2828 3243 2884 substantiam
3293 2832 3644 2895 intellectus...

2045 2918 2289 2983 ιιιιιιιιύὶιι
2345 2920 2436 2974 illa
2492 2919 2644 2987 vivit,
2706 2922 2828 2976 vita:
2875 2937 3048 2991 genus
3094 2924 3463 2991 conjunctioni
3496 2940 3626 2978 con-

2045 3009 2218 3062 i'urnnc
2251 3011 2477 3064 ducens.

2123 3100 2306 3166 Vides,
2337 3102 2528 3164 frater,
2557 3120 2663 3158 non
2693 3106 3049 3174 spiritttaliter
3077 3108 3258 3171 uredo,
3291 3109 3386 3163 sed
3426 3120 3481 3164 et
3515 3111 3585 3163 hu

2048 3211 2206 3250 mane
2262 3196 2652 3266 indagantibus
2715 3201 2872 3255 valde
2919 3203 3288 3256 necessarium
3318 3215 3528 3272 patere,
3562 3215 3619 3258 ut

2045 3289 2118 3341 ilti
2163 3290 2305 3341 intra
2352 3305 2554 3370 corpus
2588 3291 2800 3348 ducant.
2840 3309 2906 3349 ac
2955 3304 3179 3353 teneant
3230 3307 3494 3364 mentem,
3524 3303 3617 3369 qui

2045 3382 2238 3436 volunt
2270 3399 2395 3437 vere
2433 3386 2516 3438 sui
2557 3399 2682 3440 esse
2717 3397 2770 3441 et
2807 3387 2952 3455 digni
2996 3391 3297 3445 secundum
3347 3391 3618 3444 hominem

2043 3474 2362 3528 interiorem
2397 3479 2670 3532 monachi.
2707 3477 2922 3534 Hortari
2963 3489 3167 3545 autem,
3205 3483 3479 3551 praecipue
3505 3484 3616 3537 ele-

2044 3567 2361 3630 mentarios,
2401 3578 2458 3618 ut
2497 3569 2549 3621 in
2583 3579 2756 3624 semet
2779 3570 3068 3639 inspiciunt
3094 3581 3147 3626 et
3173 3588 3269 3639 per
3303 3575 3620 3640 respiratio-

2043 3671 2165 3710 nem
2213 3657 2358 3710 intro
2421 3659 2644 3715 mittant
2689 3661 3049 3727 intellectum,
3116 3679 3223 3716 non
3290 3674 3376 3718 est
3429 3665 3617 3720 incon.

2043 3762 2261 3816 gruens.
2299 3748 2430 3802 Eum
2484 3752 2626 3805 enim
2667 3757 2760 3820 qui
2801 3755 3039 3808 nondum
3083 3755 3182 3808 sibi
3234 3759 3492 3822 attendit,
3548 3761 3616 3811 ab

2044 3841 2228 3895 animo
2277 3845 2344 3896 ad
2380 3859 2438 3897 se
2489 3843 2815 3912 quibusdam
2873 3847 3082 3901 artibus
3128 3849 3438 3903 reducendo
3498 3866 3620 3918 quis

2042 3931 2183 3986 bene
2233 3947 2418 3992 sanus,
2460 3936 2769 3990 averteret?
2792 3937 2930 4002 Quia
2977 3939 3142 4007 igitur
3166 3949 3446 3997 certamen
3491 3942 3619 3999 illud

2044 4038 2219 4091 nuper
2245 4024 2530 4094 ingressis,
2565 4042 2718 4082 mens
2750 4029 2835 4084 vel
2867 4031 3155 4086 recollecta
3182 4032 3389 4103 jugitcr
3408 4037 3615 4099 exsilit.

2042 4125 2096 4168 ct
2118 4117 2321 4187 jugiter
2346 4129 2430 4172 est
2462 4120 2792 4187 revocanda,
2825 4131 2878 4175 et
2910 4124 3149 4178 nondum
3187 4129 3323 4184 bene
3345 4131 3617 4187 exercitus

2042 4208 2183 4262 fallit
2215 4220 2401 4279 utpote
2444 4210 2761 4268 dilIieillima
2809 4216 2928 4271 visu
2978 4227 3033 4271 et
3091 4220 3451 4277 mobilissima
3493 4237 3616 4278 om.

2043 4303 2213 4371 nium,
2259 4304 2378 4358 ideo
2432 4305 2674 4360 nonnulli
2737 4323 2830 4363 eos
2873 4311 3159 4366 hortantur
3213 4325 3270 4368 ut
3328 4331 3356 4368 a
3414 4317 3612 4370 crebro

2042 4397 2244 4450 emissa
2279 4406 2334 4451 et
2375 4400 2600 4454 reducta
2663 4403 3028 4472 reSpiratione
3091 4419 3340 4475 caveant,
3387 4425 3618 4481 eamque

353 4501 686 4569 θεωρητικὸν
719 4497 930 4558 ἑαυτοῦ,
967 4498 1234 4567 μηχαναῖς
1276 4513 1383 4549 τισι
1423 4495 1556 4565 πρὸς
1589 4494 1778 4548 ἑαυτὸν
1807 4496 1928 4546 ὲπι-

2044 4489 2382 4555 suspendant
2416 4493 2709 4564 paulisper,
2735 4497 2802 4550 ad
2852 4509 3088 4554 mentem
3115 4515 3237 4555 cum
3269 4517 3332 4556 ea
3373 4503 3616 4560 retinent-

355 4595 608 4658 συνάγειν
655 4592 748 4643 τὸν
797 4590 941 4653 νοῦν,
982 4591 1080 4642 οὐκ
1111 4587 1433 4657 ἀποτρέψειέ
1481 4605 1562 4649 τις
1599 4586 1657 4638 εὖ
1689 4584 1923 4654 φρονῶν.

364 4685 518 4735 Ἐπεὶ
560 4679 652 4735 οὖν
686 4683 798 4742 τοῖς
821 4681 946 4749 ἄρτι
989 4679 1124 4749 πρὸς
1158 4678 1245 4730 τὸν
1288 4677 1474 4743 ἀγῶνα
1506 4676 1692 4728 τοῦτον
1722 4674 1913 4728 ἁποδυι

353 4775 630 4843 σαμένοις,
681 4773 774 4826 καὶ
826 4771 1190 4840 συναγόμενος
1244 4769 1480 4837 συνεχῶς
1523 4769 1808 4838 ἀποπηδᾷ·
1843 4767 1926 4821 δεῖ

349 4867 404 4917 δὲ
437 4867 533 4917 καὶ
557 4865 796 4934 συνεχῶς
827 4864 1022 4926 αὐτοὺς
1045 4862 1200 4924 αὖθις
1220 4861 1408 4912 τοῦτον
1437 4861 1734 4928 ἐπανάγειν
1758 4877 1771 4891 ·
1799 4859 1926 4912 λαν-

351 4958 506 5010 θάνει
539 4957 583 5010 δ’
634 4956 1010 5026 ἀγυμνάστους
1058 4955 1216 5016 ὄντας
1261 4953 1787 5023 δυσῦεωρητότατος,
1830 4950 1922 5003 καὶ

350 5048 764 5116 εῦκινητότατος
793 5049 1046 5100 ἁπάντων
1069 5044 1142 5098 ὢν
1162 5061 1175 5074 °
1203 5044 1290 5097 διά
1322 5043 1478 5097 τοῦτο
1513 5046 1575 5112 τῇ
1607 5043 1785 5095 πυκνὰ
1805 5041 1933 5111 δια-⁶

351 5142 584 5210 χεομένῃ
631 5142 722 5193 καὶ
776 5137 1160 5208 ἐπαναγομένῃ
1207 5139 1430 5206 εἰσπνοῇ
1468 5133 1794 5204 προσέχειν,
1842 5133 1919 5185 εἰ-

353 5238 438 5286 σὶν
472 5234 521 5284 οἳ
572 5231 917 5302 παραινοῦσι.
954 5232 1046 5284 καὶ
1093 5232 1309 5300 ἐπέχειν
1345 5247 1396 5283 τι
1444 5227 1658 5298 μικρὸν,
1716 5225 1788 5286 ὡς
1817 5228 1917 5278 κάρ

351 5331 528 5380 κεῖνον
581 5327 956 5393 συνεπίσχοιεν
982 5326 1273 5398 τηροῦντες
1307 5328 1364 5377 ὲν
1403 5325 1540 5393 αὐτῇ
1563 5339 1576 5352 ⁶
1613 5325 1802 5391 μέχρις
1831 5321 1917 5385 ἂν,

353 5420 450 5470 σὺν
493 5418 632 5486 Θεῷ,
665 5419 758 5469 ἐπὶ
803 5418 862 5470 τὸ
895 5421 1138 5486 κρεῖττον
1173 5417 1474 5486 προϊόντες,
1497 5415 1756 5485 ἀπρόϊτον
1786 5413 1919 5482 πρὸς

349 5509 417 5561 τὰ
451 5510 574 5576 περὶ
606 5509 787 5572 αὐτὸν,
821 5509 912 5560 καὶ
941 5507 1116 5576 ἀμιγῆ
1139 5508 1231 5560 τὸν
1263 5509 1461 5560 οἰκεῖον
1500 5508 1624 5558 νοῦν
1662 5506 1947 5583 ποιήσανο.

349 5618 460 5661 τες,
491 5599 790 5668 δυνηθῶσιν
816 5598 1056 5670 ἀκριϐῶς
1109 5599 1186 5661 εἰς
1235 5597 1437 5666 ἑνοειδῆ
1491 5596 1750 5660 συνέλιξιν
1799 5613 1922 5646 συν-

349 5694 596 5758 αγαγεῖν.
639 5692 812 5743 Τοῦτο
838 5691 880 5742 δ’
914 5691 1011 5745 ἴδει
1041 5707 1120 5751 τις
1155 5689 1217 5742 ἂν
1241 5691 1332 5741 καὶ
1364 5689 1681 5754 αὐτομάτως
1722 5687 1918 5755 ἑπόμε-

351 5802 434 5835 νἰν
573 5785 806 5853 προσοχῇ
846 5782 933 5833 τοῦ
964 5781 1075 5835 νοῦ.
1116 5780 1446 5850 Ἡρέμαγὲιρ
1482 5780 1668 5830 εῑπιτῖ
1721 5797 1773 5832 τε
1825 5780 1914 5832 καὶ

2040 4579 2188 4644 dam,
2232 4581 2424 4644 donec,
2462 4585 2756 4654 adjuvante
2797 4588 2924 4654 Deo,
2961 4591 3014 4644 in
3069 4594 3261 4648 melius
3318 4601 3615 4666 progressi.

2034 4670 2144 4738 jam
2183 4686 2288 4725 non
2317 4673 2384 4726 ad
2417 4676 2829 4734 circumstantia
2855 4682 3245 4747 discedentem,
3279 4688 3373 4741 sed
3423 4705 3613 4756 puram

2037 4779 2263 4832 prorsus
2311 4767 2509 4821 factum
2553 4780 2786 4825 mentem
2836 4790 2992 4829 suam
3051 4781 3263 4846 possint
3293 4781 3531 4851 perfecte
3560 4792 3612 4838 in

2040 4873 2206 4911 unum
2257 4859 2476 4929 globum
2523 4863 2802 4920 conferre.
2841 4868 2896 4921 Id
2942 4879 3146 4936 autem,
3181 4884 3240 4927 ut
3285 4875 3470 4932 videre
3506 4889 3609 4942 est,

2041 4952 2184 5005 ultro
2243 4954 2489 5020 sequitur
2539 4960 2912 5031 attentionem.
2958 4965 3176 5018 mentis.
3222 4965 3355 5021 Nam
3409 4967 3602 5022 leniter

2039 5045 2207 5101 intrat
2245 5057 2299 5101 et
2323 5051 2432 5102 exit
2462 5050 2550 5106 hic
2573 5053 2812 5119 spiritus,
2846 5057 2898 5110 in
2931 5060 3077 5111 omni
3111 5061 3350 5116 studiosa
3377 5064 3607 5117 inedita-

2039 5139 2210 5204 tione,
2237 5147 2292 5194 et
2325 5141 2596 5210 imprimis
2629 5149 2766 5214 apud
2801 5147 3045 5204 fruentes
3074 5155 3317 5220 corporis
3353 5163 3406 5207 et
3440 5155 3603 5207 animi

2037 5229 2375 5296 quietudine.
2410 5233 2473 5288 lli
2517 5239 2663 5290 enim
2710 5240 2944 5305 spiritali
2993 5245 3290 5314 gaudentes
3331 5247 3603 5300 sabbatis-

2035 5334 2148 5385 mo,
2184 5333 2239 5375 et
2269 5325 2337 5376 ab
2376 5328 2626 5380 omnibus
2653 5331 2768 5385 suis
2801 5333 3038 5398 actibus,
3070 5346 3327 5404 quantum
3356 5351 3602 5407 possunt,

2038 5425 2342 5477 cessantes,
2413 5422 2752 5487 suspendunt
2816 5428 2997 5480 omnia
3048 5427 3357 5482 facultatum
3409 5433 3606 5488 anima:

2033 5519 2194 5573 opera
2250 5508 2448 5575 quibus
2501 5511 2544 5564 it
2600 5516 2823 5582 exitque
2872 5527 2925 5572 et
2980 5519 3126 5572 varia
3191 5525 3494 5592 cognoscit.
3542 5543 3606 5582 ac

2036 5608 2264 5654 rttnctas
2313 5617 2569 5658 sensuum
2625 5609 3040 5676 perceptiones,
3089 5622 3249 5682 atque
3289 5618 3598 5674 universam

2039 5707 2260 5758 prorsus
2292 5697 2534 5763 corporis
2580 5704 2950 5766 Operationcm
2986 5721 3101 5772 qu.e
3139 5722 3302 5774 penes
3352 5728 3446 5766 nos
3499 5725 3602 5777 cst,

2037 5803 2155 5842 eam
2197 5803 2318 5846 τοῖο
2348 5808 2464 5859 εμιιῑ
2500 5809 2602 5846 non
2636 5799 2852 5850 omnino
2887 5816 2913 5850 a
2965 5801 3119 5856 nobis
3157 5808 3369 5868 pendet.
3429 5819 3487 5862 ut
3517 5821 3605 5862 re-
