3962 6208
381 303 507 369 1111

1621 302 1967 363 GREGORI
1989 303 2009 360 1
2065 304 2251 363 ΡΜ...1
2264 305 2316 363 Μ
2328 306 2391 363 ιΕ

3505 303 3646 369 illi

374 419 752 485 aspirationem,
787 415 984 468 tollunt
1015 423 1286 483 quatenus
1342 418 1441 470 sub
1471 427 1654 471 nostra
1689 426 1775 469 est
1809 424 1940 485 potet

2070 422 2234 486 ἔξεισι
2261 420 2412 472 τουτὶ
2438 420 2495 473 τὸ
2530 422 2767 490 πνεῦμα.
2810 422 2949 473 κάπὶ
2977 421 3154 490 πάσης
3193 423 3486 489 ἐναγωνίου
3513 427 3641 476 σκέ-

374 521 541 566 State.

448 604 572 658 llaec
607 607 823 672 quidem
857 605 1038 684 omnia
1084 602 1150 656 iis
1190 610 1507 669 competunt
1536 605 1624 669 qui
1655 603 1766 670 jain
1800 603 1851 656 in
1889 603 1948 652 il-

374 698 642 751 laboriosa
667 709 722 750 et
761 714 868 750 non
911 697 1141 750 sollicita
1178 693 1528 762 profecerunt
1559 695 1738 764 quiete
1776 713 1790 751 :
1823 712 1943 749 cum

375 792 518 842 t-iiiui
553 790 695 842 hanc
727 788 942 856 penitus
985 789 1226 855 ingressa
1255 798 1340 867 est
1373 787 1575 847 anima,
1617 786 1707 838 illa
1754 786 1949 839 exinde

373 883 552 934 omnia
599 877 913 934 'iieccssario
965 882 1115 948 sequi
1171 879 1504 948 oportet.At
1565 879 1947 946 incipientibus

373 975 511 1026 nihil
547 974 988 1042 supradictoruiii
1023 974 1144 1026 sine
1176 973 1360 1026 labore
1403 971 1718 1038 contingere
1748 972 1949 1027 Videas.

371 1066 633 1132 Quamvis
675 1064 817 1118 enim
852 1065 1174 1117 cliaritatciii
1210 1072 1470 1130 sequatur
1500 1063 1783 1130 patientia,
1814 1064 1946 1114 cha-

383 1165 516 1212 i-itas
545 1159 691 1213 eiiini
716 1159 926 1221 suficrt,
962 1173 1056 1211 nos
1082 1169 1258 1210 tamen
1295 1157 1555 1211 docemur
1582 1157 1632 1208 vi
1665 1157 1946 1224 acquirere

370 1254 718 1324 patientiam,
757 1260 814 1303 ut
869 1266 1106 1318 peream
1143 1250 1209 1301 ad
1239 1250 1564 1303 cliaritateui
1623 1262 1940 1314 promovea-

377 1362 520 1400 Ittlll‘.
556 1343 688 1398 lieni
720 1345 788 1397 de
822 1342 1084 1409 praefatis.
1124 1340 1192 1394 Et
1224 1340 1352 1408 quid
1385 1340 1614 1404 amplius
1647 1340 1715 1392 de
1744 1340 1825 1392 liis
1860 1337 1945 1389 ili-

367 1436 640 1492 ceiidutii?
671 1435 872 1490 Omnes
927 1436 1070 1487 enim
1115 1433 1321 1499 experti
1378 1446 1472 1485 eos
1512 1432 1692 1482 vident
1741 1431 1832 1497 qui
1877 1432 1947 1480 oh

369 1529 825 1596 iuexperieutiain
860 1525 1264 1588 contradicunt,
1301 1523 1422 1577 illos
1451 1524 1652 1592 quippe
1692 1539 1796 1576 non
1827 1537 1944 1574 ser-

371 1637 484 1681 mo,
509 1619 605 1672 sed
653 1619 808 1671 labor
839 1627 892 1669 et
941 1616 1188 1668 laborum
1225 1615 1557 1682 experientia
1590 1613 1795 1673 docuit,
1825 1626 1946 1679 qua:

369 1713 528 1764 utiles
564 1709 773 1779 profert
832 1709 1069 1773 fructus,
1101 1717 1157 1760 et
1205 1706 1423 1760 steriles
1468 1705 1836 1774 jurgiosoruni
1894 1714 1948 1756 et.

365 1807 700 1874 jactatorum
731 1819 1016 1857 sermones
1048 1801 1331 1873 abhorret.

437 1895 573 1960 Quia
604 1903 806 1958 autem,
834 1895 975 1949 sicut
1001 1894 1217 1961 quidam
1267 1907 1584 1959 magnorum
1656 1891 1946 1945 Doctorun-

371 1989 519 2042 circa
553 1987 668 2040 haec
703 1987 861 2049 dicit,
900 1985 1094 2038 formis
1137 1983 1498 2038 exterioribus
1525 1983 1752 2036 interior
1788 1983 1939 2036 110111(

368 2077 663 2134 assiiiiilari
714 2077 854 2130 solet
905 2084 1025 2144 post
1070 2065 1381 2144 peccatum,
1433 2089 1533 2127 cur
1584 2088 1692 2127 nou
1742 2074 1947 2126 homini

368 2174 608 2226 animum
671 2169 725 2224 iu
759 2185 818 2223 se
867 2179 1208 2234 convertere,
1242 2177 1296 2221 et
1329 2183 1432 2219 non
1477 2167 1701 2230 directo,
1729 2166 1821 2222 sed
1864 2180 1950 2220 re-

363 2264 506 2317 flexo
535 2272 590 2315 et
623 2260 936 2316 certissimo
972 2265 1122 2311 motu
1157 2274 1376 2312 movere
1409 2258 1674 2319 studenti,
1713 2258 1948 2310 multum

368 2351 654 2424 prodesset
689 2349 904 2403 oculum
948 2349 1089 2401 haud
1139 2350 1242 2404 huc
1278 2348 1514 2416 illucque
1543 2348 1945 2416 circumagere,

367 2445 462 2499 sed
493 2444 650 2514 quasi
707 2443 882 2496 fulcro
943 2440 1158 2496 cuidam
1205 2441 1434 2509 infigere
1490 2456 1592 2494 suo
1624 2441 1829 2508 pectori
1861 2441 1948 2494 vel

381 2535 682 2591 umbilico?
719 2536 856 2590 Nam
903 2533 1066 2587 simul
1103 2547 1169 2587 ac
1204 2531 1256 2584 in
1287 2531 1551 2587 ciiculiini
1593 2549 1651 2587 se
1685 2533 1836 2601 quasi
1883 2535 1951 2583 ali

371 2632 719 2684 extrinsecus
741 2640 838 2696 pro
875 2625 1080 2678 viribus
1120 2621 1382 2689 reflectet,
1417 2622 1610 2678 reflexe
1662 2623 1854 2690 pariiei
1883 2619 1939 2674 in

365 2722 603 2790 seipsuui
655 2719 882 2772 studens
910 2731 1131 2770 movere
1188 2726 1448 2779 mentem,
1481 2716 1587 2768 vim
1639 2714 1945 2768 intellectus

365 2817 488 2870 visu
520 2813 757 2868 exterius
809 2809 1059 2867 diffusam
1094 2809 1237 2863 intra
1290 2824 1388 2862 cor
1444 2805 1697 2861 refundet
1753 2805 1946 2872 hujus-

378 2907 528 2962 tiiodi
564 2905 751 2960 habitu
811 2903 1078 2972 corporis.
1107 2899 1263 2968 Quod
1297 2901 1342 2953 si
1382 2899 1738 2969 iutelligibilis
1761 2898 1950 2952 beilua:

365 3008 608 3072 potestas
640 2998 839 3052 residet
874 2998 926 3049 in
957 2995 1164 3050 ventris
1195 2994 1471 3053 umbilico,
1509 2993 1636 3060 quia
1680 2992 1769 3044 hic
1805 2992 1950 3060 viget

2067 514 2250 580 ιξεως·
2307 512 2539 581 μάλιστα
2591 511 2648 563 δὲ
2703 513 2937 565 ἐπὶτῶν
2993 514 3374 583 ἡσυχαζόντων
3422 515 3636 583 σώματι

2069 605 2160 656 καὶ
2187 604 2412 672 διανοίᾳ.
2444 596 2729 673 Οὗτοιγάρ
2768 605 3149 672 πνευματικῶς
3193 607 3635 670 σαῦόατίζοντες,

2066 695 2157 746 καὶ
2185 693 2294 745 ἀπὸ
2323 693 2536 746 πάντων
2588 694 2698 745 τῶν
2729 695 2943 747 οἰκείων
2979 693 3156 764 ἔργων
3201 697 3637 762 καταπαύοντες,

2063 789 2138 849 ὠς
2173 788 2414 854 ἐφικτὸν,
2474 789 2580 838 πᾶν
2637 788 2735 853 μὲν
2794 786 2855 840 τὸ
2902 789 3286 856 μεταϐατικὸν,
3345 793 3440 842 καὶ
3495 792 3639 862 διεξτ

2062 878 2260 944 οδικὺν,
2285 879 2380 930 καὶ
2407 879 2828 947 πεποικιλμένον
2850 879 2978 948 περὶ
3004 881 3103 944 τὰς
3136 880 3365 948 γνώσεις
3388 883 3494 933 τῶν
3523 883 3634 950 ψυ-

2064 971 2234 1038 χικῶν
2307 971 2623 1039 δυνάμεων,
2691 970 3064 1039 περιαιροῦσιν
3123 973 3320 1041 ἔργον·
3383 977 3474 1025 καὶ
3534 977 3638 1040 τὰς

2061 1063 2390 1132 αἰσθητικάς
2443 1064 2624 1125 πάσας
2690 1064 3022 1134 ἀντιλήψεις,
3069 1068 3161 1118 καὶ
3211 1067 3390 1119 πᾶσαν
3445 1067 3634 1130 ἁπλῶς

2061 1153 2312 1222 σώματος
2364 1155 2666 1224 ἐνέργειαν,
2711 1157 2834 1224 ἦτις
2886 1157 2970 1223 ἐφ’
3025 1159 3258 1228 ἡμῖνοή
3297 1159 3342 1210 δ’
3389 1161 3487 1212 οὐκ
3542 1159 3631 1222 ἐφ’

2056 1249 2190 1314 ἡμῖν
2237 1245 2455 1309 τελέως,
2487 1246 2676 1316 ὥσπερ
2724 1248 2819 1300 καὶ
2864 1249 2925 1300 τὸ
2956 1249 3234 1312 ἀναπνεῖν,
3277 1250 3364 1317 ἐφ’
3388 1251 3509 1302 ὅσον
3540 1252 3628 1318 ἐφ’

2055 1338 2206 1404 ἡμῖν.
2245 1336 2430 1390 Ταῦτα
2457 1337 2513 1388 δὲ
2540 1338 2716 1390 πάντα
2743 1341 2854 1401 τοῖς
2883 1341 3189 1411 προκόψασι
3234 1343 3357 1394 καθ’
3397 1345 3629 1412 ἡσυχίαν

2055 1428 2271 1488 ἀπόνως
2317 1429 2410 1480 καὶ
2451 1430 2900 1499 ἀπεριμερίμνως
2947 1431 3136 1484 ἕπεται
3161 1451 3176 1463 ο
3206 1437 3270 1503 τῇ
3304 1433 3412 1503 γὰρ
3449 1435 3629 1502 τελείᾳ

2057 1519 2193 1588 πρὸς
2229 1519 2425 1588 ἑαυτὴν
2444 1520 2632 1590 εἰσόδῳ
2655 1521 2753 1590 τῆς
2782 1520 2980 1591 ψυχῆς,
3004 1522 3284 1591 αὐτόματα
3311 1526 3469 1576 ταυτὶ
3496 1527 3629 1578 πάν-

2053 1625 2122 1660 τα
2154 1609 2493 1676 ἐπιγίνεσθαι
2526 1611 2761 1678 ἀνάγκη.
2804 1612 2928 1672 Τοῖς
2961 1611 3006 1664 δ’
3033 1613 3376 1682 ἀρχομένοις,
3408 1613 3512 1686 [ὲν]
3536 1617 3628 1668 οὐ·

2050 1699 2136 1752 δὲν
2171 1700 2278 1752 τῶν
2297 1701 2600 1770 εἰρημένων
2632 1701 2762 1764 ἴδοις
2792 1701 2858 1754 ἂν
2893 1705 3128 1772 ἀμογητὶ
3168 1707 3583 1775 περιγινόμενον
3607 1719 3626 1738 ·

1979 1767 2026 1824 Β
2049 1790 2124 1851 ὡς
2152 1789 2245 1842 οὖν
2272 1767 2556 1864 τῇνάγάπῃ
2575 1793 2765 1846 ἕπεται
2794 1794 2856 1846 τὸ
2875 1767 3196 1864 ὑπομένεινο
3299 1767 3620 1867 γὰρ-ἀγάπη

2050 1882 2228 1932 πάντα
2265 1884 2446 1948 στέγει
2477 1899 2490 1912 ’
2524 1885 2683 1952 ἡμεῖς
2704 1883 2759 1936 δὲ
2799 1884 3162 1954 διδασκόμεθα
3194 1887 3494 1955 κατορθοῦν
3530 1888 3624 1960 βίᾳ.

2049 1975 2146 2044 τὴν
2172 1975 2468 2044 ὑπομονὴν,
2504 1975 2578 2037 ὡς
2608 1975 2676 2026 δι’
2703 1976 2872 2045 αὐτῆς
2918 1978 3052 2046 πρὸς
3083 1980 3181 2046 τὴν
3223 1980 3447 2048 ἀγάπην
3481 1981 3622 2047 φθά-

2051 2082 2252 2134 σωμεν.
2284 2065 2442 2118 Οὕτω
2492 2069 2631 2120 κάπὶ
2655 2070 2861 2121 τούτων
2907 2069 3055 2139 ἔχει’
3111 2071 3206 2123 καὶ
3253 2071 3302 2123 τί
3339 2071 3421 2124 δεῖ
3448 2073 3620 2125 πλείω

2049 2159 2176 2228 περὶ
2220 2159 2426 2212 τούτων
2479 2161 2694 2229 λέγειν;
2747 2164 2947 2227 πάντες
2991 2165 3099 2235 γὰρ
3143 2167 3192 2218 οἱ
3220 2168 3622 2238 πεπειραμένοι

2047 2249 2246 2316 γελῶσι
2293 2251 2418 2313 τοὺς
2463 2251 2523 2316 ἐξ
2562 2254 2817 2326 ἀπειρίας
2864 2255 3409 2326 ἀντι-νομοθετοῦντας
3434 2276 3447 2288 ·
3508 2259 3623 2312 τῶν

2045 2340 2157 2408 γὰρ
2206 2340 2482 2404 τοιούτων,
2515 2345 2576 2394 οὐ
2617 2342 2793 2409 λόγος,
2827 2345 2962 2398 ἀλλά
2985 2345 3170 2413 πόνος,
3209 2349 3305 2400 καὶ
3336 2349 3369 2417 ὴ
3399 2347 3484 2401 διὰ
3514 2348 3622 2400 πό-

2046 2445 2150 2480 νων
2171 2431 2335 2498 πεῖρα
2361 2429 2677 2495 διδάσκαλος
2697 2450 2710 2463 ·
2746 2435 2882 2505 αὐτή
2912 2453 2972 2489 τε
3001 2439 3358 2508 καρπουμένη
3388 2440 3449 2492 τὸ
3477 2457 3621 2510 συμ-

2047 2521 2230 2589 φέρον,
2284 2523 2378 2575 καὶ
2423 2525 2533 2579 τῶν
2590 2526 2907 2594 φιλονείκων
2979 2539 3057 2582 τε
3084 2532 3178 2584 καὶ
3230 2532 3619 2598 φιλενδείκτων

2051 2611 2169 2671 τοὺς
2196 2611 2478 2678 ἀκάρπους
2509 2615 2962 2686 ἀποπρεφομένη
2988 2618 3198 2687 λόγους.
3241 2621 3394 2674 Ἐπεὶ
3421 2623 3478 2675 δὲ
3515 2626 3619 2676 καὶ

2045 2700 2294 2772 καθάπερ
2331 2720 2414 2767 τις
2460 2705 2568 2758 τῶν
2627 2708 2879 2776 μεγάλων
2913 2711 3042 2778 περὶ
3081 2711 3255 2765 ταῦτα
3303 2713 3472 2782 λέγει,
3499 2717 3620 2778 τοῖς

2043 2789 2147 2851 ἔξω
2178 2793 2420 2862 σχήμασι
2452 2794 2693 2864 πέφυκεν
2725 2799 2754 2851 ό
2785 2798 2894 2853 ἔσω
2917 2800 3203 2871 ἄνθρωπος
3237 2801 3622 2874 συνεξομοιοῦ-

2049 2875 2170 2928 σθαι
2209 2883 2348 2948 μετά
2388 2883 2489 2953 τὴν
2518 2886 2850 2954 παράϐασιν,
2883 2891 3000 2952 πῶς
3040 2891 3140 2944 οὐκ
3182 2893 3248 2946 ἂν
3277 2895 3619 2949 συντελέσειέ

2038 2985 2094 3020 τι
2123 2969 2265 3038 μέγα
2308 2968 2389 3038 τῷ
2427 2970 2712 3024 σπεύδοντι
2744 2976 3063 3042 συστρέφειν
3092 2977 3185 3030 τὸν
3233 2979 3358 3032 νοῦν
3386 2982 3466 3044 εις
3491 2983 3618 3036 ἑαυ-

353 3061 588 3161 .-peccati
622 3091 705 3144 lex
735 3105 839 3159 qua
870 3089 959 3142 illa
994 3088 1180 3152 alitttr,
1231 3100 1332 3138 cur
1367 3102 1472 3138 non
1497 3083 1611 3139 -isti
1647 3098 1940 3152 repugnau-

2040 3061 2150 3124 τὸν,
2185 3061 2262 3123 ὡς
2311 3063 2387 3132 μὴ
2433 3063 2532 3132 τὴν
2579 3065 2699 3116 κατ’
2743 3063 2981 3129 εὐθεῖαν,
3018 3066 3154 3120 ἀλλά
3187 3067 3286 3138 τὴν
3339 3073 3620 3144 κυκλικὴν

2040 3152 2127 3173 ___\
2169 3153 2369 3173 L_\--_,!
2426 3172 2452 3173 εν
2529 3158 2564 3173 ν.
2601 3156 2626 3173 Λ
2758 3157 2770 3173 1
3030 3159 3054 3169 ο·
3145 3162 3154 3173 ι
3243 3163 3255 3173 ι
3343 3165 3356 3173 Α
3408 3165 3429 3173 Α
3476 3166 3489 3173 -
3554 3167 3568 3173 -

367 3203 475 3242 tein
513 3185 709 3239 mentis
739 3183 915 3248 legem
970 3179 1220 3234 oratione
1257 3187 1524 3231 armatam
1571 3173 1944 3245 oppouanius?

368 3297 436 3334 ne
477 3293 576 3346 per
607 3276 883 3329 lavacrum
919 3270 1354 3342 regenerationis
1397 3269 1653 3336 expulsus
1707 3283 1938 3337 nequam

365 3369 616 3441 spiritus,
652 3382 774 3422 cuni
806 3374 1012 3432 septem
1055 3361 1341 3431 spiritibus
1376 3360 1730 3428 iiequioribus
1758 3359 1942 3428 seipse

367 3464 588 3520 rediens
631 3462 826 3514 iterum
860 3455 1154 3518 inhabitet,
1189 3463 1244 3508 ct
1272 3456 1402 3508 fiant
1432 3453 1726 3506 novissima
1761 3453 1940 3519 pejora

370 3555 644 3628 prioribus
677 3553 721 3608 ⁸.
1230 3537 1246 3548 ⁸

461 3639 743 3696 «Attende
795 3638 915 3703 tibi,
947 3655 966 3688 ι
1023 3637 1098 3690 ait
1119 3633 1380 3706 Moyses;
1419 3632 1621 3688 scilicet
1675 3633 1771 3684 tibi
1823 3641 1944 3690 tuti,

367 3737 513 3791 haud
542 3735 634 3788 alii
668 3733 889 3802 quidem
917 3732 990 3784 tui
1023 3730 1185 3800 parti,
1213 3729 1302 3781 alii
1328 3743 1458 3781 vero
1492 3725 1739 3798 uoiiJ’er
1762 3726 1890 3795 quid
1919 3724 1942 3777 ?

367 3831 473 3884 Per
501 3835 736 3882 uieuteni
770 3823 1016 3894 profecto
1045 3839 1059 3875 :
1097 3837 1224 3875 naui
1262 3836 1359 3889 per
1403 3821 1538 3874 nihil
1569 3819 1720 3872 aliud
1765 3829 1946 3885 p0test

368 3921 496 3990 quis
527 3921 630 3974 sibi
665 3917 760 3972 toti
791 3914 1095 3970 attendere.
1147 3912 1300 3966 llaiic
1340 3911 1506 3981 igitur
1550 3912 1774 3966 institue
1821 3925 1944 3964 cor-

386 4013 507 4084 pori
541 4023 596 4068 et
627 4011 825 4067 anima:
854 4006 1184 4071 custodiam,
1215 4021 1311 4074 per
1350 4006 1490 4057 haue
1517 4004 1663 4056 enim
1704 4018 1732 4054 a
1764 4000 1945 4069 pravis

368 4109 565 4160 anima:
616 4112 671 4157 ct
709 4101 959 4171 corporis
994 4099 1344 4169 passionibus
1391 4096 1549 4150 facile
1598 4095 1940 4150 liberaberis.

369 4196 495 4252 Tibi
535 4211 666 4266 ergo
711 4203 851 4254 asta,
896 4191 991 4246 tibi
1038 4191 1203 4252 insta,
1233 4188 1331 4242 tibi
1364 4187 1608 4256 invigila,
1641 4186 1726 4240 vel
1758 4187 1942 4254 potius

367 4301 423 4344 te
454 4287 695 4350 custodi,
727 4286 941 4339 intuere
997 4293 1053 4336 et
1089 4281 1360 4336 examina.
1391 4279 1484 4334 Sic
1531 4279 1678 4332 enini
1723 4293 1942 4332 carnem

365 4374 622 4436 rebellem
665 4377 924 4444 subjicics
953 4371 1195 4442 spiritui,
1217 4382 1273 4426 et
1298 4369 1528 4426 verbum
1559 4370 1940 4426 absconditum

367 4476 422 4531 iii
454 4472 619 4528 corde
653 4477 747 4523 tuo
771 4477 1048 4535 nunquam
1083 4461 1211 4517 erit.

441 4617 459 4647 ι
493 4597 548 4648 Si
577 4595 801 4659 Spiritus
833 4605 1181 4663 potestalcug
1203 4596 1453 4648 habentis
1491 4599 1781 4666 \uialoruiii
1831 4603 1934 4657 sci-

363 4689 490 4740 licet
546 4688 838 4755 spirituum
887 4701 948 4739 ac
995 4672 1378 4754 cupiditatum)
1415 4692 1720 4746 ascenderit
1771 4710 1934 4763 super

361 4794 432 4843 te,
466 4781 642 4834 locum
677 4789 826 4833 tuuiii
867 4795 933 4833 ue
965 4779 1256 4844 dimiseris,
1285 4800 1302 4831 i
1343 4782 1477 4836 dicit
1499 4783 1852 4842 Ecclesiastes
1882 4789 1927 4854 ⁷,

363 4874 566 4928 nullam
647 4873 842 4925 anima:
920 4879 1176 4940 partem,
1242 4874 1443 4928 nulloin
1506 4879 1812 4933 membrum
1857 4882 1928 4934 iii-

360 4964 688 5020 custoditum
719 4965 996 5018 dimittas.
1040 4963 1130 5018 Sic
1165 4966 1324 5018 'cniiii
1374 4968 1656 5035 spiritibus
1716 4976 1782 5025 ab
1835 4973 1929 5026 iii-

359 5065 440 5112 ira
495 5057 817 5112 nocentibus
873 5056 1125 5125 saperior
1179 5058 1313 5122 fies,
1359 5067 1410 5112 et
1461 5066 1751 5117 sei-uiatori
1806 5081 1930 5118 cor-

359 5154 505 5205 diiiiii
562 5158 618 5204 ct
665 5164 884 5213 renum,
919 5149 1033 5202 haec
1063 5149 1180 5217 ipse
1231 5162 1638 5218 praescrutatus,
1667 5153 1778 5220 jani
1821 5172 1928 5210 iiou

358 5242 687 5296 scrutandus
719 5239 921 5294 astabis
951 5254 1073 5293 cuni
1111 5240 1331 5294 fiducia.
1380 5241 1513 5296 Nam
1547 5261 1565 5294 ι
1599 5245 1643 5298 si
1681 5259 1926 5301 nosmet-

357 5351 502 5401 ipsos
553 5333 940 5400 iudicaremus,
974 5347 1077 5384 uoti
1123 5333 1727 5402 utiquejudicarcmui',
1758 5358 1774 5389 i
1812 5342 1928 5408 ipse

357 5425 556 5493 Paulus
575 5426 708 5480 dicit
737 5426 758 5456 ‘
788 5465 802 5479 .
830 5423 894 5478 Et
929 5425 1113 5476 beatos
1147 5436 1403 5492 expertus
1430 5428 1554 5484 illos
1590 5431 1805 5486 Davidis
1843 5436 1924 5489 af-

356 5521 546 5580 lectus,
573 5518 719 5570 dices
748 5521 767 5545 ²⁹
804 5534 815 5568 :
854 5535 870 5565 ι
903 5514 1165 5568 Tenebrae
1197 5533 1300 5569 non
1337 5515 1820 5578 obscurabuiitura
1847 5536 1917 5590 tc,

353 5617 406 5655 et
435 5625 540 5660 nox
564 5609 707 5662 sicut
737 5609 850 5663 dies
887 5607 1280 5661 illumiuabitur
1309 5609 1461 5675 mihi,
1497 5613 1621 5681 quia
1652 5628 1705 5670 tu
1737 5637 1918 5686 pub-,6-

423 5779 592 5834 ‘Luc.
618 5801 694 5852 XI,
721 5790 808 5842 26.

890 5791 1262 5860 ⁷Εοε1ρ.χ,1.
1341 5800 1502 5857 l“Cor.
1539 5820 1611 5865 xi,
1645 5806 1728 5858 31.

2039 3152 2134 3204 καὶ
2163 3153 2377 3222 ἀπλανῆ
2423 3156 2688 3208 κινεῖσθαι
2715 3157 2945 3228 κίνησιν,
2987 3159 3064 3228 τῷ
3097 3162 3170 3230 μὴ
3207 3163 3298 3215 τὸν
3332 3165 3617 3234 ὀφθαλμὸν

2035 3239 2135 3296 ὧδε
2168 3244 2391 3296 κάκεῖσε
2419 3246 2726 3315 περιάγειν,
2759 3248 2872 3302 ἀλλ’
2899 3245 3008 3302 οἷον
3029 3251 3315 3320 έρείσματί
3345 3271 3453 3307 τινι
3483 3256 3616 3308 τοῦς

2035 3351 2129 3386 τον
2157 3335 2552 3405 προσερείδειν,
2590 3337 2668 3407 τῷ
2709 3340 2894 3410 οἰκείῳ
2929 3341 3135 3411 στήθει,
3165 3343 3197 3412 ἢ
3227 3342 3306 3412 τῷ
3350 3346 3611 3416 ὀμφαλῷ.

2037 3427 2180 3495 Πρὸς
2227 3427 2339 3496 γὰρ
2370 3427 2444 3497 τῷ
2499 3431 2580 3492 είς
2623 3430 2823 3484 κύκλον
2863 3431 3052 3502 ῶσπερ
3109 3433 3308 3499 ἔξωθεν
3351 3436 3438 3505 ἐφ’
3480 3439 3615 3492 ὅσον

2036 3516 2258 3584 ἐφικτὸν
2281 3519 2610 3573 συνελίττειν
2644 3521 2858 3586 ἑαυτὸν,
2901 3524 3298 3594 παραπλησίως
3434 3545 3612 3580 σπου-

2035 3606 2304 3680 δαζομένη
2328 3611 2385 3664 ὲν
2413 3612 2560 3680 αὐτῷ
2589 3613 2683 3666 τοῦ
2717 3613 2808 3668 νοῦ
2836 3619 3067 3685 κινήσει,
3102 3617 3195 3669 καὶ
3212 3618 3309 3687 τὴν
3329 3619 3396 3670 δι’
3425 3620 3612 3689 ὅψεως

2034 3699 2140 3766 ἔξω
2190 3703 2454 3774 χεομένην
2485 3703 2714 3773 δύναμιν
2755 3707 2850 3760 τοῦ
2906 3708 3022 3774 νοῦ,
3051 3709 3149 3778 τῆς
3200 3712 3427 3780 καρδίας
3472 3712 3612 3766 εἴσω

2035 3791 2243 3860 πέμψει
2276 3793 2364 3846 διὰ
2393 3793 2487 3847 τοῦ
2517 3797 2759 3850 τοιούτου
2801 3801 3076 3869 σχήματος
3125 3801 3219 3854 τοῦ
3245 3802 3514 3872 σώματος.
3539 3807 3610 3858 EE
3635 3837 3645 3843 ε

2032 3882 2088 3934 δὲ
2134 3885 2226 3936 καὶ
2272 3887 2305 3955 ἡ
2353 3886 2447 3939 τοῦ
2499 3889 2690 3957 νοητοῦ
2732 3891 2896 3960 θηρὸς
2936 3891 3163 3961 δύναμις
3221 3895 3309 3947 ἐπ’
3353 3896 3610 3964 ὀμφαλοῦ

2033 3975 2288 4042 γαστρὸς,
2318 3975 2391 4038 ὡς
2425 3977 2516 4029 τοῦ
2551 3980 2713 4048 νόμου
2739 3983 2835 4050 τῆς
2871 3983 3145 4052 ἁμαρτίας
3175 3985 3291 4036 ἐκεῖ
3317 3986 3372 4039 τὸ
3399 3988 3611 4056 κράτος

2033 4067 2268 4136 ἔχοντος,
2297 4069 2390 4121 καὶ
2419 4070 2587 4138 νομὴν
2617 4072 2765 4142 αὐτῷ
2806 4073 3059 4140 διδόντος,
3085 4077 3228 4130 διατι
3257 4077 3331 4148 μὴ
3371 4078 3462 4131 τὸν
3502 4081 3609 4131 ἀν-

2034 4161 2516 4229 τιστρατευόμενον
2545 4163 2737 4233 ἐκείνῳ
2782 4165 2875 4217 τοῦ
2913 4166 3079 4235 νόμου
3113 4169 3295 4236 νόμον,
3341 4169 3508 4220 αὐτοῦ
3535 4171 3609 4223 δι’

2033 4249 2198 4318 εὐχῆς
2239 4250 2582 4320 ὡπλισμένον
2631 4255 3050 4325 ἐπιστήσωμενς
3105 4258 3178 4320 ὠς
3219 4259 3286 4311 ἂν
3316 4259 3482 4330 μὴτὸ
3515 4260 3613 4313 διὰ

2033 4341 2126 4393 τοῦ
2186 4340 2410 4412 λουτροῦ
2466 4343 2563 4412 τῆς
2617 4345 3036 4414 παλιγγενεσίας
3090 4350 3308 4420 πνεῦμα
3365 4352 3611 4421 πονηρὸν

1968 4433 2319 4535 υάπεὶαθὲν,
2365 4435 2484 4504 μεθ’
2531 4437 2734 4535 ἑτέρων
2761 4439 2900 4492 ἐπτά
2929 4442 3309 4512 πονηροτέρων
3354 4446 3608 4511 maeui-

2029 4539 2136 4576 των
2183 4525 2537 4594 ἐπιστρέψαν,
2574 4523 2729 4590 αὖθις
2774 4530 3184 4600 ὲγκατοικισθῇ.
3236 4535 3326 4586 καὶ
3374 4535 3608 4604 γένηται

2031 4614 2097 4669 τὰ
2129 4615 2335 4685 ἔσχατα
2379 4617 2596 4688 χείρονα
2631 4619 2740 4671 τῶν
2781 4620 3035 4690 πρώτων.
3081 4625 3318 4694 Πρόσεχε
3366 4629 3605 4693 σεαυτῷ⁹

2032 4707 2196 4775 φησὶν
2224 4709 2252 4760 ὁ
2302 4708 2566 4778 Μωῦσῆς,
2615 4711 2777 4763 παντὶ
2824 4711 3070 4784 δηλαδή·
3117 4716 3176 4767 οὐ
3208 4719 3314 4768 τινὶ
3363 4719 3461 4787 μὲν
3491 4721 3608 4773 τῶν

2033 4796 2161 4863 σῶν,
2195 4799 2300 4851 τινὶ
2336 4798 2380 4851 δ’
2413 4799 2494 4854 οὔ.
2525 4801 2622 4854 Διὰ
2652 4802 2830 4865 τίνος;
2867 4804 2972 4856 Τοῦ
3003 4805 3094 4858 νοῦ
3121 4809 3333 4871 πάντως
3357 4825 3372 4838 ·
3422 4811 3608 4864 οὐδενὶ

2029 4888 2138 4958 γὰρ
2172 4887 2317 4957 ἄλλῳ
2345 4889 2568 4942 δυνατὸν
2624 4894 2908 4962 προσέχειν
2949 4895 3127 4965 ἐαυτῷ
3160 4900 3344 4954 παντί.
3384 4899 3608 4970 Ταύτην

2028 4982 2121 5036 οὖν
2159 4983 2454 5053 ἐπίστησον
2488 4989 2583 5038 καὶ
2627 4987 2772 5056 ψυχῇ
2809 4990 2904 5040 καὶ
2953 4989 3163 5058 σώματι
3196 4993 3296 5060 τὴν
3327 4993 3604 5062 φυλακήνσ

2031 5074 2098 5125 δι’
2129 5075 2300 5143 αὐτῆς
2329 5075 2437 5146 γάρ
2464 5079 2554 5131 καὶ⁵
2581 5083 2906 5149 σωματικῶν
2935 5085 3028 5135 καὶ
3067 5084 3315 5154 ψυχικῶν
3345 5089 3608 5156 πονηρῶν

2028 5168 2372 5238 παθημάτων
2425 5171 2786 5244 ἀπαλλαγήσῃ
2844 5176 3064 5244 ῥᾳδίως.
3136 5178 3370 5230 Σεαυτοῦ
3414 5182 3609 5233 τοίνυν

2028 5258 2330 5328 πρόστηθι,
2391 5261 2602 5331 σεαυτῷ
2663 5263 2952 5332 ἐπίστηθι·
3007 5267 3231 5318 σεαυτὸν
3282 5267 3605 5338 ἐπίσκεψαι,

2031 5351 2231 5418 μᾶλλον
2285 5353 2340 5405 δὲ
2394 5355 2712 5423 προΐστασο,
2743 5357 2836 5408 καὶ
2880 5357 3232 5423 ἐπισκέπτου,
3271 5360 3363 5414 καὶ
3414 5362 3605 5426 ἔταξε.

2028 5443 2140 5497 Καὶ
2169 5445 2275 5513 γάρ
2306 5444 2448 5497 οὕτω
2485 5445 2582 5515 τὴν
2635 5448 2812 5517 σάρκα
2859 5449 3263 5517 ἀφηνιάζουσαν
3310 5453 3607 5520 ὑποτάξεις

2027 5536 2104 5601 τῷ
2145 5536 2438 5604 πνεύματι,
2482 5540 2574 5591 καὶ
2608 5541 2757 5608 ῥῆμα
2806 5543 3045 5610 κρυπτὸν
3076 5545 3133 5596 ὲν
3173 5547 3239 5613 τῇ
3276 5545 3472 5614 καρδία
3507 5564 3606 5599 σου

2027 5627 2083 5678 οὗ
2123 5628 2330 5694 μήποτε
2383 5629 2622 5698 γένηται.
2674 5631 2838 5686 ιἙὲιν
2875 5633 3083 5702 πνεῦμα
3125 5634 3216 5688 τοῦ
3255 5636 3605 5701 ἐξουσιάζονο

1810 5809 1828 5841 ⁸
1852 5808 1997 5867 Psail.
2031 5831 2268 5870 cxvxr'"
2332 5824 2344 5840 '
