3912 6188
283 329 423 393 1113

1554 332 1653 393 DE
1692 332 2241 399 HESYCHASTIS.

3396 346 3533 414 1114

288 468 398 514 τος,
439 448 549 501 τῶν
581 449 834 517 πονηρῶν
868 450 1068 520 δηλαδὴ
1101 451 1193 502 καὶ
1223 453 1570 521 πνευμάτων,
1604 457 1697 508 καὶ
1749 474 1849 510 πα-

1964 451 2079 507 disti
2117 467 2275 509 renes
2300 469 2468 510 meos.
2494 475 2513 507 ι
2562 456 2679 512 Non
2712 458 2885 512 solum
2910 462 3387 531 concupiscibilem
3416 470 3535 521 aui-

288 545 568 608 οημάτων,
622 543 795 610 ἀναϐῇ
844 545 933 594 ἐπὶ
970 543 1051 606 σὲ,
1102 544 1267 610 φησὶν
1317 547 1345 596 ὁ
1399 546 1849 619 Ἐκκλησιαστὴς,

286 637 453 691 τόπον
507 653 600 688 σου
637 636 709 705 μὴ
745 637 920 705 τὶιιρῇς⁸
951 656 968 686 ι
1009 638 1253 689 τουτέστι
1311 638 1384 707 μὴ
1436 639 1611 708 ψυχῆς
1667 641 1849 711 μέρος,

290 729 365 798 μὴ
400 728 559 797 μέλος
610 727 860 795 σώματος
910 728 1276 783 ἀνεπίσκοπον
1313 731 1499 803 ἐάσῃς.
1552 733 1708 786 Οὕτω
1748 736 1851 805 γὰρ

287 819 385 872 καὶ
412 819 520 871 τῶν
552 817 796 871 κάτωθεν
837 819 1249 887 ἐπηρεαζόντων
1300 824 1623 891 πνευμάτων
1652 825 1852 878 ἀνώτε-

290 928 382 979 ρος
408 911 706 981 διαγενήσῃ
735 910 825 962 καὶ
850 909 925 979 τῷ
953 910 1194 974 ἐτάζοντι
1225 913 1449 982 καρδίας
1482 915 1575 968 καὶ
1605 919 1853 985 νεφροὺς,

288 1004 363 1065 ὡς
402 1003 561 1064 αὐτὸς
590 1002 763 1055 ταῦτα
796 1002 1123 1071 προετάσας,
1167 986 1535 1070 ἀνεξετάστως
1574 1012 1858 1079 παραστηο

292 1110 360 1165 σῃ
410 1092 551 1163 μετὰ
586 1093 920 1168 παρρησίας.
977 1094 1067 1145 «Εἰ
1122 1096 1232 1163 γὰρ
1268 1097 1495 1161 ἑαυτοὺς
1548 1100 1853 1169 ἐκρίνομεν,

285 1187 387 1238 οὐκ
420 1185 484 1237 ἂν
518 1183 867 1251 ἐκρινόμεθα,
900 1202 918 1235 ι
954 1184 1163 1247 Παῦλός
1192 1188 1339 1238 ἐστιν
1385 1190 1411 1239 ὁ
1434 1188 1626 1256 λέγων.
1661 1193 1767 1243 Καὶ
1799 1192 1860 1243 τὸ

284 1275 380 1328 τοῦ
413 1275 575 1328 Δαϐιδ
606 1274 792 1327 παθὼν
822 1276 1088 1343 μακάριον
1118 1279 1293 1329 ἐκεῖνο
1342 1279 1533 1343 πάθος,
1564 1282 1657 1334 καὶ
1699 1284 1860 1347 αὐτὸς

288 1366 427 1435 πρὸς
457 1364 547 1417 τὸν
572 1364 705 1417 Θεὸν
753 1364 919 1433 ἐρεῖς,
950 1365 1033 1415 ὃτι
1068 1384 1085 1414 ι
1112 1365 1308 1428 Σκότος
1338 1368 1399 1420 οὐ
1444 1371 1858 1441 σκοτισθήσεται

286 1458 397 1512 ἀπὸ
432 1456 549 1519 σοῦ,
607 1456 701 1509 καὶ
730 1456 824 1521 νὺξ
873 1456 948 1518 ὡς
997 1456 1176 1526 ἡμέρα
1206 1458 1606 1523 φωτισθήσεταί
1634 1480 1744 1531 μοι,
1778 1458 1861 1515 ὅτι

289 1563 355 1619 σὺ
385 1563 601 1632 ἐκτήσω
617 1562 743 1623 τοὺς
770 1577 1004 1629 νεφρους
1028 1563 1272 1629 μου.ιοὑ
1300 1564 1360 1615 τὸ
1390 1563 1489 1631 τῆς
1517 1565 1674 1633 ἐμῆς,
1703 1568 1855 1634 ιρησὶ,

287 1654 465 1724 ιξυχῆς
500 1653 658 1722 μόνον
696 1652 1090 1721 ἐπιθυμητικὸν
1122 1653 1240 1705 ὅλον
1275 1653 1366 1705 σὸν
1417 1656 1679 1723 εἰργάσω,
1725 1658 1860 1711 ἀλλὰ

287 1750 381 1797 καὶ
410 1744 538 1796 εἴτι
564 1746 621 1796 ἐν
677 1743 755 1813 τῷ
792 1743 1003 1811 σώματι
1049 1745 1252 1813 ταύτης
1291 1745 1388 1813 τῆς
1423 1745 1718 1814 ἐπιθυμίας
1754 1746 1859 1809 Cth-

288 1853 484 1905 πυρον,
524 1835 660 1904 πρὸς
689 1836 787 1902 τὴν
818 1833 1152 1902 ἐμποιοῦσαν
1182 1836 1539 1905 ἐπιστρέψαι),
1577 1838 1645 1889 δι’
1689 1838 1860 1907 αὐτῆς

288 1929 429 1994 πρὸς
458 1927 516 1979 σὲ
550 1926 777 1995 ἀνέπτη,
821 1927 913 1978 καὶ
965 1926 1060 1978 σοῦ
1091 1926 1404 1997 ἐξήρτηται,
1436 1930 1531 1982 καὶ
1560 1930 1642 1982 σοὶ
1673 1931 1862 1984 κολλᾶ-

287 2039 401 2077 ται.
448 2020 538 2080 Ὡς
566 2020 673 2088 γὰρ
706 2022 818 2081 τοῖς
859 2019 966 2071 τῶν
991 2019 1286 2089 αἰσθητῶν,
1325 2022 1417 2073 καὶ
1453 2021 1707 2093 φθαρτῶν
1739 2024 1861 2093 ἡδο-

287 2113 399 2169 νῶν
428 2111 824 2181 ἀντεχομένοις,
852 2111 910 2163 τὸ
934 2113 1032 2181 τῆς
1066 2113 1243 2181 ψυχῆς
1290 2114 1589 2183 ἐπιθυμοῦν
1619 2116 1739 2169 ὅλον
1766 2134 1859 2168 κε-

291 2205 478 2257 νοῦται
510 2206 645 2273 πρὸς
673 2203 774 2272 τὴν
803 2203 1005 2272 σάρκα,
1037 2203 1132 2255 καὶ
1177 2203 1265 2255 διὰ
1295 2204 1454 2257 τοῦτο
1501 2206 1613 2258 ὅλοι
1660 2209 1859 2277 σάρκες

290 2296 557 2361 γίνονται,
590 2292 684 2344 καὶ
715 2292 775 2344 τὸ
806 2291 1030 2360 Πνεῦμα
1076 2291 1168 2344 τοῦ
1201 2293 1338 2345 Θεοῦ
1376 2294 1476 2347 οὐκ
1509 2295 1587 2347 ἐνι
1616 2299 1861 2365 καταμέ-

290 2402 404 2438 νειν
444 2386 501 2436 ἐν
531 2385 713 2446 αὐτοῖς
741 2424 755 2444 ,
786 2383 930 2436 οὓτω
966 2386 1078 2447 τοῖς
1108 2384 1426 2453 ἁνυψὼσασι
1455 2388 1543 2439 τὸν
1572 2387 1696 2441 νοῦν
1729 2390 1865 2458 πρὸς

290 2478 385 2531 τὸν
417 2477 572 2541 Θεὸν,
612 2476 706 2528 καὶ
739 2474 835 2529 τοῦ
863 2476 1006 2529 θείου
1038 2476 1205 2529 πόθου
1227 2478 1326 2547 τὴν
1354 2477 1531 2548 ψυχὴν
1562 2480 1866 2551 ἐξηρτημέ-

291 2583 426 2629 νοις,
452 2566 545 2618 καὶ
571 2568 604 2635 ἡ
634 2565 770 2637 σὰρξ
799 2564 1312 2636 μετασκευαζομένη
1353 2568 1748 2635 συνανυψοῦται
1804 2587 1865 2625 τε

292 2660 390 2711 καὶ
430 2656 793 2710 συναπολαύει
846 2658 946 2726 τῆς
998 2657 1149 2719 Θείας
1196 2659 1510 2720 κοινωνίας·
1559 2661 1652 2712 καὶ
1679 2662 1866 2731 κτῆμα

296 2750 394 2802 καὶ
420 2747 558 2817 αὐτὴ
582 2748 815 2815 γίνεται,
848 2749 940 2801 καὶ
969 2749 1177 2818 οἴκημα
1200 2748 1366 2812 Θεοῦ,
1403 2749 1593 2817 μηκέτ’
1628 2752 1865 2803 ἐνοικουο

299 2839 496 2909 ροῦσαν
535 2838 734 2909 ἐχουσα
781 2839 881 2908 τὴν
915 2839 1050 2909 πρὸς
1096 2839 1227 2892 Θεὸν
1278 2839 1497 2908 ἔχθραν,
1549 2841 1684 2911 μηδέ
1728 2844 1870 2897 κατὰ

293 2932 392 2984 τοῦ
452 2931 761 3001 πνεύματος
798 2930 1160 2998 ἐπιθυμοῦσα.
1214 2931 1309 2994 Τίς
1349 2932 1407 2986 δὲ
1461 2933 1555 2985 καὶ
1599 2936 1627 2985 ὀ
1669 2934 1867 3004 μᾶλλον

299 3022 605 3092 ἐπιτήδειος
633 3022 795 3085 τόπος
822 3021 897 3080 τῶ
919 3021 1161 3074 κάτωθεν
1187 3022 1272 3090 ἐφ’
1306 3023 1454 3091 ἡμᾶς
1484 3023 1685 3076 ἀνιόντι
1711 3025 1868 3077 πνειτο

1958 560 2057 598 mze
2084 554 2293 610 partem
2320 556 2489 602 totam
2523 557 2673 602 tuam
2702 549 2974 616 efﬁciam;
3009 554 3106 605 sed
3148 564 3203 606 et
3237 555 3281 608 si
3315 557 3437 624 quis
3482 560 3536 612 in

1955 647 2183 701 corpore
2213 643 2295 689 est
2316 638 2776 706 concupiscentiae
2829 639 2990 708 hujus
3012 640 3207 707 fomes,
3232 644 3359 697 illuc
3395 648 3537 699 unite

1955 723 2194 788 elicitur,
2222 740 2542 789 conversus,
2577 730 2677 782 hac
2718 734 2783 784 ad
2820 740 2872 785 te
2906 732 3075 795 volat,
3110 744 3163 787 et
3193 735 3288 788 tibi
3335 751 3536 804 appen-

1956 815 2064 878 det,
2087 826 2137 868 et
2162 826 2337 871 tecum
2363 820 2747 889 agglutinatur.
2774 822 2928 877 Sicut
2946 826 3093 879 enim
3143 827 3235 895 qui
3260 830 3533 882 sensibilia

1961 915 2014 959 et
2047 910 2425 976 corruptibili:
2470 912 2898 980 amplectuntur,
2935 924 3105 968 totum
3157 918 3354 970 anima:
3376 934 3536 987 appe-

1959 999 2115 1051 titum
2148 1000 2434 1056 eﬂ'undunt
2478 1004 2547 1057 ad
2574 1019 2815 1068 carnem,
2865 1006 3093 1075 ideoque
3153 1008 3249 1061 toti
3289 1010 3536 1063 carnales

1957 1090 2111 1154 littnt,
2139 1092 2468 1160 etspiritum
2501 1093 2590 1146 Dei
2633 1109 2735 1146 non
2789 1094 2993 1148 habent
3025 1097 3076 1148 in
3132 1113 3192 1150 se
3230 1099 3534 1152 itnmauen-

1959 1190 2069 1233 tem
2111 1198 2125 1234 :
2156 1181 2229 1233 ita
2262 1184 2349 1238 his
2380 1185 2471 1252 qui
2512 1196 2745 1239 mentem
2783 1188 2998 1240 elevant
3044 1189 3111 1242 ad
3148 1189 3337 1252 Deum,
3363 1200 3418 1243 et
3448 1190 3534 1244 di-
3576 1259 3580 1262 ~

1956 1273 2082 1325 vino
2113 1274 2283 1327 amori
2307 1278 2543 1327 animam
2584 1277 2914 1342 devinciunt,
2955 1280 3071 1348 ipsa
3104 1296 3233 1334 caro
3265 1290 3539 1335 transmu-

1959 1374 2074 1419 tata
2129 1367 2290 1419 siuzul
2325 1369 2576 1435 erigitur,
2617 1384 2679 1422 ac
2716 1370 2895 1423 divino
2926 1372 3121 1424 fruitur
3159 1376 3448 1439 consortio,
3482 1384 3536 1428 et

1956 1458 2015 1511 fit
2044 1460 2210 1512 etiam
2246 1474 2330 1511 res
2358 1470 2412 1513 ct
2449 1462 2643 1514 domus
2695 1459 2937 1530 Dei,jam
2981 1476 3087 1516 non
3141 1464 3534 1519 inhabitantem

1958 1551 2165 1604 habens
2190 1552 2282 1605 Dei
2311 1551 2680 1614 inimicitiam,
2718 1569 2820 1608 nec
2852 1554 3114 1608 adversus
3133 1556 3382 1623 spiritum
3408 1571 3537 1609 cett-

1956 1645 2269 1712 cupiscens.

2031 1736 2160 1791 Utra
2195 1750 2387 1791 autem
2418 1737 2601 1807 aptior
2640 1748 2725 1794 est
2754 1739 2968 1805 Spiritui
3006 1755 3105 1794 nos
3146 1740 3399 1794 deorsum
3453 1742 3535 1795 in-

1957 1829 2220 1883 vadenti?
2265 1845 2468 1883 eamne
2529 1846 2597 1883 an
2662 1832 2865 1885 meus?
2908 1848 3087 1886 nonne
3126 1848 3278 1895 caro,
3321 1834 3373 1885 in
3429 1848 3536 1902 qua

1958 1922 2257 1988 Apostolus
2289 1922 2423 1977 nihil
2461 1924 2659 1976 bonum
2694 1924 2829 1977 dicit
2856 1925 3103 1978 habitare
3134 1934 3420 1993 antequam
3460 1925 3539 1979 le-

1957 2028 2075 2081 gem
2108 2015 2229 2068 vitae
2276 2016 2791 2085 conceperiIYEam
2849 2016 3018 2086 igitur
3077 2017 3259 2084 potius
3320 2028 3538 2086 oportet

1958 2121 2235 2175 nunquam
2286 2106 2491 2160 dimitti
2535 2106 2948 2162 incustoditam.
2986 2107 3157 2161 Seeus
3208 2108 3351 2161 enim
3406 2108 3537 2176 quid

1958 2202 2257 2254 licremus?
2292 2199 2358 2254 Et
2404 2215 2503 2253 cur
2549 2214 2670 2254 eam
2719 2201 3265 2269 derelinqueremus?
3292 2201 3353 2253 Et
3406 2214 3540 2269 quo-

1957 2292 2118 2345 modo
2175 2294 2504 2359 repellamus
2562 2293 2785 2363 maligni
2843 2293 2910 2346 ad
2951 2304 3072 2346 eam
3111 2293 3382 2355 reditum,
3444 2292 3538 2360 qui

1958 2385 2259 2450 prmsertim
2298 2399 2608 2453 repugnare
2654 2385 3011 2451 spiritualiter
3042 2394 3238 2438 contra
3270 2385 3539 2451 spiritua-

1958 2473 2029 2526 lia
2078 2476 2333 2543 nequitia:
2364 2478 2601 2530 nondum
2642 2477 2867 2540 scimus,
2899 2478 2947 2531 si
2992 2491 3095 2530 non
3140 2476 3395 2529 exteriori
3439 2477 3538 2528 ha-

1956 2566 2072 2619 bitu
2124 2567 2544 2637 nobismetipsis
2589 2570 2868 2623 discamus
2898 2568 3226 2636 invigilare?
3256 2566 3364 2620 Nec
3394 2567 3539 2621 solos

1955 2657 2078 2711 dico
2128 2668 2372 2712 recenter
2427 2659 2789 2726 incipientes,
2842 2675 2963 2713 cum
3040 2670 3096 2712 et
3152 2657 3538 2727 perfectiorum

1960 2750 2228 2811 nonnulli,
2254 2751 2355 2804 hoc
2395 2750 2501 2805 situ
2545 2751 2596 2803 itt
2638 2753 2893 2805 oratione
2925 2752 3030 2814 usi,
3060 2750 3304 2804 exauditi
3330 2758 3457 2803 sunt
3508 2765 3538 2802 a

1956 2840 2089 2904 Deo,
2127 2855 2233 2894 nou
2276 2841 2654 2895 tantummodo
2705 2853 2827 2909 post
2881 2842 3186 2906 Christum,
3222 2842 3317 2895 sed
3378 2843 3539 2895 etiam

1957 2942 2082 2987 ante
2114 2933 2235 3003 ejus
2269 2935 2335 2987 ad
2376 2950 2474 2988 nos
2522 2936 2840 2988 adventum.
2870 2936 2987 3003 Ipse
3016 2936 3163 2989 enim
3209 2937 3542 3003 contempla-

1960 3023 2105 3077 tione
2127 3024 2561 3092 perfectissimus
2597 3024 2764 3089 Elias,
2794 3039 3003 3094 ponens
3037 3024 3232 3079 facient
3270 3040 3422 3078 suam
3453 3026 3541 3077 iu-

291 3150 425 3204 ματι
484 3132 707 3201 σαρκὸς,
770 3131 864 3183 καὶ
914 3128 1039 3190 νοῦς
1094 3128 1190 3195 οὐχ
1316 3125 1473 3195 σὰρξ,
1525 3120 1645 3198 ενῇ
1690 3128 1783 3178 καὶ
1826 3129 1855 3179 ὁ

1964 3126 2043 3168 ter
2064 3131 2241 3184 genua
2280 3134 2377 3171 sua
2413 3120 2478 3182 ¹⁰,
2518 3129 2573 3172 οι
2607 3119 2691 3172 sic
2721 3126 2956 3170 tuentem
3003 3119 3056 3171 in
3088 3132 3147 3171 se
3202 3128 3258 3170 et.
3294 3120 3343 3169 in
3370 3118 3539 3170 Deam

298 3222 623 3283 ’Λπόστολός
652 3237 786 3289 φησι
840 3219 1003 3289 μηδὲν
1042 3217 1265 3285 ἀγαθὸν,
1306 3218 1412 3287 πρὸ
1456 3215 1552 3267 τοῦ
1598 3218 1850 3282 ἐγκατοι-

282 3312 538 3381 κισθῆναι
570 3312 662 3364 τὸν
709 3312 873 3379 νόμον
922 3311 1020 3379 τῆς
1054 3309 1220 3378 ζωῆς,
1254 3309 1452 3368 οἰκεῖν;
1502 3306 1741 3374 Ταύτηνξ
1765 3306 1854 3357 οὓς

282 3402 416 3455 κοῦν
466 3404 558 3477 καὶ
590 3401 791 3470 μᾶλλον
831 3398 1217 3469 δεῖ’μηδέποτ’
1257 3396 1510 3465 ἀφεῖσθαι
1558 3396 1851 3465 προσοχῆς.

282 3498 410 3558 ιῐῶς
466 3497 573 3565 γὰρ
627 3494 782 3562 ήμῶν
826 3492 951 3561 ein;
998 3492 1115 3555 πῶς
1165 3491 1209 3553 δ’
1258 3490 1324 3544 ἆν
1355 3491 1583 3559 ἀφῶμεν
1612 3489 1850 3556 ταύτην;

280 3590 409 3651 Πῶς
459 3589 503 3641 δ’
558 3588 623 3641 ἂν
654 3585 1139 3656 ὰποκρουσαίμεθα
1166 3583 1265 3653 τὴν
1297 3584 1434 3653 πρὸς
1480 3580 1648 3651 αὐτὴν
1674 3581 1856 3634 ἄνοδον

278 3681 379 3733 τοῦ
421 3679 701 3749 πονηροῦ,
754 3679 846 3730 καὶ
899 3678 1134 3746 μάλιστα
1178 3678 1226 3728 οἱ
1261 3676 1424 3744 μήπω
1472 3669 1859 3741 πνευματικῶς

283 3770 488 3830 εἰδότες
521 3767 832 3820 ἁντεπιέναι
864 3768 978 3828 τοῖς
1008 3766 1400 3832 πνευματικοῖς
1435 3764 1531 3832 τῆς
1568 3761 1858 3832 πονηρίας,

285 3862 337 3913 εἰ
373 3860 449 3930 μὴ
482 3861 577 3912 καὶ
610 3859 701 3912 διὰ
725 3858 818 3910 τοῦ
855 3858 959 3921 ἔξω
985 3858 1263 3926 σχήματος
1294 3856 1442 3925 ἡμᾶς
1486 3854 1682 3915 αὐτοὺς
1729 3870 1861 3905 παι-

287 3951 556 4018 δεύσομεν
581 3948 870 4019 προσέχειν
898 3948 1113 4009 ἑαυτοῖς
1138 3964 1151 4010 ;
1186 3948 1293 3999 Καὶ
1326 3945 1375 3997 τί
1413 3945 1560 4012 λέγω
1588 3945 1712 4005 τοὺς
1736 3942 1862 4013 ἄρτι

290 4042 772 4112 ἐπιϐαλλομένους.
812 4041 900 4094 ὅτε
946 4039 1041 4093 καὶ
1075 4038 1184 4092 τῶν
1218 4038 1562 4114 τελεωτέρων
1605 4036 1743 4088 εἰσὶν
1786 4035 1861 4099 οἶ,

286 4146 467 4213 τούτῳ
487 4142 819 4213 χρησάμενοι
848 4139 924 4209 τῷ
956 4139 1193 4208 σχήματι
1222 4138 1360 4190 κατὰ
1384 4137 1481 4205 τὴν
1531 4136 1859 4205 προσευχὴν,

288 4238 521 4306 εὐήκοον
544 4235 605 4288 τὸ
626 4234 777 4286 Θεῖον
806 4232 990 4300 ἔσχον·
1022 4229 1083 4282 οὐ
1110 4228 1272 4298 μόνον
1306 4230 1415 4280 τῶν
1440 4229 1578 4297 μετὰ
1607 4227 1863 4295 Χριστὸν,

290 4326 431 4379 ἀλλὰ
460 4324 554 4378 καὶ
592 4323 700 4375 τῶν
733 4323 837 4392 πρὸ
860 4322 958 4390 τῆς
1001 4320 1165 4374 αὐτοῦ
1208 4319 1343 4389 πρὸς
1369 4319 1512 4387 ὑμᾶς
1550 4316 1865 4385 ἐπιδημίας.

292 4419 405 4471 Καὶ
434 4417 596 4478 αὐτὸς
643 4414 752 4484 γὰρ
802 4416 830 4465 ὁ
866 4412 965 4483 τὴν
1019 4411 1278 4465 θεοπτίαν
1312 4410 1641 4471 τελεώτατος
1680 4406 1867 4467 Ἠλίας

1966 3206 2283 3277 diligentius
2309 3210 2596 3275 reducens,
2628 3212 2775 3265 illam
2800 3212 3113 3265 multorum
3147 3225 3412 3264 annorum
3452 3210 3541 3262 di-

1966 3298 2065 3351 luit
2092 3300 2416 3353 sict'itatem.

2036 3391 2125 3447 Isti
2150 3402 2331 3446 autem
2362 3410 2389 3445 a
2414 3394 2634 3462 quibus,
2668 3393 2857 3460 frater,
2891 3395 2980 3448 illa
3011 3394 3105 3447 tibi
3155 3394 3340 3447 audita
3374 3393 3544 3448 fuisse

1965 3484 2122 3546 dicis,
2151 3486 2279 3537 mihi
2305 3486 2555 3537 videntur
2574 3498 2838 3553 aegrotare
2883 3486 3285 3539 Pharisaeorum
3318 3484 3535 3551 morbo;

1966 3574 2148 3642 itaque
2177 3573 2323 3642 quud
2368 3583 2455 3626 est
2514 3575 2663 3627 intus
2712 3576 2921 3636 calicis,
2962 3591 3057 3628 cor
3098 3575 3314 3629 scilicet
3359 3590 3541 3637 suum,

1965 3666 2236 3734 inspicere
2266 3676 2320 3719 et
2358 3668 2624 3719 inundare
2654 3667 2841 3719 nolunt
2867 3684 2882 3734 ;
2922 3678 2975 3720 et
3005 3675 3219 3735 patrum
3254 3682 3359 3718 non
3388 3677 3542 3719 stan-

1966 3765 2048 3811 tes
2104 3756 2519 3822 traditionibus,
2558 3767 2746 3811 amant
2788 3774 2949 3825 supra
2986 3773 3174 3812 omnes
3232 3758 3442 3821 sedere,
3484 3768 3543 3811 ut

1965 3849 2088 3901 novi
2127 3849 2264 3917 legis
2300 3848 2589 3915 doctores;
2631 3858 2689 3902 et
2736 3850 2901 3902 situm
2945 3849 3227 3920 justiﬁcati
3269 3851 3541 3918 publicani

1967 3943 2019 3994 in
2047 3942 2298 3995 oratione
2324 3942 2428 4009 ipsi
2456 3942 2840 4010 dedignantur,
2872 3954 2925 3996 et
2972 3944 3096 3997 aliis
3126 3945 3410 3998 orantibus
3446 3946 3544 3999 ad-

1967 4034 2288 4087 mittendum
2318 4034 2663 4089 dissuadent.
2695 4034 2848 4089 Sicut
2892 4036 3039 4089 enim
3074 4036 3337 4092 Dominus
3364 4029 3540 4092 dicit:

1972 4142 1991 4173 ι
2020 4124 2111 4177 Ille
2140 4125 2353 4179 nolebat
2385 4141 2486 4180 nec
2508 4130 2693 4181 oculos
2724 4129 2788 4180 ad
2822 4130 3020 4183 caelum
3047 4131 3227 4184 levare
3258 4133 3322 4184 “.
3354 4151 3371 4182 ι
3408 4130 3540 4185 Eum

1965 4231 2129 4284 porro
2170 4217 2473 4282 imitantur,
2501 4220 2594 4288 qui
2646 4220 2697 4271 in
2742 4221 2955 4287 seipsos
3002 4223 3177 4275 visunt
3222 4222 3425 4275 orando
3458 4225 3542 4274 in-

1967 4308 2239 4371 tendunt;
2292 4310 2383 4377 qui
2435 4325 2567 4363 vero
2623 4325 2717 4363 eos
2780 4321 2977 4363 vocant
3027 4302 3536 4380 amp/mlo'psycltos;

1967 4416 2072 4453 non
2104 4400 2282 4453 solum
2339 4401 2624 4455 evidenter
2657 4402 3064 4456 calumniantur
3096 4420 3233 4472 quos
3279 4417 3541 4459 accusant

297 4509 390 4577 τὴν
443 4504 684 4575 κεφαλὴν
722 4506 833 4563 τοῖς
884 4503 1106 4568 γόνασιν
1160 4501 1399 4572 ἐρείσας,
1442 4500 1536 4552 καὶ
1590 4496 1732 4550 οὕτω
1775 4496 1862 4546 τὸν

1967 4493 2115 4560 (quis
2140 4494 2285 4545 enim
2344 4493 2538 4547 horum
2578 4495 2630 4548 in
2669 4496 2932 4549 umbilico
2981 4497 3194 4562 reponit.
3221 4497 3543 4565 animant?),

294 4602 421 4655 νοῦν
480 4601 557 4662 είς
612 4597 803 4651 ἐαυτὸν
839 4597 932 4649 καὶ
981 4595 1071 4647 τὸν
1120 4593 1251 4646 Θεὸν
1286 4590 1716 4660 φιλοπονώτερον
1747 4604 1869 4639 συν-

294 4695 541 4763 αγαγὼν,
576 4694 668 4745 τὸν
699 4690 930 4759 πολυετῆ
973 4690 1178 4741 ἐκεῖνον
1212 4685 1400 4737 ἔλυσεν
1444 4682 1674 4751 αὐχμόν.
1710 4674 1867 4732 Οὗτοι

294 4788 351 4840 δέ
396 4804 487 4855 μοι
515 4785 783 4847 δοκοῦσιν,
814 4782 1033 4849 ἀδελφὲ,
1073 4780 1204 4849 παρ’
1249 4772 1323 4831 ὧν
1374 4775 1668 4843 ἀκηκοέναι
1696 4772 1869 4824 ταῦτα

296 4879 500 4945 λέγεις,
532 4880 706 4928 νοσεῖν
739 4874 836 4945 τὴν
867 4873 975 4927 τῶν
1004 4870 1313 4940 Φαρισαίων
1345 4867 1498 4919 νόσον
1524 4879 1536 4891 ·
1569 4865 1648 4917 διὸ
1682 4864 1775 4915 καὶ
1812 4862 1874 4914 τὸ

298 4970 501 5023 ἔσωθεν
554 4967 647 5020 τοῦ
685 4966 968 5034 ποτηρίου,
1009 4962 1209 5031 δηλαδὴ
1250 4959 1347 5028 τὴν
1379 4957 1584 5010 ἑαυτῶν
1622 4954 1871 5024 καρδίαν,

299 5061 729 5117 ἐπισκέπτεσθαι
776 5059 872 5111 καὶ
924 5056 1207 5124 καθαίρειν
1279 5053 1381 5104 οὐκ
1435 5048 1717 5101 ἐθέλουσι·
1782 5046 1875 5097 καὶ

300 5161 423 5218 ταῖς
456 5156 755 5223 πατρικαῖς
806 5152 881 5219 μὴ
923 5147 1260 5216 στοιχοῦντες
1299 5136 1650 5211 παραδόσεσι.
1704 5137 1873 5189 σπεύσ-

300 5251 485 5302 δουσιν
524 5248 677 5298 αὐτοὶ
707 5240 1088 5312 προκαθῆσθαι
1132 5239 1369 5297 πάντων,
1408 5234 1479 5296 ὡς
1508 5231 1685 5284 καινοὶ
1712 5245 1873 5296 νομο-

304 5339 653 5394 διδάσκαλοι·
704 5337 764 5388 τό
805 5353 863 5386 τε
906 5334 1090 5402 σχῆμα
1125 5333 1222 5399 τῆς
1250 5324 1677 5393 δεδικαιωμένης
1712 5320 1875 5372 τελω-

304 5434 463 5498 νικῆς
507 5429 669 5498 εὐχῆς
713 5427 948 5492 ἐκείνης,
986 5421 1137 5474 αὐτοί
1184 5438 1241 5472 τε
1274 5416 1583 5481 ἀπαξιοῦσι,
1610 5414 1703 5465 καὶ
1752 5412 1876 5472 τοὺς

307 5523 501 5582 ἄλλους
545 5522 651 5571 τῶν
681 5519 987 5587 εὐχομένων
1042 5511 1363 5582 παραινοῦσι
1405 5510 1478 5577 μὴ
1531 5502 1873 5574 προσίεσθαι.

308 5615 579 5679 Καθάπερ
642 5614 748 5679 γὰρ
820 5615 875 5662 ἐν
936 5606 1285 5669 Ιὲὺαγγεὶίοις
1348 5602 1509 5670 φησιν
1560 5600 1587 5649 ὁ
1638 5596 1877 5665 Κύριος’

365 5787 496 5857 ¹⁰,ῐ11
537 5786 661 5855 Reg.
711 5803 863 5851 svnt,
894 5787 979 5841 l2.
1062 5787 1251 5842 “Luc.
1292 5789 1554 5855 xvnt,15.

1966 4601 2075 4638 non
2131 4587 2329 4650 Solum,
2369 4588 2617 4655 inquam,
2669 4590 2803 4642 fiunt
2868 4589 3155 4643 tnanileste
3216 4592 3542 4645 ealuntniosi

1968 4680 2321 4747 impostores,
2350 4684 2444 4733 sed
2487 4690 2539 4734 et
2579 4683 2876 4734 ostendunt
2921 4682 3133 4750 seipsos
3188 4683 3540 4736 laudabilium

1968 4770 2366 4824 conviciatores
2400 4771 2669 4835 virorum,
2721 4772 2861 4825 haud
2900 4786 3028 4825 vero
3082 4776 3385 4825 errantium
3416 4789 3538 4827 esse

1967 4871 2325 4923 correctores,
2364 4876 2461 4915 nec
2487 4873 2702 4931 propter
2722 4864 3096 4933 quietndiuem
3127 4873 3182 4918 et
3214 4866 3529 4930 veritatem,

1968 4961 2021 5005 at
2050 4960 2274 5021 propter
2313 4968 2506 5006 vanam
2541 4953 2768 5019 gloriam
2827 4954 3091 5017 scribere,
3134 4969 3311 5024 neque
3368 4965 3427 5008 ut
3476 4959 3542 5007 ad

1970 5046 2301 5113 Vigilantiam
2347 5046 2626 5108 inducant,
2659 5046 2750 5099 sed
2785 5055 2841 5098 ut
2876 5061 2905 5098 a
2941 5048 3219 5116 vigilantia
3274 5058 3540 5101 avertant.

1969 5138 2144 5205 Ipsum
2182 5141 2327 5192 enim
2361 5140 2492 5193 illud
2543 5154 2699 5207 opus,
2733 5151 2787 5193 et
2841 5157 3032 5194 omnes
3060 5142 3107 5195 ei
3142 5143 3388 5195 Studiose
3455 5142 3543 5192 in-

1967 5233 2313 5299 cumbentes,
2344 5234 2491 5286 omni
2518 5234 2678 5286 modo
2705 5234 2924 5287 student
2956 5235 3025 5290 ob
3055 5244 3236 5289 actum
3263 5249 3369 5300 quo
3409 5232 3541 5284 illud

1966 5336 2275 5389 eterretur,
2299 5337 2674 5379 contemnere.
2711 5324 2777 5379 Et
2840 5327 2926 5380 isti
2961 5343 3083 5381 eum
3142 5329 3232 5395 qtti
3284 5326 3422 5378 dixit
3459 5326 3538 5377 ηε

1972 5438 1987 5467 ι
2023 5416 2228 5471 Venter
2293 5434 2446 5471 tuens
2490 5419 2645 5485 quasi
2705 5421 2916 5472 cithara
2960 5420 3196 5481 sonabit,
3228 5428 3281 5472 et
3332 5418 3540 5471 viscera

1967 5528 2083 5564 mea
2115 5512 2179 5563 ad
2215 5527 2432 5563 murum
2460 5527 2661 5565 mreum
2704 5527 2865 5579 quem
2896 5512 3235 5575 instauras:i,
3268 5530 3286 5561 ι
3359 5512 3543 5565 (ωηο-

1970 5608 2197 5675 psyclios
2229 5605 2388 5661 facile
2420 5610 2851 5677 appellarent,et
2888 5605 3045 5661 simul
3089 5604 3544 5661 universosiucu-

1638 5786 1793 5842 “lsa.
1824 5801 1933 5852 ιιί,
1979 5788 2058 5841 ll.
