3962 6208
465 300 619 370 ³115

1721 305 1764 356 (ἶ
1781 303 1824 360 Π
1840 303 1982 362 EGO
1995 304 2102 364 Rll
2168 307 2254 365 ΡΛ
2271 309 2356 367 LA
2369 311 2492 370 311E

3558 316 3605 377 Π
3621 321 3670 382 16

485 427 672 474 sarent
702 409 1011 489 quicunque
1063 420 1339 488 corporeis
1377 417 1706 487 imaginibus
1739 401 2048 486 intelligim-

2157 439 2174 470 ι
2199 420 2431 478 Ἐκεῖνος
2464 418 2563 469 οὐκ
2609 417 2800 486 ἤθελεν
2839 417 2959 469 οὐδὲ
3004 417 3126 479 τοὺς
3171 418 3468 487 ὀφθαλμοὺς
3501 421 3568 481 εἰς
3594 423 3668 474 τὸν

482 513 551 566 lia
608 513 899 581 divinaque
923 524 1000 567 et.
1027 513 1330 579 spiritualia
1374 512 1626 580 ﬁgurant,
1659 520 1973 580 nuncupant
1998 520 2052 564 et

483 605 829 672 investigarit.
865 603 970 658 Sed
996 606 1078 658 eis
1115 604 1318 658 nullum
1370 603 1572 658 idcirco
1621 603 1854 657 inferent
1881 603 2050 658 detri-

488 704 753 761 mentum,
802 704 858 749 at
910 697 1090 764 potius
1155 710 1320 750 causa
1380 695 1733 748 beatitudinis
1779 702 1941 747 erunt
1996 703 2052 748 et

487 787 666 855 plures
695 785 896 840 addent
933 788 986 841 in
1044 786 1204 841 cmlis
1234 800 1506 851 coronas;
1541 785 1647 854 ipsi
1707 797 1836 838 vero
1898 792 2048 837 extra

479 878 772 931 sanctuarii
818 879 994 932 velum
1044 878 1364 939 manebunt.
1421 892 1521 931 nec
1577 876 1752 946 ipsam
1812 875 2051 930 veritatis

487 971 733 1023 umbram
765 977 1022 1037 poterunt
1046 969 1243 1023 intueri
1271 984 1286 1034 ;
1327 969 1435 1021 imo
1467 967 1619 1022 valde
1645 966 1940 1030 timendum
1968 974 2051 1019 est

478 1078 545 1116 ne
598 1063 679 1116 vel
729 1077 889 1129 pmna
923 1061 1218 1114 multentur
1246 1071 1474 1128 aeterna,
1501 1061 1627 1130 quia
1671 1075 1778 1114 non
1821 1059 1993 1114 solum
2019 1076 2048 1112 a

479 1154 684 1207 sanctis
711 1153 1104 1214 discesserunt,
1133 1153 1228 1208 sed
1283 1153 1450 1206 etiam
1510 1161 1698 1206 contra
1744 1166 1841 1206 eos
1884 1153 2050 1206 verbo

438 1235 441 1238 ⁴
478 1246 854 1298 incesserunt.

551 1337 682 1390 Nam
717 1334 991 1391 Simeonis
1019 1335 1250 1403 iunioris
1283 1335 1516 1404 theologi
1547 1336 1711 1389 vitam
1766 1335 2050 1404 Cognoseis

481 1431 592 1483 fere
622 1431 673 1482 in
695 1430 946 1483 omnibus
977 1429 1275 1484 mirabilem
1303 1439 1357 1484 et
1379 1428 1890 1497 supernaturalibus
1940 1428 2044 1480 titi-

483 1521 684 1574 raculis
717 1536 746 1573 a
787 1519 893 1573 Deo
932 1520 1312 1588 glorilicatant,
1345 1529 1400 1575 ct
1438 1520 1640 1588 scripta
1677 1520 1795 1590 ejus
1841 1520 2044 1588 scripta

481 1613 607 1667 vitze
637 1613 823 1667 dicens
861 1613 1057 1681 aliquis
1089 1629 1197 1667 nou
1227 1628 1255 1665 a
1291 1622 1438 1669 recto
1485 1621 1722 1668 erraret.
1771 1613 1837 1666 Et
1882 1627 2048 1667 vene-

481 1705 708 1758 randum
761 1704 912 1758 illum
973 1703 1374 1773 Nicephorum,
1420 1704 1510 1774 qui
1565 1705 1752 1758 multis
1802 1703 1963 1759 annis
1993 1706 2045 1757 in

479 1797 769 1850 solitudine
799 1809 856 1851 ct
888 1798 937 1849 in
968 1799 1152 1865 quiete
1181 1799 1442 1866 peractis,
1474 1797 1670 1852 deinde
1698 1797 1885 1867 magis
1917 1798 2047 1850 soli-

480 1891 646 1944 tarias
673 1892 970 1959 praeferens
1005 1892 1182 1946 sancti
1211 1890 1406 1945 Montis
1436 1899 1642 1958 partes,
1666 1904 1790 1944 sese
1811 1891 1875 1943 ad
1900 1891 2050 1943 labo-

482 1996 594 2035 rem
631 1983 897 2046 exercuit,
938 1991 994 2038 et
1021 1998 1087 2037 ex
1123 1982 1369 2036 collectis
1398 1981 1650 2036 omnibus
1677 1981 1892 2035 Patrum
1937 1996 2050 2034 scr—

481 2072 731 2126 tnonibus
761 2085 970 2127 erutam
1007 2075 1166 2128 nobis
1205 2075 1436 2128 tradidit
1477 2073 1772 2144 vigilantia:
1812 2072 2047 2142 praxim.

481 2161 558 2216 lbi
588 2179 722 2232 ergo
755 2164 884 2218 illud
914 2167 1057 2234 quod
1085 2182 1114 2219 a
1145 2167 1466 2234 quibusdam
1506 2164 1675 2220 refelli
1713 2165 1871 2229 dicis,
1925 2178 2050 2232 per-

481 2257 732 2310 fectionis
771 2259 1078 2312 amantibus
1105 2257 1254 2312 clare
1287 2258 1539 2312 suadent.

553 2345 621 2400 Et
680 2347 810 2416 quid
858 2347 1096 2402 referant
1153 2358 1368 2403 veteres
1411 2349 1674 2404 sanctos?
1727 2348 1837 2402 Viri
1891 2350 2050 2415 paulo

485 2439 644 2492 nobis
671 2439 994 2505 anteriores,
1021 2440 1075 2492 in
1107 2439 1308 2507 quibus
1331 2440 1618 2494 manifesta
1647 2439 1841 2494 enituit
1881 2439 2051 2492 virtus

489 2530 728 2600 Spiritus
789 2531 982 2598 sancti,
1041 2531 1224 2586 omnia
1286 2533 1397 2586 hare
1450 2532 1604 2586 nobis
1667 2531 1890 2600 proprio
1951 2544 2046 2583 ore

483 2619 847 2684 tradiderunt,
894 2631 950 2676 et
1017 2622 1168 2676 illum
1225 2621 1532 2692 theologum
1589 2635 1709 2676 esse
1766 2619 2052 2674 verissime

485 2713 798 2783 theologum
841 2723 898 2768 et
946 2714 1198 2769 veritatis
1244 2715 1624 2784 mysteriorum
1673 2713 1765 2767 Dei
1809 2712 2052 2768 certissi-

483 2821 630 2860 mum
693 2806 1090 2874 speculatorem
1146 2806 1307 2862 nobis
1375 2807 1820 2876 praedicaverunt.
1878 2805 2050 2858 Audis

484 2896 633 2949 illum
669 2895 1027 2967 Thcoleptum
1075 2899 1281 2966 optime
1329 2909 1603 2963 vocatum,
1648 2898 1739 2966 qui
1786 2895 2051 2952 Philadel-

484 2987 625 3057 pbize
654 2989 756 3042 fuit
782 2990 1030 3056 antistes,
1056 3005 1151 3045 seu
1181 2993 1359 3058 potius
1373 3005 1438 3044 ex
1462 3004 1524 3043 ea
1560 2989 1704 3044 velut
1735 3005 1799 3064 ex
1829 2988 2046 3042 lucerna

2149 511 2378 580 οὐρανὸν
2413 507 2564 579 ἆραι·
2604 530 2620 560 ι
2656 507 2845 561 τοῦτον
2864 509 2920 560 δὲ
2942 509 3213 580 ζηλοῦσιν,
3232 512 3280 562 οἱ
3311 513 3503 573 ἑαυτοῖς
3535 513 3585 564 ἐν
3607 515 3670 581 τῷ

2151 603 2406 672 εὔχεσθαι
2453 601 2810 672 προσέχοντες
2837 601 2934 671 τὴν
2964 601 3085 670 ὄψιν
3111 617 3124 629 ’
3153 606 3200 655 οἰ
3229 602 3275 654 δ’
3299 603 3670 672 ὀμφαλοψύχους

2151 696 2374 756 τούτους
2402 693 2781 762 ὀνομάζοντες,
2831 694 2966 762 πρὸς
3017 693 3096 764 τῷ
3147 699 3487 761 συκοιραντεῖν
3524 697 3672 763 σοφῶς

2151 781 2227 840 ὧν
2262 785 2663 856 κατηγοροῦσι·
2711 787 2792 848 τίς
2844 787 2953 854 γάρ
2992 803 3122 839 ποτε
3168 786 3369 839 τούτων
3410 789 3492 838 ἐπ’
3520 788 3671 855 ὀμφα-

2150 879 2242 933 λοῦ
2269 880 2417 946 λέγει
2447 879 2546 948 τὴν
2576 877 2753 947 ψυχῄν
2778 895 2794 943 ;
2832 878 2974 946 Illae;
3000 879 3128 946 γοῦν
3147 878 3225 948 τῷ
3245 877 3486 944 γενέσθαι
3510 879 3678 947 δήλους,

2153 967 2564 1033 συκοφαντικῶς
2642 965 3037 1035 ἐπιθεμένους,
3103 968 3197 1019 καὶ
3252 966 3534 1034 ὑϐριστὰς,
3585 969 3674 1019 τῶν

2149 1059 2554 1127 ἐπαινουμένων
2601 1059 2741 1126 σφᾶς
2770 1059 2966 1118 αὐτοὺς
3016 1057 3220 1122 ἔδειξαν
3263 1058 3434 1124 ὄντας,
3483 1060 3582 1112 ἀλλ’
3623 1061 3672 1113 οὐ

2151 1149 2445 1219 διορθωτὰς
2489 1150 2598 1200 τῶν
2640 1149 3056 1218 σφαλλομένων·
3095 1151 3202 1203 οὐδ’
3257 1152 3474 1220 ἡσυχίας
3499 1151 3672 1214 ἕνεκεν,

2152 1244 2246 1293 καὶ
2301 1241 2580 1309 ἀληθείας,
2612 1240 2748 1293 ἀλλὰ
2802 1240 3106 1307 κενοδοξίας
3162 1245 3319 1310 χάριν
3372 1242 3670 1311 γράφοντας·

2150 1332 2256 1385 οὐδ’
2289 1333 2376 1384 ἵνα
2407 1331 2544 1402 πρὸς
2575 1331 2734 1401 νῆψιν
2769 1332 3056 1398 ὲνάγωσιν,
3090 1331 3207 1384 ἀλλ’
3243 1331 3327 1383 ἵνα
3374 1331 3464 1400 τῆς
3495 1331 3676 1399 νήψεως

2153 1424 2533 1492 ἀπαγάγωσιν.
2580 1424 2722 1477 Αὐτὸ
2770 1424 2879 1492 γὰρ
2913 1425 2973 1477 τὸ
3020 1423 3202 1492 ἔργον,
3239 1424 3331 1477 καὶ
3377 1425 3493 1485 τοὺς
3530 1425 3677 1492 ἐμμε-

2153 1518 2258 1580 λῶς
2289 1517 2726 1588 ὲπειλημμένους
2755 1516 2970 1580 τούτου,
3025 1518 3190 1570 παντὶ
3239 1519 3418 1586 τρόπῳ
3456 1517 3676 1568 σπεύδου-

2154 1627 2238 1661 σιν
2285 1609 2343 1674 ἐξ
2387 1610 2558 1677 αὐτῆς
2585 1611 2683 1678 τῆς
2729 1610 3064 1677 καταλλήλου
3111 1610 3360 1680 πράξεως
3387 1609 3672 1674 ὲξουθενείν·

2152 1699 2462 1778 οἱ.τοιοῦτοι
2486 1699 2542 1752 δὲ
2572 1700 2768 1770 ῥᾳδίως
2799 1702 2890 1752 καὶ
2919 1700 3011 1752 τὸν
3038 1701 3284 1762 εἰπόντα,
3319 1702 3388 1764 ὡς
3414 1720 3431 1750 ι
3469 1703 3520 1754 '9
3545 1701 3676 1769 νόμος

2153 1791 2246 1843 τοῦ
2270 1790 2405 1843 Θεοῦ
2425 1791 2484 1842 ὲν
2514 1791 2659 1860 μέσῳ
2683 1790 2781 1858 τῆς
2809 1792 3015 1854 κοιλίας
3047 1809 3173 1861 μου.
3190 1810 3208 1843 ι
3237 1795 3326 1845 καὶ
3350 1793 3436 1845 τὸν
3461 1794 3674 1860 εἰρηκότα

2154 1882 2289 1952 πρὸς
2311 1881 2463 1942 Θεὸν,
2510 1882 2592 1934 ὅτι
2646 1901 2664 1932 ι
2690 1882 2754 1934 ’Π
2793 1883 2970 1935 κοιλία
3024 1901 3124 1952 μου
3169 1887 3363 1953 ἠχήσει
3391 1886 3461 1946 ὡς
3489 1885 3669 1952 κιθάρα,

2155 1973 2248 2026 καὶ
2293 1971 2360 2025 τὰ
2410 1972 2557 2035 ἐντός
2603 1990 2703 2041 μου
2749 1973 2881 2025 ὡσεὶ
2913 1976 3088 2042 τεῖχος
3129 1975 3365 2044 χαλκοῦν
3391 1977 3417 2026 ὃ
3456 1977 3673 2027 Eveniu-

2156 2079 2275 2124 σας,
2303 2081 2322 2114 ι
2368 2062 2742 2131 κοιλιοψύχους
2793 2064 2857 2116 ἂν
2895 2066 3414 2137 προσαγορεύσειαν,
3445 2069 3671 2133 καὶκοινῇ

2156 2155 2362 2216 πάντας
2390 2155 2744 2216 διαϐάλλοιεν,
2780 2157 2905 2218 τοὺς
2933 2156 3020 2208 διὰ
3053 2159 3383 2225 σωματικῶν
3414 2159 3671 2228 συμϐόλων,

2155 2248 2222 2300 τὰ
2244 2248 2424 2316 νοερὰ,
2459 2249 2553 2299 καὶ
2593 2247 2731 2311 θεῖα,
2769 2249 2862 2300 καὶ
2900 2250 3248 2318 πνευματικὰ
3271 2250 3570 2312 τυποῦντας,
3602 2251 3675 2300 καὶ

2155 2339 2485 2404 καλοῦντας,
2517 2340 2608 2391 καὶ
2659 2340 3055 2408 ἀνιχνεύοντας.
3120 2340 3265 2392 Ἀλλ’
3321 2330 3532 2402 ἐκείνοις
3578 2341 3671 2409 μὲν,

2155 2431 2305 2499 παρὰ
2345 2430 2501 2481 τοῦτο
2550 2428 2744 2498 βλάϐος
2789 2431 3097 2484 ὲποίσουσιν
3145 2432 3301 2485 οὐδέν
3327 2449 3339 2462 ·
3390 2433 3569 2499 μᾶλλον
3599 2432 3675 2499 μὲν

2154 2520 2246 2575 οῦν
2283 2521 2376 2572 καὶ
2416 2521 2780 2589 μακαρισμῶν
2809 2521 3058 2590 πρόξενοι
3101 2523 3438 2590 γενήσονται,
3474 2523 3556 2573 κιύ⁵
3583 2521 3674 2590 μεί-

2156 2614 2308 2676 ζονος
2353 2612 2669 2680 προσθήκης
2697 2612 2804 2664 τῶν
2846 2614 2905 2665 ἐν
2949 2614 3202 2683 οὐρανοῖς
3233 2614 3495 2682 στεφάνων
3517 2633 3528 2645 ·
3555 2615 3675 2665 αὐτοὶ

2153 2700 2211 2753 δὲ
2240 2702 2332 2753 καὶ
2365 2700 2473 2752 τῶν
2497 2699 2654 2770 ἱερῶν
2679 2704 3196 2769 παραπετασμάτων
3231 2704 3334 2768 ἔξω
3359 2701 3573 2772 μενοῦσι,
3602 2703 3674 2751 καὶ

2155 2793 2276 2845 οὐδὲ
2307 2792 2441 2861 πρὸς
2471 2791 2570 2852 τὰς
2599 2792 2757 2854 σκιὰς
2785 2792 2996 2856 ἕξουσιν
3021 2795 3293 2858 ἀτενίζειν
3321 2797 3412 2864 τῆς
3439 2792 3670 2862 ἀληθείας·

2155 2882 2288 2935 πολὺ
2323 2881 2378 2933 δὲ
2405 2883 2464 2934 τὸ
2490 2881 2628 2944 δέος,
2666 2882 2740 2951 μὴ
2768 2881 2862 2932 καὶ
2891 2881 3046 2949 δίκην
3082 2881 3332 2933 τίσουσιν
3363 2881 3573 2937 αἰώνιον,
3596 2878 3672 2927 οὐκ

2155 2971 2660 3033 ἀποδιαστείλαντες
2716 2969 2874 3038 μόνον
2920 2972 3147 3032 ἑαυτοὺς
3202 2971 3308 3023 τῶν
3354 2970 3529 3036 ἁγίων,
3566 2968 3672 3019 ἀλλὰ

489 3080 747 3134 mundttm
781 3083 1093 3147 illustravit,
1117 3084 1206 3152 qui
1239 3084 1566 3137 Athanasius
1591 3083 1726 3136 alter
1749 3098 1919 3136 annos
1943 3096 2045 3135 non

2157 3064 2250 3116 καὶ
2278 3063 2397 3115 κατ’
2422 3064 2601 3115 αὐτῶν
2635 3062 2711 3131 τῷ
2737 3062 2879 3130 λόγῳ
2903 3063 3278 3132 χωρήσαντες.
3313 3061 3568 3128 Συμεῶνος
3591 3061 3673 3122 γὰρ

487 3187 692 3242 paucos
751 3175 1169 3242 patriarchalem
1241 3175 1547 3228 nobilitavit
1604 3174 1942 3235 cathedram,
1997 3182 2053 3225 ct

485 3265 639 3329 uisus
680 3265 988 3334 sepulcrum
1044 3265 1187 3319 Deus
1243 3266 1371 3319 fecit
1415 3267 1726 3332 gloriosum.
1780 3264 1840 3316 l'lt
1900 3263 2047 3316 illunt

490 3360 668 3413 hilum
704 3358 971 3423 Italicum,
1005 3359 1106 3411 Nili
1128 3357 1302 3427 Magni
1333 3359 1609 3422 :emulutn,
1639 3367 1693 3412 et
1723 3357 1970 3411 Siliotetn
1996 3365 2050 3410 et

486 3453 681 3518 Eliam,
714 3451 762 3505 ei
799 3453 1022 3505 minimc
1045 3453 1321 3515 cedentes,
1351 3459 1404 3504 et
1445 3450 1691 3513 Gabriel,
1719 3460 1774 3504 et
1804 3449 2052 3503 Athana-

488 3545 654 3608 sium,
699 3543 996 3613 prophetia?
1025 3543 1169 3598 dono
1192 3543 1408 3597 ditatus.
1431 3543 1554 3597 Illos
1583 3557 1772 3596 omnes
1804 3540 1978 3604 audis,
2001 3549 2057 3592 et

490 3636 692 3688 multos
719 3635 856 3687 alios
885 3635 966 3688 eis
994 3634 1326 3698 anteriores,
1362 3645 1456 3688 aut
1487 3649 1720 3697 coaevus,
1755 3643 1844 3686 aut
1877 3642 2060 3701 poste-

491 3729 684 3790 riores,
719 3728 1003 3782 laudantes
1037 3737 1093 3781 et
1122 3729 1572 3783 commendantes
1607 3742 1827 3781 scrvare
1872 3725 2059 3779 volen-

492 3825 573 3871 tcs
606 3817 749 3870 illam
787 3818 1128 3871 traditionem
1173 3833 1333 3886 quam
1403 3817 1524 3872 uori
1547 3820 1795 3872 doctores
1835 3817 2054 3884 quietis,

494 3909 653 3978 huius
682 3926 748 3963 nc
781 3910 1068 3979 vestigium
1101 3911 1318 3978 quidem
1349 3920 1764 3979 cognoscentes,
1805 3923 1908 3963 nec
1937 3923 2060 3976 pro-

493 4013 614 4071 pter
639 4003 1052 4071 experientiatn,
1093 4005 1188 4056 sed
1215 4003 1473 4070 ineptiam
1503 4003 1878 4071 vituperantes
1908 4014 2056 4064 eam,

493 4094 712 4148 abolere
766 4109 829 4148 ac
893 4094 1160 4148 dedocere
1212 4105 1267 4148 et
1321 4096 1613 4162 deturpare
1661 4104 1944 4156 conantur,
1994 4091 2059 4143 ad

497 4185 700 4239 nullam
729 4187 1036 4240 auditorum
1078 4185 1389 4239 utilitatem.
1419 4184 1527 4238 Nos
1571 4198 1700 4237 vero
1744 4191 2059 4238 sanctorum

495 4277 713 4358 illorum
749 4277 1037 4330 nonnullos
1069 4277 1210 4330 l'acie
1232 4277 1298 4330 ad
1340 4278 1531 4331 facient
1566 4277 1798 4330 vidimus
1837 4284 1895 4329 et
1947 4289 2062 4327 tua-

505 4368 709 4434 gistros
744 4365 1057 4446 habuimus.
1083 4365 1364 4429 Quomodo
1399 4365 1562 4433 igitur
1593 4365 1712 4418 illos
1741 4379 1841 4432 pro
1894 4364 2063 4417 nihilo

2162 3155 2256 3208 τοῦ
2295 3154 2415 3208 νέου
2445 3153 2705 3222 Θεολόγου
2751 3154 2988 3256 coalito:
3036 3150 3234 3207 οἶσθαο
3286 3153 3460 3222 θαῦμά
3501 3168 3548 3203 τε
3574 3148 3673 3200 ὄντα

2163 3260 2341 3315 πάντα
2366 3261 2570 3330 σχεδὸν,
2601 3262 2697 3315 καὶ
2723 3260 2790 3314 δι’
2821 3261 3115 3332 ὑπερφυῶν
3140 3263 3434 3333 θαυμάτων
3457 3262 3546 3316 ὑπὸ
3569 3260 3676 3312 Θεοῦ

2153 3349 2561 3420 δεδοξασμένον,
2593 3354 2661 3407 τά
2687 3370 2746 3405 τε
2783 3354 3200 3424 συγγράμματα
3231 3356 3412 3420 αὑτοῦ,
3445 3352 3680 3422 συγγρὰμσ

2160 3461 2305 3515 ματα
2333 3442 2479 3513 ζωῆς
2502 3443 2669 3496 είπών
2697 3462 2799 3511 τις,
2824 3445 2922 3497 οὐκ
2955 3445 3019 3498 ἂν
3045 3447 3289 3517 ἁμάρτοι
3312 3447 3402 3499 τοῦ
3432 3446 3680 3515 προσῆκον·

2156 3553 2266 3601 τος,
2303 3536 2396 3589 καὶ
2424 3536 2738 3605 Νικηφόρον
2759 3585 2761 3588 ο
2783 3536 2840 3588 δὲ
2866 3536 2958 3588 τὸν
2980 3537 3124 3589 ὅσιον
3151 3539 3383 3600 ἐκεῖνον,
3414 3537 3468 3599 ὃς
3495 3533 3679 3598 πολυετῆ

2158 3629 2349 3698 χρόνον
2404 3628 2464 3680 ὲν
2508 3628 2716 3698 ἠρεμίᾳ
2772 3628 2866 3682 καὶ
2913 3629 3114 3699 ἡσυχίᾳ
3185 3629 3489 3694 διενεγκὼν,
3534 3627 3682 3677 ἔπειτα

2160 3721 2272 3787 τοζς
2315 3719 2746 3789 ἑρημικωτέροις
2795 3719 2985 3790 μέρεσι
3016 3719 3112 3770 τοῦ
3146 3720 3311 3787 ἁγίου
3345 3719 3526 3792 Ὅρους
3552 3720 3681 3781 ἐμοι·

2161 3810 2496 3882 λοχωρὴσας,
2527 3810 2622 3864 καὶ
2647 3811 3034 3880 ἀπασχολήσας
3067 3812 3286 3877 ἑαυτὸν,
3319 3811 3576 3865 ὲκ-πασῶν
3602 3808 3686 3857 τῶν

2164 3901 2452 3972 [ἰατρικῶν
2497 3901 2691 3970 φωνῶν
2744 3901 3087 3971 συνειλοχὼς,
3137 3904 3244 3974 τὴν
3289 3902 3537 3974 νηπτικὴν
3581 3901 3683 3965 ἡμῖν

2161 3997 2343 4050 αὐτῶν
2397 3999 2682 4067 παρέδωκε
2725 3999 2943 4069 πρᾶξιν.
2975 3993 3135 4055 Οῦτοι
3176 4002 3380 4061 τοίνυν,
3410 3998 3540 4053 τοῦθ’
3577 3996 3685 4058 ὅπερ

2163 4089 2488 4158 ἀνατρέπειν
2524 4092 2633 4159 φής
2677 4109 2846 4155 τινας,
2896 4093 3087 4161 σαφῶς
3119 4097 3236 4158 τοῖς
3287 4087 3682 4165 προαιρουμένοις

2162 4180 2531 4249 εἰσηγοῦνται.
2562 4183 2669 4235 Καὶ
2698 4183 2751 4235 τί
2785 4184 2926 4252 λέγω
2955 4187 3080 4250 τοὺς
3103 4187 3369 4248 παλαιοὺς
3397 4186 3496 4238 τῶν
3519 4182 3681 4246 extum;

2164 4274 2354 4343 ἄνδρες
2383 4273 2492 4344 γὰρ
2541 4275 2720 4346 μικρῷ
2754 4276 2860 4346 πρὸ
2887 4277 3046 4346 ἡμῶν
3106 4277 3584 4349 μεμαρτυρημένα.
3614 4270 3685 4322 κτιὶ

2165 4365 2604 4435 ἀποδεδειγμένοι
2634 4369 2691 4419 ἐν
2725 4368 2954 4438 δυνάμει
2986 4371 3304 4439 Πνεῦματος
3352 4371 3518 4437 ἁγίου,
3561 4361 3685 4415 πάνθ’

496 4465 811 4524 reputantes
840 4470 980 4522 quos
1011 4456 1346 4524 experientia
1380 4467 1436 4508 et
1467 4457 1638 4523 gratia
1685 4456 1889 4518 docuit,
1941 4455 2053 4509 istis

2168 4460 2298 4527 ἡμῖν
2319 4458 2408 4511 διὰ
2439 4459 2707 4529 στόματος
2735 4463 2940 4514 οἰκείου
2973 4462 3320 4532 παρέδωκαν,
3357 4464 3444 4516 τόν
3470 4479 3520 4512 τε
3541 4455 3687 4508 Θωλὸ-

496 4547 586 4612 qni
621 4560 652 4598 a
679 4547 933 4611 superbia
961 4554 1014 4598 et
1053 4546 1339 4599 verborum
1401 4546 1812 4599 concertatione
1857 4546 1924 4598 ad
1973 4547 2070 4598 do-

499 4640 732 4692 cendum
767 4640 1091 4708 procedunt,
1120 4640 1478 4695 cedercmus?
1516 4637 1635 4693 Non
1669 4641 1775 4695 erit
1810 4642 1932 4704 hoc,
1963 4654 2066 4693 non

497 4730 620 4784 erit.

473 4825 478 4830 '
566 4821 632 4876 Et
658 4831 712 4876 tu
742 4822 989 4894 igiturab
1016 4823 1130 4879 istis
1156 4826 1412 4888 abliorrc,
1438 4843 1559 4880 cum
1602 4824 1764 4880 David
1785 4825 2062 4892 sapienter

465 4914 911 4974 -tibintetdicens
962 4935 976 4970 :
1019 4934 1036 4967 ι
1067 4917 1320 4980 Benedic.
1351 4921 1527 4972 anima
1559 4934 1698 4982 mea,
1729 4918 1975 4976 Domino,
2008 4929 2064 4970 et

494 5007 678 5072 omnia
708 5022 827 5076 qua:
859 5007 999 5062 intra
1027 5025 1112 5064 me
1140 5021 1288 5072 sunt.
1313 5011 1513 5065 nomini
1535 5022 1726 5065 sancto
1751 5011 1870 5078 ejus
1900 5010 1942 5041 ¹³
1970 5025 1986 5074 ;
2037 5027 2054 5058 ι

497 5109 553 5153 et
589 5110 637 5153 te
671 5097 920 5154 l’atribus
951 5102 1177 5157 docilem
1220 5105 1485 5173 przebcns,
1515 5103 1638 5156 audi
1671 5102 1943 5170 quomodo
1995 5100 2062 5155 ad

500 5191 648 5245 intro
709 5191 1030 5247 mittendam
1063 5208 1278 5262 semper
1307 5195 1934 5249 tuentemexhortentur.

2167 4567 2262 4617 γον
2290 4549 2478 4602 τοῦτον
2519 4551 2595 4612 ὡς
2640 4551 2857 4621 ἀληθῶς
2889 4552 3170 4620 Θεολὸγον,
3204 4555 3300 4608 καὶ
3344 4554 3439 4620 τῆς
3481 4546 3688 4614 ἀληῦείαε

2167 4641 2277 4693 τῶν
2335 4643 2470 4694 Θεοῦ
2526 4646 2842 4714 μυστηρίων
2887 4644 3131 4714 ὲπόπτην
3179 4646 3582 4713 ἀσφαλέστατον,
3627 4634 3688 4697 ἐφ’

2168 4737 2198 4803 ἠ
2209 4734 2324 4802 μῶν
2352 4735 2735 4805 ἁνεκήρυττον,
2765 4737 2869 4789 Τὸν
2907 4737 3245 4807 φερωνύμως
3269 4738 3554 4807 Θεόληπτον
3579 4732 3690 4784 ἐκςῑο

2169 4843 2258 4877 νον
2287 4827 2507 4888 ἀκούεις
2543 4829 2633 4881 τὸν
2673 4829 3055 4896 Φιλαδελφείας
3105 4830 3369 4901 πρόεδρον
3395 4871 3409 4890 ,
3453 4827 3625 4895 μᾶλλον
3658 4821 3691 4870 δ’

2171 4914 2277 4966 απὸ
2309 4915 2534 4983 ταύτης,
2562 4917 2636 4980 ὡς
2663 4918 2771 4972 ἀπὸ
2801 4918 3024 4987 λυχνίας
3053 4920 3145 4972 τὸν
3180 4921 3382 4989 κόσμον
3413 4919 3690 4985 ςωτίσιντα,

2169 5008 2262 5060 τὸν
2315 5009 2629 5063 ’Λθανὰςιον
2665 5012 2891 5076 ἐκεῖνον,
2942 5013 2999 5075 ὃς
3035 5015 3131 5066 ἐπ’
3176 5017 3448 5075 ἐνιαυτοὺς
3483 5014 3569 5061 οὐκ
3609 5008 3692 5057 dii-

2172 5117 2302 5166 γους
2354 5102 2444 5154 τὸν
2500 5105 2892 5173 πατριαρχικὺν
2944 5107 3218 5175 ἐκόσμησε
3275 5107 3490 5174 θρόνον·
3543 5097 3593 5152 οὗ
3625 5102 3692 5147 ναὶ

2173 5192 2271 5251 τὴν
2309 5193 2465 5259 σορὸν
2507 5194 2536 5246 ὁ
2583 5196 2714 5260 Θεὸς
2770 5198 3020 5265 ἐτίμησε,
3069 5199 3257 5249 Νεῖλον
3304 5200 3497 5249 ἐκεῖνον
3542 5193 3617 5242 τὸν

510 5279 753 5346 Ἰταλῶν,
814 5283 907 5338 τὸν
956 5285 1052 5340 τοῦ
1118 5289 1360 5357 μεγάλου
1413 5287 1664 5359 ζηλωτὴν
1721 5289 1942 5354 Νείλου,
1996 5293 2091 5344 τὸν
2152 5291 2446 5363 Σελιώτην,
2503 5290 2602 5344 καὶ⁵
2653 5288 2746 5341 τὴν
2787 5287 2979 5340 Ἠλίαν
3021 5286 3146 5349 τοὺς
3195 5283 3361 5354 μηδὲν
3409 5274 3693 5332 ἀποδέοντας

499 5369 734 5441 ἐκείνου,
797 5376 1064 5447 Γαϐριὴλ,
1122 5381 1217 5434 καὶ
1259 5381 1605 5446 Ἀθανάσιον,
1661 5383 1787 5445 τοὺς
1850 5379 1950 5435 καὶ
2007 5383 2354 5454 προφητικοῦ
2415 5384 2759 5453 χαρίσματος
2819 5377 3179 5448 ἠξιωμένους.
3238 5372 3463 5433 Τούτους
3521 5364 3695 5418 πάντως

499 5465 742 5534 ἀκούεις,
772 5471 865 5522 καὶ
898 5471 1132 5534 πολλοὺς
1165 5473 1360 5534 ἄλλους
1407 5475 1514 5543 πρὸ
1549 5475 1736 5528 αὐτῶν
1778 5494 1835 5529 τε
1885 5479 1976 5531 καὶ
2035 5480 2132 5531 σὺν
2167 5479 2371 5540 αὐτοῖς,
2430 5478 2544 5530 καὶι
2581 5475 2701 5543 μετ’
2746 5474 2945 5536 αὐτοὺς
3001 5470 3313 5540 γεγονότας,
3360 5459 3692 5517 tit-armandi.

498 5559 592 5607 “ai
627 5559 1030 5629 παραινοῦντας
1077 5565 1330 5634 κατέχειν
1376 5566 1503 5628 τοὺς
1561 5566 1923 5637 βουλομένυυς
1981 5567 2077 5638 τὴν
2129 5569 2426 5638 παράδοσιν
2482 5569 2709 5638 τχύῖην,
2771 5568 2835 5635 ἢν
2869 5568 2915 5618 οἱ
2956 5568 3063 5618 νέοι
3112 5559 3414 5617 διδάοκιλοι
3461 5555 3546 5621 τῆς
3587 5550 3694 5613 ἦσθ’

609 5712 650 5741 ¹³
692 5713 834 5766 Psal.
868 5731 964 5780 cn,
1004 5716 1049 5767 1.
