3962 6208
380 302 518 367 1119

1615 300 1997 360 (ιιιιιῦῡιιιι
2063 300 2387 360 PALAMJ“.

3503 283 3652 350 112οο

377 420 490 473 Deo
508 425 708 481 manet,
741 418 1010 471 internum
1045 415 1362 471 combihcns
1399 415 1662 484 spiritalis
1718 419 1958 472 exsulta-

2084 421 2302 478 ἅπασιν,
2330 419 2386 469 ἐν
2418 415 2595 486 ἐαυτῷ
2641 417 2779 480 ἐστι,
2814 415 3006 484 καὶτῷ
3041 414 3179 486 Θεῷ,
3212 415 3309 484 τῆς
3343 419 3623 484 πηγαζού-

382 512 545 566 tionis
577 511 799 576 fontem,
835 511 1004 564 donec
1039 510 1118 562 sic
1173 523 1280 560 una
1331 507 1442 563 fiat.
1494 506 1579 561 Fit
1622 517 1802 562 autem
1846 523 1949 562 una

382 603 541 658 simul
567 613 621 657 et
663 603 799 654 trina
835 616 1008 662 mens,
1051 616 1109 654 se
1140 600 1205 653 ad
1240 601 1473 668 seipsam
1505 602 1874 655 convertenda
1902 609 1955 652 et

381 711 477 763 per
507 710 566 747 se
597 695 662 748 ad
698 694 864 748 Deum
895 695 1260 747 ascendendo.
1298 695 1365 746 At
1416 694 1700 748 conversio
1752 693 1949 748 mentis

383 787 446 838 ad
479 786 712 852 seipsatu
744 797 825 838 est
852 787 931 838 sui
966 787 1244 848 custodia;
1273 783 1390 852 ejus
1435 796 1612 839 autem
1667 785 1733 838 ad
1783 785 1946 837 Deum

382 893 643 932 ascensus
679 879 945 945 originem
989 879 1140 933 ducit
1172 880 1239 932 ab
1269 879 1540 943 oratione,
1594 888 1648 933 et
1703 879 1950 932 oratione

383 970 600 1038 quidem
626 984 732 1036 qua
767 969 816 1021 in
851 983 907 1022 se
943 969 1262 1030 reﬂectitur,
1311 968 1396 1020 vel
1448 982 1553 1036 qua
1609 966 1878 1021 interdum
1927 982 1958 1021 ει

381 1063 558 1130 seipsa
583 1062 715 1122 exit,
748 1063 889 1129 quod
919 1071 999 1114 est
1027 1060 1325 1114 dillicilius.
1350 1060 1417 1115 Si
1451 1061 1573 1129 quis
1600 1069 1778 1112 autem
1802 1059 1956 1128 puri-

386 1154 900 1209 liceturhacmentis
921 1153 1210 1206 reﬂexione
1246 1162 1301 1206 ct
1346 1153 1647 1206 elevatione
1677 1154 1742 1204 ad
1771 1153 1958 1212 Deum,

384 1249 435 1300 vi
470 1247 640 1300 valida
669 1247 868 1315 proprii
899 1247 1114 1299 divitias
1142 1245 1305 1298 animi
1338 1245 1630 1313 stringens,
1683 1243 1958 1296 intellectu

386 1342 454 1392 ad
491 1340 654 1391 Deum
705 1339 940 1400 accedit,
991 1348 1044 1389 et
1089 1335 1379 1390 ineﬂ‘ahilia
1425 1336 1566 1389 dona
1614 1335 1863 1403 percipit,
1908 1342 1964 1386 et

387 1445 548 1483 sensu
575 1429 791 1482 mentali
823 1430 1101 1497 cognoscit
1131 1444 1295 1496 quam
1327 1429 1507 1481 suavis
1558 1429 1629 1482 sit
1676 1425 1961 1486 Dominus.

392 1522 678 1575 sicutdicit
709 1522 994 1574 Psalmista
1031 1521 1114 1574 ’δι
1146 1538 1163 1570 ι
1195 1520 1420 1574 Gustale
1442 1529 1497 1574 et
1519 1519 1962 1586 videthnoniam

399 1615 586 1668 suavis
614 1623 697 1668 est
726 1613 1004 1667 Dominus.
1047 1633 1064 1665 ι
1106 1614 1352 1667 Invenire
1380 1613 1543 1680 igitur
1579 1619 1812 1664 mentem
1846 1623 1966 1677 qua:

395 1709 532 1762 trina
565 1707 633 1760 sit
665 1722 728 1761 ac
757 1707 916 1760 simul
948 1723 1052 1760 una
1085 1716 1298 1759 maneat
1329 1716 1380 1759 et
1413 1713 1783 1768 conservetur,
1820 1713 1876 1756 ct
1909 1703 1960 1753 in

2052 529 2151 580 σης
2190 510 2398 562 ἔνδοθεν
2424 512 2800 579 πνευματικῆς
2825 509 3196 576 ἀγαλλιάσεως
3227 509 3622 570 καταπολαῦον,

2055 603 2244 670 μέχρις
2273 600 2338 653 ἂν
2375 599 2616 653 τοιοῦτον
2733 601 2945 654 Γίνεται
2974 600 3030 652 δὲ
3083 600 3143 651 τὸ
3172 601 3371 651 ἐνιαῖον
3411 598 3504 650 τοῦ
3532 599 3624 649 νοῦ

2051 695 2271 764 τρισσὸν
2295 693 2454 762 μένον
2479 693 2677 746 ἐνιαῖον
2706 695 2764 744 ἐν
2793 694 2858 762 τῇ
2890 692 3025 760 πρὸς
3049 692 3241 744 ἑαυτὸν
3271 692 3503 760 στροςῇ,
3533 691 3627 741 καὶ

2051 791 2118 856 τῇ
2156 787 2220 839 δι’
2249 785 2439 839 ἐαυτοῦ
2510 785 2645 854 προς
2693 784 2824 837 Θεὸν
2855 784 3044 854 ἀνόδῳ.
3089 784 3232 836 ⁸11δέ
3267 783 3402 853 πρὸς
3437 782 3632 834 ἐαυτίιν

2056 878 2261 950 στροφὴ
2321 877 2415 930 τοῦ
2459 875 2570 942 νοῦ,
2602 875 2796 929 ἑαυτοῦ
2839 876 3072 945 τήρησίς
3113 877 3282 938 ἐστιν,
3315 876 3348 942 ή
3386 873 3443 926 δὲ
3491 874 3630 941 πρδς

2052 970 2144 1022 τὸν
2195 970 2327 1022 Θεὸν
2385 967 2568 1027 ἄνοδος
2629 966 2816 1031 αὑτοῦ,
2864 965 2931 1018 δι’
2963 965 3126 1034 εὐχῆς
3170 964 3270 1034 μὲν
3321 965 3631 1032 ἐνεργεῖται

2054 1062 2354 1132 τηναρχὴν,
2386 1060 2552 1130 εὐχῆς
2588 1060 2642 1112 δὲ
2692 1058 3158 1127 συνεπτυγμένης,
3192 1058 3310 1110 ἐστι
3347 1056 3392 1108 δ’
3414 1057 3504 1109 ὅτε
3537 1059 3634 1108 καὶ

2055 1152 2525 1223 διεξοδικωτέρας,
2547 1152 2575 1204 ὃ
2607 1153 2701 1204 καὶ
2730 1152 3152 1223 ἐργωδέστερον.
3183 1150 3280 1204 Ἂν
3313 1151 3370 1202 δὲ
3402 1150 3635 1217 διακαρ-

2055 1251 2188 1318 τερῇ
2214 1265 2296 1309 τις
2327 1248 2384 1299 ἐν
2411 1248 2474 1314 τῇ
2517 1245 2610 1298 τοῦ
2644 1245 2734 1298 νοῦ
2769 1245 2944 1314 ταύτῃ
2974 1244 3257 1308 συνελίξει,
3279 1244 3375 1297 καὶ
3402 1246 3467 1313 τῇ
3498 1244 3638 1310 πρὶς

2057 1342 2120 1394 τὸ
2145 1342 2297 1394 Θεῖον
2327 1342 2606 1403 ἀνατάσει,
2642 1339 2732 1410 βίᾳ
2788 1339 2983 1408 ἰσχυρᾷ
3010 1337 3069 1390 τὸ
3097 1337 3500 1405 πολυπδρευτον
3534 1335 3640 1400 τῆς

2058 1433 2295 1496 διανοίας
2322 1435 2489 1503 ἄγχον
2541 1433 2641 1499 τῆς
2687 1432 2916 1492 οἰκείας,
2961 1430 3163 1499 νοερῶς
3217 1428 3508 1497 πλησιάζει
3557 1426 3643 1497 τῷ

2060 1528 2200 1594 Θεῷ,
2235 1528 2328 1580 καὶ
2375 1524 2634 1594 τυγχάνει
2664 1523 2772 1576 τῶν
2838 1523 3114 1594 ἀρρήτων,
3163 1521 3254 1573 καὶ
3285 1519 3499 1587 γεύεται
3542 1519 3639 1570 τοῦ

2065 1620 2352 1690 μέλλοντος
2387 1618 2603 1682 αἰῶνος,
2635 1617 2728 1669 καὶ
2765 1615 3016 1684 αἰσθήσει
3051 1615 3210 1683 νοερᾷ
3241 1613 3519 1680 γινώσκει,
3555 1614 3642 1664 ὅτι

2062 1712 2296 1783 χρηστὸς
2343 1712 2371 1763 ὁ
2403 1709 2625 1778 Κύριος,
2667 1707 2918 1776 καθάπερ
2951 1707 3046 1759 καὶ
3072 1707 3099 1758 ὁ
3136 1705 3443 1773 Ψαλμῳδὸς
3474 1719 3640 1772 φησιο

395 1801 498 1852 hac
534 1801 780 1852 custodia
812 1806 953 1863 oret,
987 1813 1092 1851 non
1123 1809 1205 1850 est
1240 1797 1528 1850 admodum
1559 1793 1810 1858 difﬁcile;
1867 1793 1960 1846 sed

2077 1769 2424 1862 ΓΙέύσάσθε,
2478 1769 2593 1852 καί
2614 1769 2759 1852 ίδετε
2812 1769 2900 1851 ὅτι
2923 1797 3158 1868 Χριστὸς
3188 1797 3216 1848 ὀ
3251 1769 3496 1866 ltiti-pio?
3518 1769 3547 1846 ι-
3571 1796 3646 1847 Τδ

398 1891 479 1944 :lin
512 1906 860 1959 perseverare
903 1892 955 1942 in
991 1890 1093 1943 hoc
1128 1900 1271 1944 statu
1325 1887 1614 1942 ineffabilia
1669 1886 1808 1940 dona
1862 1885 1970 1937 lar-

390 1984 590 2051 giente,
616 1982 1111 2037 estdtllicillitnum.
1153 1981 1342 2035 Omnis
1376 1981 1520 2033 enim
1585 1979 1723 2032 alius
1751 1976 1969 2030 virtutis

394 2070 573 2135 labor,
615 2072 738 2125 huic
767 2082 1139 2141 comparatus,
1176 2085 1373 2139 parvus
1402 2079 1566 2124 estet
1626 2069 1786 2122 facile
1841 2067 1966 2120 tole-

312 2204 319 2210 .
399 2163 606 2215 rabilis.
637 2162 759 2216 Ideo
791 2164 943 2216 multi
975 2166 1237 2217 orationis
1287 2161 1472 2216 virtuti
1517 2161 1586 2214 ob
1629 2159 1747 2228 ejus
1797 2175 1968 2228 angu-

391 2254 549 2308 stiam
583 2257 984 2320 renuntiantes,
1010 2257 1349 2308 latitudinem
1392 2255 1784 2307 charismatum
1820 2251 1966 2305 haud

387 2355 834 2416 consequuntur;
887 2349 982 2401 sed
1030 2362 1126 2400 eos
1166 2346 1257 2412 qui
1305 2354 1678 2414 perseverant,
1733 2343 1971 2413 majores

393 2443 484 2495 Del
511 2442 700 2511 gratia:
737 2450 976 2505 manent,
1013 2455 1133 2509 quae
1166 2440 1349 2510 gravia
1381 2441 1651 2506 patienter
1706 2437 1966 2500 ferentes,

389 2552 518 2591 cum
554 2535 752 2605 gaudio
783 2536 848 2587 ad
887 2534 1214 2602 perfectiora
1249 2533 1692 2601 progrediuntur,
1727 2528 1966 2582 difficilia

395 2629 688 2682 reddentes
723 2627 995 2688 faciliora,
1027 2635 1080 2679 et
1109 2625 1306 2678 anima:
1331 2635 1530 2678 nostra:
1559 2622 1885 2688 angelicam,
1913 2631 1970 2673 ut

395 2722 468 2775 ita
521 2721 778 2785 dixerim,
854 2721 1044 2771 dantes
1097 2716 1454 2785 aptitndiuem
1518 2713 1970 2780 supernalurales

391 2811 754 2880 participaudi
804 2809 972 2872 vires,
997 2809 1151 2875 juxta
1185 2807 1314 2860 illud
1337 2806 1619 2874 Propheta:
1647 2806 1924 2858 oraculum
1953 2821 1970 2860 :

395 2925 418 2956 ι
452 2904 552 2969 Qui
585 2909 827 2970 sperant,
866 2911 1202 2954 assumeutes
1239 2913 1463 2964 pennas,
1503 2897 1788 2950 tnutabuut
1817 2895 1972 2950 forti-

396 3000 638 3052 tudinem
679 2995 742 3048 ¹⁸.
785 3012 804 3044 ι

2069 1898 2167 1967 μὲν
2193 1891 2285 1950 οὖν
2307 1896 2528 1966 τρισσὸν
2554 1895 2735 1963 εὑρεῖν
2776 1891 2869 1944 τὸν
2898 1890 3044 1952 νοῦν,
3075 1891 3168 1942 τὸν
3197 1889 3359 1942 αὑτὸν
3384 1889 3515 1941 δντα
3544 1887 3642 1956 μό-

2066 2007 2154 2042 νον
2186 1986 2459 2058 τηροῦντα
2495 1985 2587 2038 καὶ
2621 1982 2978 2054 τηρούμενον,
3021 1981 3114 2034 καὶ
3144 1979 3438 2049 εὐχόμενον
3483 1979 3542 2030 ἐν
3575 1981 3642 2047 τῇ

2067 2081 2316 2152 τηρήσει,
2342 2079 2402 2131 οὐ
2427 2077 2547 2130 λίαν
2577 2079 2706 2139 ἴσως
2734 2074 3016 2144 δυσχερὲς,
3035 2072 3097 2126 τὸ
3122 2072 3178 2125 δὲ
3210 2071 3420 2142 μακρὸν
3450 2071 3643 2141 χρόνον

2069 2175 2126 2226 ἐν
2150 2171 2325 2240 ταύτῃ
2381 2173 2445 2240 τῇ
2488 2167 2822 2222 καταστάσει
2857 2166 3197 2236 καρτερῆσαι
3243 2166 3308 2233 τῇ
3349 2164 3643 2233 γεννητικῇ

2070 2265 2178 2318 τῶν
2235 2263 2584 2333 ἀπορρήτων,
2621 2258 3046 2329 δυσχερέστατον
3105 2257 3180 2318 ὼς
3230 2255 3486 2324 μάλιστα.
3531 2253 3646 2314 liti;

2072 2358 2179 2426 γὰρ
2235 2355 2393 2416 πόνος
2444 2351 2610 2423 ἄλλης
2639 2351 2860 2421 ἀρετῆς,
2902 2350 3118 2420 μικρὸς,
3156 2351 3251 2403 καὶ
3279 2348 3646 2418 φορητότατος

2075 2445 2498 2515 συγκρινόμενος
2547 2442 2683 2512 πρὸς
2733 2441 2942 2494 τοῦτον.
2977 2441 3066 2493 Διὸ
3088 2440 3181 2492 καὶ
3211 2438 3400 2491 πολλοὶ
3430 2438 3567 2506 πρὸς
3588 2439 3649 2488 τὸ

2072 2539 2171 2608 τῆς
2217 2537 2476 2606 εὐκτικῆς
2513 2535 2716 2604 ἀρετῆς
2762 2533 3127 2602 ἐστενωμένον
3174 2530 3520 2594 ἀπειπόντες,
3555 2528 3650 2581 τοῦ

2076 2607 2450 2686 πλάτοικτῶν
2482 2625 2838 2694 χαρισμάτων
2869 2623 2968 2675 οὐκ
3014 2621 3494 2689 ἐπιτυγχάνουσιν,
3515 2620 3654 2673 ἀλλα

2075 2722 2200 2781 τοὺς
2226 2719 2622 2787 ὑπομένοντας,
2657 2713 2879 2786 μείζους
2930 2713 3240 2784 ἀντιλήψεις
3286 2713 3430 2765 θεῖαι
3463 2713 3658 2765 ὐποδέ-

2077 2830 2286 2883 χονται,
2343 2811 2436 2863 καὶ
2483 2809 2938 2871 διαὸαστάζουσαι
2985 2806 3079 2858 καὶ
3112 2804 3498 2874 ὑπανέχουσαι,
3533 2804 3656 2874 μεθ’

2080 2903 2273 2974 ἡδονῆς
2303 2901 2395 2954 ἐπὶ
2419 2899 2488 2952 τὰ
2517 2898 2706 2970 πρόσω
2751 2895 3199 2967 προϐιὸἀζουσιν,
3239 2896 3659 2965 ἀνυσιμωτέραν

2083 2999 2177 3066 τὴν
2209 2997 2535 3050 δυσάνυστον
2565 2993 2838 3059 ποιοῦσαι,
2863 2991 2958 3045 καὶ
2996 2991 3314 3060 ἀγγελικὴν,
3342 2989 3416 3053 ὡς
3457 2991 3659 3055 εἰπεῖν,

410 3090 706 3141 ἐντιθεῖσαι
733 3089 1182 3160 ἐπιτηδειότητα,
1211 3089 1311 3157 τὴν
1340 3089 1499 3158 ἡμῶν
1533 3089 1697 3158 φύσιν
1727 3094 1840 3154 τοῖς
1884 3092 2026 3161 ὑπὲρ
2060 3092 2223 3158 φύσιν
2259 3092 2474 3160 ὁμιλεῖν
2527 3093 2893 3164 ἐνδυναμοῦσι
2941 3096 3084 3151 κατά
3108 3102 3170 3156 τὸ
3221 3097 3516 3168 είρημένον
3547 3097 3659 3153 ὑπὸ

409 3184 501 3237 τοῦ
532 3187 836 3257 προφήτου,
869 3186 952 3239 ὅτι
986 3205 1006 3238 ι
1042 3186 1106 3243 Οἱ
1137 3185 1502 3256 ὑπομένοντες
1535 3189 2043 3257 πτεροφυήσουσιν.
2069 3187 2397 3252 ἁλλάξουσιν
2432 3187 2609 3260 ἰσχύν.
2652 3206 2674 3244 ι

477 3287 539 3340 5.
581 3283 733 3339 Mens
761 3283 959 3339 dicitur
1008 3293 1065 3338 et
1112 3282 1308 3338 mentis
1346 3283 1595 3353 operatio
1649 3292 1905 3338 constare
1933 3283 1987 3338 in

413 3380 550 3435 ideis
592 3395 655 3433 ac
709 3377 1169 3444 cogitationibus;
1223 3387 1277 3431 et
1330 3392 1484 3430 mens
1531 3385 1616 3432 est
1670 3379 1836 3433 etiam
1893 3381 1993 3434 has

411 3485 646 3540 operans
686 3471 932 3534 virtutes,
985 3485 1105 3539 quae
1147 3481 1202 3524 ct
1253 3487 1348 3526 cor
1375 3471 1575 3526 dicitur
1607 3488 1636 3525 a
1685 3473 1990 3541 Scriptura.

417 3561 727 3615 Secundum
814 3564 956 3614 hanc.
1023 3561 1568 3627 congruentissimam
1669 3561 1988 3616 facultatmn

418 3654 620 3708 mentis
665 3662 866 3707 nostra:
893 3654 1239 3719 divisionem,
1270 3669 1394 3725 pars
1440 3655 1720 3709 rationalis
1749 3665 1834 3710 est
1865 3670 1992 3723 opec

417 3747 557 3802 ratio
593 3749 788 3800 mentis
822 3748 875 3801 in
910 3748 1214 3804 ratiociniis
1260 3764 1354 3803 seu
1403 3749 1822 3820 cogitationibus
1856 3765 1990 3803 cono

414 3840 636 3901 sistens,
668 3855 786 3907 quin
817 3837 952 3892 [lunt
980 3839 1034 3893 in
1065 3842 1338 3902 oratione,
1368 3843 1670 3910 praesertim
1694 3841 1992 3911 soliloquii.

416 3930 484 3986 Ει
515 3933 732 4000 quidem
781 3950 937 3988 mens
995 3934 1155 3990 facile
1213 3937 1562 4004 pm'ilicatur;
1613 3944 1690 3991 at.
1726 3951 1994 4006 generatis

417 4026 782 4094 cogitationes
811 4028 1053 4096 potentia
1091 4029 1341 4082 nmndari
1381 4029 1588 4098 nequit,
1629 4029 1732 4082 nisi
1768 4039 1823 4082 et
1869 4029 1992 4083 alia:

415 4133 606 4171 oumes
637 4127 937 4189 purgentur
977 4121 1172 4173 anima:
1207 4121 1368 4173 vires.
1405 4119 1654 4190 Namque
1684 4121 1865 4177 anima
1907 4129 1994 4175 est.

417 4225 520 4262 una
577 4227 663 4264 res
707 4211 888 4264 multis
943 4211 1168 4281 praedita
1219 4211 1572 4268 facultatibus
1617 4230 1633 4267 :
1673 4223 1782 4267 tota
1829 4213 1993 4283 igitur

419 4303 746 4366 maculatur,
800 4318 830 4355 a
883 4303 1123 4368 qualibet
1159 4304 1520 4370 potentiarum
1559 4303 1679 4371 ejus
1724 4304 1993 4378 inoriatnr

418 4395 643 4458 malum,
679 4403 732 4446 et
765 4395 1034 4446 universa:
1081 4394 1134 4446 in
1171 4409 1334 4446 unam
1367 4396 1686 4450 Coalescunt
1705 4395 1776 4449 ob
1805 4397 1989 4449 unita-

419 4496 526 4538 tem
579 4487 793 4537 anitum.
839 4483 974 4548 Quia
1011 4500 1138 4538 vero
1169 4500 1506 4554 unaquaeque
1543 4485 1774 4541 facultas
1807 4490 1986 4542 diver-

415 4588 530 4626 sam
569 4573 732 4626 habet
764 4574 1153 4640 operationem,
1190 4585 1368 4643 potest
1403 4576 1676 4630 interdum
1710 4577 1989 4646 diligentia

415 4681 797 4734 quamcunque
853 4667 1099 4720 mandari
1135 4670 1201 4722 ad
1250 4677 1465 4736 tempus
1510 4670 1906 4740 operationem,
1935 4681 1992 4727 at

419 4779 525 4816 non
581 4761 782 4816 idcirco
840 4777 973 4830 pura
1027 4764 1132 4817 erit
1181 4764 1295 4832 ipsa
1347 4766 1610 4833 potentia,
1646 4782 1766 4835 qua:
1807 4767 1992 4834 potius

421 4856 617 4908 munda
651 4863 732 4908 est
767 4854 846 4908 vel
896 4855 1171 4909 immunda
1207 4865 1479 4924 quatenus
1521 4872 1641 4911 cum
1689 4859 1810 4913 aliis
1839 4874 1995 4913 com-

418 4947 681 5000 municat.
718 4945 1010 5015 Propterea
1055 4948 1146 5014 qui
1187 4949 1452 5002 orationis
1488 4949 1669 5003 studio
1708 4950 1998 5004 inundavit

418 5039 787 5107 operationem
835 5037 1056 5101 tuentis,
1095 5049 1146 5092 et
1188 5021 1277 5092 cui
1313 5039 1377 5090 ad
1412 5053 1721 5092 mensuram
1767 5039 1993 5110 εποιεοι

418 5132 502 5185 vel
552 5133 795 5186 scientia:
842 5132 929 5184 lux
964 5132 1044 5185 vel
1086 5131 1462 5186 intellectualis
1503 5131 1816 5200 illustratio,
1853 5137 1897 5188 si
1932 5149 1992 5188 se

420 5226 542 5279 ideo
575 5237 762 5292 pnrmu
789 5237 910 5276 esse
941 5221 1257 5286 arbitretur,
1290 5233 1461 5284 errat,
1485 5233 1540 5276 ct
1568 5223 1804 5288 seipsum
1839 5225 1990 5276 deci-

419 5316 520 5383 pit,
565 5325 619 5367 οι
643 5328 738 5369 sua
773 5313 1024 5380 superbia
1063 5311 1136 5364 illi
1162 5311 1254 5379 qui
1285 5310 1471 5365 fallere
1502 5327 1716 5380 semper
1750 5312 1990 5378 molitur,

421 5407 582 5459 latam
620 5404 995 5472 aperitcontra
1023 5419 1081 5458 sc
1107 5407 1357 5470 januam.
1393 5403 1448 5457 Si
1486 5420 1612 5459 vero
1640 5406 1820 5461 sciens
1869 5423 1994 5476 pro—

423 5501 592 5565 priam
659 5497 1079 5560 immunditiam,
1131 5513 1236 5549 non
1298 5497 1577 5566 superbiat
1621 5500 1836 5554 modica
1902 5500 1987 5554 illa

421 5591 772 5658 purgatione,
835 5590 947 5644 lucc
1003 5592 1051 5646 ei
1105 5593 1347 5658 prodest,
1406 5602 1460 5644 et
1510 5592 1740 5648 aliarum
1798 5594 1988 5648 anima:

498 5769 539 5800 ιι
580 5770 616 5822 Ρ

623 5775 720 5829 s..l.
757 5790 946 5842 nam,
978 5777 1029 5832 9.
1115 5777 1155 5808 ³⁸
1181 5777 1284 5832 lsa.
1315 5793 1399 5844 ιι,
1433 5779 1521 5834 51.

2021 4459 2067 4516 ι)

2149 3308 2219 3373 γ’,
2253 3305 2396 3368 Νοῦς
2418 3304 2636 3372 λέγεται
2664 3303 2759 3356 καὶ
2794 3303 2828 3372 ή
2857 3299 2950 3354 τοῦ
2983 3300 3074 3352 νοῦ
3131 3299 3381 3368 ἐνέργεια
3413 3299 3470 3348 ἐν
3511 3296 3660 3360 λογιο

2085 3402 2240 3470 σμοῖς
2301 3395 2685 3465 συνισταμένη.
2722 3397 2815 3447 καὶ
2869 3397 3104 3462 νοήμασι
3127 3407 3139 3421 ο
3188 3391 3313 3452 νοῦς
3347 3392 3466 3442 ἐστι
3495 3389 3590 3440 καὶ
3625 3391 3656 3456 ή

2085 3489 2382 3559 ἐνεργοῦσα
2408 3487 2578 3540 ταῦτα
2607 3487 2857 3555 δύναμις,
2888 3487 3008 3554 ἥτις
3045 3483 3140 3535 καὶ
3183 3481 3377 3551 καρδία
3412 3481 3661 3533 καλεῖται

2087 3584 2238 3654 παρὰ
2271 3583 2371 3652 τῆς
2403 3579 2649 3649 Γραφῆς.
2701 3577 2838 3632 Καθ’
2867 3577 2934 3647 ἢν
2985 3575 3332 3646 κυριωτάτην
3360 3572 3527 3626 οὖσαν
3549 3572 3663 3623 τῶν

2087 3677 2145 3727 ἐν
2190 3675 2323 3744 ἡμῖν
2374 3673 2674 3741 δυνάμεων,
2732 3670 2923 3738 λογική
2965 3669 3110 3721 ἐστιν
3160 3669 3194 3737 ή
3233 3668 3292 3719 ἐν
3325 3667 3460 3736 ήμῖν
3489 3664 3662 3734 ψυχὴ,

2089 3767 2259 3835 ήγουν
2286 3765 2344 3816 ἐν
2371 3763 2650 3830 λογισμοῖς
2676 3759 2922 3829 ἐνέργεια
2946 3758 3042 3812 τοῦ
3063 3757 3178 3821 νοῦ,
3198 3759 3309 3820 τοῖς
3334 3754 3668 3825 σχολάσασιν

2089 3857 2147 3908 ἐν
2164 3856 2462 3926 προσευχῇ,
2493 3853 2586 3906 καὶ
2619 3852 2854 3921 μάλιστα
2897 3850 3279 3920 μονολογίστῳ,
3307 3845 3665 3906 καθίσταται,

2093 3948 2187 4002 καὶ
2224 3945 2546 4014 καθαίρεται
2601 3943 2817 4013 ῥᾳδίως,
2857 3943 2892 4012 ἡ
2930 3942 2986 3994 δὲ
3017 3940 3261 4009 γεννῶσα
3284 3938 3490 4008 ταύτην
3505 3935 3671 3988 δύνα-

2099 4059 2208 4108 μις,
2234 4040 2336 4093 οὐκ
2359 4038 2426 4092 ἂν
2452 4034 2778 4106 καθαρθείη,
2809 4035 2856 4088 εἰ
2891 4033 2967 4105 μὴ
2993 4036 3085 4086 καὶ
3115 4035 3168 4086 αἱ
3189 4031 3344 4086 ἄλλαι
3360 4030 3459 4100 τῆς
3481 4026 3672 4098 ψυχῆς

2086 4133 2342 4202 δυνάμεις
2405 4131 2620 4184 πᾶσαν
2679 4127 2773 4180 κοιλ⁵
2824 4127 2932 4196 γὰρ
2998 4125 3059 4179 ἓν
3115 4125 3229 4178 ἐστι
3285 4121 3672 4189 πολυδύναμον

2089 4223 2318 4293 πρᾶγμα
2352 4223 2384 4291 ὴ
2416 4219 2562 4290 ψυχή
2586 4232 2600 4246 °
2633 4217 2919 4286 μολύνεται
2966 4216 3144 4269 τοίνυν
3191 4213 3308 4280 ὅλη,
3341 4213 3537 4274 κακίας
3569 4213 3672 4276 ἐγ-

2089 4317 2466 4387 γεγενημένης
2491 4313 2584 4382 ἀφ’
2634 4310 2953 4383 ἡστινοσοῦν
2976 4310 3082 4363 τῶν
3107 4311 3165 4361 ἐν
3193 4309 3328 4377 αὐτῇ
3355 4306 3668 4374 δυνάμεων,

2088 4407 2514 4463 καὶκοινωνοῦσι
2536 4407 2708 4459 πᾶσαι
2727 4404 2825 4474 τῆς
2865 4404 2990 4472 μιᾶς
3017 4400 3096 4468 τῷ
3121 4399 3310 4468 ἐνιαίῳ
3339 4399 3436 4467 τῆς
3460 4397 3667 4465 ψυχῆς.

2117 4501 2254 4555 Επεὶ
2311 4500 2368 4552 δὲ
2436 4499 2641 4569 ἑκάστη
2674 4496 2781 4549 τῶν
2826 4494 3106 4561 δυνάμεων
3138 4491 3394 4560 διάφορον
3433 4490 3672 4557 παρέχει

2086 4591 2184 4662 τὴν
2226 4590 2532 4660 ἐνέργειαν.
2584 4587 2663 4641 ἔνι
2701 4585 2769 4640 δι’
2819 4582 3139 4653 ἐπιμελείας
3194 4582 3321 4651 μίαν
3378 4580 3672 4650 ἡντιναοῦν

2088 4680 2428 4752 καθαρθῆναι
2483 4678 2620 4750 πρὸς
2683 4674 2871 4745 καιρὸν
2925 4672 3241 4743 ἐνέργειαν·
3281 4669 3396 4723 ἀλλ’
3427 4670 3550 4737 οὐχὶ
3577 4669 3673 4720 δια

2084 4774 2243 4827 τοῦτο
2273 4773 2365 4826 καὶ
2392 4773 2422 4841 ἡ
2453 4771 2684 4840 δύναμις
2714 4768 2865 4821 ἔσται
2908 4765 3147 4835 καθαρά’
3185 4761 3521 4819 κοινωνοῦσα
3557 4763 3674 4831 γὰρ

2084 4869 2201 4926 ταῖς
2255 4864 2462 4927 ἄλλαις,
2512 4861 2713 4931 μᾶλλον
2768 4859 2835 4913 ἂν
2886 4859 2972 4928 εἴη
2999 4854 3385 4927 ἀκάθαρτος,ἢ
3423 4852 3672 4918 καθαρά.

2083 4957 2194 5020 Διὸ,
2245 4958 2272 5008 ὁ
2339 4953 2428 5008 διὰ
2471 4953 2572 5024 τῆς
2624 4951 2765 5006 κατὰ
2834 4951 2934 5020 τὴν
2991 4946 3299 5019 προσευχὴν
3342 4946 3675 5013 ἐπιμελείας

2084 5047 2332 5118 καθάρας
2391 5047 2489 5116 τὴν
2541 5044 2825 5115 ἐνέργειαν
2882 5040 2978 5094 τοῦ
3028 5040 3158 5103 νοῦ,
3209 5039 3304 5092 καὶ
3369 5037 3675 5106 φωτισῦεὶς

2088 5137 2401 5207 μετρίως,ἢ
2445 5135 2584 5205 φωτὶ
2632 5133 2908 5202 γνώσεως,
2955 5131 2987 5200 ἣ
3029 5131 3122 5185 καὶ
3165 5129 3326 5198 νοερᾷ
3354 5126 3628 5193 ἐλλάμψει
3657 5143 3673 5158 ·

2083 5227 2304 5300 ἐὰνμὲν
2335 5227 2418 5279 διὰ
2474 5224 2631 5278 τοῦτο
2682 5223 3091 5292 κεκαθαρμένον
3132 5221 3325 5274 ἐαυτὸν
3357 5219 3670 5289 λογίσηται,

2085 5320 2351 5372 πλανᾶται
2405 5317 2599 5372 ἐαυτοῦ
2640 5315 3130 5384 καταψευδόμενος,
3178 5314 3271 5366 καὶ
3304 5312 3393 5366 διὰ
3418 5313 3518 5382 τῆς
3555 5314 3675 5380 οἰή-

2088 5427 2244 5472 σεως,
2277 5409 2354 5478 τῷ
2405 5409 2612 5476 πλανᾷν
2645 5410 2732 5460 ἀεὶ
2767 5406 3132 5476 ἐπιχειροῦντι
3177 5406 3351 5474 Θύραν
3381 5406 3671 5470 ἀνοίγνυσι

2087 5503 2205 5553 καῦ¹
2245 5500 2440 5554 ἑαυτοῦ
2492 5500 2756 5567 μεγάλην.
2822 5498 2920 5550 Ἂν
2972 5498 3029 5551 δὲ
3099 5498 3250 5559 εἰδὼς
3302 5496 3401 5563 τὴν
3457 5498 3676 5548 οἰκείαν

2087 5591 2392 5662 καρδιακῆνο
2445 5589 2823 5654 ἀκαθαρσίαν,
2885 5587 2954 5654 μὴ
3019 5587 3282 5656 ἐπαρθείη
3341 5589 3403 5652 τῇ
3469 5590 3674 5655 μετςὲα
