3912 6188
255 311 393 381 1121

1154 318 1450 390 εΑΡιΤΑ,
1489 316 1842 390 PHYSICA,
1890 311 2396 380 TIIEOLOCICA,
2432 307 2590 369 ETC.

3366 308 3501 372 1192

240 438 424 507 ἐκείνῃ
450 433 802 505 καθαρότητι,
849 433 1028 502 βοηθῷ
1075 432 1354 502 χρώμενος
1381 434 1540 503 αὐτῇ,
1585 433 1678 485 καὶ
1713 432 1821 484 τῶν

1949 432 2129 486 virium
2160 429 2495 499 puriﬁcatam
2536 426 2683 478 videt
2738 424 3155 488 immunditiam,
3202 433 3256 476 et
3290 426 3502 493 prolicit

242 530 418 582 ἀλλων
437 530 535 597 τῆς
563 525 741 595 ψυχῆς
769 525 1048 594 δυνάμεων
1071 525 1168 594 τὴν
1199 524 1540 590 ἀκαθαρσίαν
1571 523 1821 594 καθαρά)⁸

240 639 401 691 τερον
427 621 552 690 ὁρᾷ,
583 619 680 671 καὶ
703 619 1002 688 προκόπτει
1051 618 1130 680 εἰς
1155 617 1506 679 ταπείνωσιν,
1535 619 1627 670 καὶ
1653 634 1822 686 προσ-

238 715 422 784 τίθησι
455 713 534 782 τῷ
561 712 767 775 πένθει,
795 711 890 764 καὶ
917 710 1284 779 καταλλήλους
1312 710 1628 780 ὲφευρίσκει
1656 709 1822 779 θεραο

241 811 401 870 nefa;
439 807 645 876 ἑκάστῃ
705 805 930 874 δυνάμει
983 807 1084 872 τῆς
1144 803 1355 872 ψυχῆς·
1407 803 1602 871 πράξει
1631 801 1730 871 μὲν
1763 801 1822 852 τὸ

242 900 570 970 πρακτικὸν,
627 896 828 964 γνώσει
889 895 946 948 δὲ
975 895 1034 947 τὸ
1068 894 1369 962 γνωστικδν
1394 935 1408 956 ,
1457 894 1732 962 προσευχῇ
1767 891 1824 944 δὲ.

237 992 301 1045 τὸ
357 987 690 1059 Θεωρητικὸν
754 985 1033 1055 καθαίρων
1075 982 1299 1046 ἑαυτοῦ,
1333 985 1424 1035 καὶ
1479 983 1566 1035 διὰ
1594 983 1820 1047 τούτων,

239 1087 319 1148 είς
345 1082 443 1153 τὴν
477 1082 575 1150 τῆς
598 1080 851 1149 καρδίας,
875 1079 970 1130 καὶ
989 1077 1084 1130 τοῦ
1106 1076 1198 1129 νοῦ
1235 1077 1470 1136 τελείαν,
1494 1076 1589 1128 καὶ
1620 1073 1820 1142 ἀληθῆ,

241 1177 333 1229 καὶ
364 1173 746 1245 μονιμωτάτην
798 1171 994 1238 φθάνει
1037 1170 1409 1240 καθαρότητα,
1458 1168 1582 1237 ἥτις
1627 1168 1727 1218 οὐκ
1757 1165 1823 1218 ἂν

239 1267 448 1336 γένοιτό
470 1265 600 1316 ποτέ
628 1281 754 1322 τινι,
775 1264 822 1314 εἰ
847 1263 920 1332 μὴ
939 1263 1025 1314 διὰ
1052 1262 1150 1331 τῆς
1167 1264 1220 1312 ἐν
1248 1258 1443 1329 πράξει
1466 1258 1820 1324 τελειότητος,

238 1359 338 1411 καὶ
363 1357 462 1425 τῆς
490 1356 749 1424 ὲπιμὸνου
773 1353 987 1423 τριϐῆς,
1015 1353 1248 1422 Θεωρίας
1263 1368 1323 1402 τε
1355 1351 1448 1402 καὶ
1477 1350 1577 1419 τῆς
1605 1351 1662 1401 ὲν
1689 1348 1826 1400 θεω-

241 1448 332 1517 ρίᾳ
358 1448 686 1517 προσευχῆς.

279 1551 452 1563 ...αν-

1932 523 1985 576 iu
2027 519 2347 580 humilitate,
2384 526 2438 571 et
2469 516 2521 569 in
2562 515 2891 569 contritione
2929 515 3142 577 crescit,
3176 525 3230 566 et
3265 516 3498 568 remedia

1932 611 2142 667 invenit
2199 610 2399 678 cuique
2448 608 2644 661 anima:
2712 605 2956 658 facultati
3025 619 3289 669 congrua,
3347 606 3502 671 praxi

1929 705 2247 772 practicam,
2282 699 2506 755 scientia
2541 695 2987 759 intellectualem,
3013 705 3068 749 et
3091 695 3332 747 oratione
3366 711 3503 747 cou-

1931 795 2299 863 templativam
2333 791 2414 844 sui
2440 800 2648 856 partem
2673 803 2944 856 purgans;
2979 797 3138 854 atque
3164 801 3257 852 per
3281 787 3394 838 haec
3430 786 3498 837 ad

1930 888 2110 943 cordis
2141 893 2194 939 et
2229 883 2534 938 intellectus
2567 881 2860 947 perfectam
2893 893 3186 945 veramque
3213 893 3277 930 ac
3304 877 3501 928 iil'lllis-

1932 983 2124 1034 simam
2168 977 2414 1046 pervenit
2471 974 2815 1034 tuunditiem,
2871 988 3032 1038 quam
3070 985 3228 1024 nemo
3263 986 3496 1036 unquam

1934 1074 2250 1142 adipiscitur
2287 1070 2389 1122 nisi
2429 1065 2765 1135 perfectione
2797 1079 3042 1132 operum,
3081 1072 3136 1115 et
3173 1062 3504 1118 contritione

1933 1177 2226 1235 perpetua,
2298 1159 2864 1230 coutemplatiouequc
2927 1165 2983 1211 et
3074 1153 3502 1222 contemplativa

1931 1259 2198 1312 oratione.

820 1700 1166 1833 ΤΟΥ
1279 1695 1851 1854 ΑΥΤΟΥ
1981 1691 2919 1826 ΓΡΗΓΟΡΙΟΪ

1527 1932 1614 1984 ΤΟ
1629 1929 1666 1981 1⁷
1707 1931 2238 1988 ΘΕΣΣΑΛΟΝΙΚῙΙΣ

944 2097 1514 2199 ΚΕΦΛΛΑΙΑ
1589 2095 2054 2190 ΦΥΣΙΚΑ,
2131 2090 2814 2186 ΘΕΟΛΟΓΙΚΑ.

1315 2285 1550 2354 meum
1587 2285 1677 2338 TE
1717 2284 1837 2338 ΚΑΙ
1876 2282 2240 2338 nmmum
2281 2280 2387 2336 PN’

1835 2472 1908 2487 ﬂ

925 2677 1797 2836 EJUSDEM
1911 2675 2839 2834 GBEGORII

1507 2954 2274 3016 TIIESSALONICENSIS

264 3121 729 3268 PHYSICA.
799 3119 1476 3263 THEOLOGICA.
1543 3119 1836 3246 ΜθΙὶΑ

1951 3119 2017 3244 Α
2091 3122 2222 3244 E’l‘
2310 3115 2816 3246 FRACTICA
2897 3115 3270 3245 CAPITA
3357 3114 3500 3245 CL.

337 3497 411 3572 α’.
431 3509 676 3588 Ἧρχθαι
709 3516 801 3568 τὸν
833 3517 1058 3588 κόσμον,
1093 3519 1188 3571 καὶ
1216 3519 1429 3587 ἡφύσις
1453 3519 1717 3584 διδάσκει,
1750 3522 1842 3576 καὶ
1867 3529 1913 3590 Β

257 3611 293 3679 ὴ
333 3608 543 3679 ἱστορία
607 3607 924 3660 πιστοῦται⁶
965 3610 1060 3662 καὶ
1105 3609 1213 3662 τῶν
1242 3611 1447 3680 τεχνῶν
1483 3613 1541 3664 αί
1570 3613 1842 3683 εὑρέσεις,

259 3701 358 3755 καὶ
383 3701 491 3753 τῶν
512 3701 694 3771 νόμιον
721 3702 776 3755 αί
809 3701 1015 3767 θέσεις,
1046 3703 1142 3754 καὶ
1163 3702 1272 3755 τῶν
1298 3703 1584 3758 πολιτειῶν
1615 3705 1673 3759 αἱ
1705 3707 1844 3775 χρή-

261 3811 378 3857 σεις
409 3794 655 3866 ἐναργῶς
678 3795 998 3864 παριστᾶσι.
1025 3795 1218 3864 Σχεδὸν
1246 3798 1354 3867 γὰρ
1383 3797 1587 3867 τεχνῶν
1613 3798 1844 3853 ἀπασῶν

257 3890 423 3958 ἴσμεν
454 3889 579 3950 τοὺς
602 3887 850 3958 εὑρετὰς,
893 3887 1138 3951 καὶτοὺς
1177 3889 1472 3959 νομοθέτας
1492 3891 1600 3945 τῶν
1637 3893 1840 3960 νόμων,

258 3982 357 4034 καὶ
408 3981 536 4044 τοὺς
596 3980 695 4051 τὴν
738 3979 914 4051 ἀρχὴν
952 3980 1328 4050 κεχρημένους
1373 3983 1490 4044 ταῖς
1520 3982 1841 4048 πολιτείαις,

257 4072 338 4125 ἔτι
365 4088 428 4140 γε
452 4073 560 4141 μὴν
585 4072 678 4124 καὶ
703 4071 815 4126 τῶν
834 4072 1310 4141 συγγραψαμένων
1333 4073 1462 4143 περὶ
1493 4074 1615 4127 ὅτου
1638 4075 1842 4144 δήποτε

255 4164 358 4233 τὴν
416 4162 590 4234 ἀρχὴν
648 4163 928 4229 ἁπάντων,
977 4164 1072 4217 καὶ
1119 4165 1308 4218 οὐδένα
1371 4164 1576 4228 τούτων
1620 4164 1840 4236 ὁρῶμεν

261 4255 662 4326 δπερϐαίνοντα
711 4255 811 4325 τὴν
835 4253 930 4307 τοῦ
961 4255 1171 4325 κόσμου
1197 4293 1204 4300 ι
1227 4257 1321 4310 καὶ
1349 4256 1444 4310 τοῦ
1469 4257 1660 4328 χρόνον
1685 4259 1842 4326 γένε-

259 4364 370 4411 σιν,
413 4347 481 4416 ἢν
512 4348 801 4415 ἱστόρησεν
823 4347 850 4398 ὁ
877 4347 1139 4416 Μωῡσῆς.
1169 4348 1455 4412 Καὶαὺτδς
1489 4350 1545 4402 δὲ
1572 4351 1838 4422 Μωῦσῆς,

256 4443 286 4494 ὁ
314 4439 416 4511 τὴν
447 4439 622 4511 ἀρχὴν
685 4442 786 4512 τῆς
828 4439 922 4492 τοῦ
963 4439 1168 4510 κόσμου
1207 4441 1474 4508 γενέσεως
1519 4445 1842 4513 συγγραψάο

262 4550 447 4603 μενος,
495 4532 582 4585 διὰ
637 4533 906 4586 τοσούτων
983 4531 1162 4602 ἔργων
1213 4535 1307 4585 καὶ
1367 4534 1542 4602 λόγων
1587 4537 1840 4600 ἐξαισίων

257 4625 692 4696 άναντιρῥήτους
727 4628 1035 4696 παρέσχετο
1103 4627 1312 4687 πίστεις
1345 4629 1444 4694 τῆς
1492 4631 1612 4681 καθ’
1648 4631 1840 4684 ἑαυτὸν

256 4717 538 4786 ἀληθείας,
562 4716 636 4780 ὡς
673 4718 858 4788 σχεδὸν
889 4719 1035 4771 ἅπαν
1056 4717 1210 4786 γένος
1241 4717 1541 4787 ἀνθρώπων
1573 4737 1836 4773 καταπει-

259 4811 349 4869 θὲς
413 4807 787 4878 ἐξειργάσθαι,
861 4809 956 4861 καὶ
1017 4809 1326 4878 καταγελᾷν
1379 4809 1671 4864 ἀναπεῖσαι
1730 4813 1839 4864 τῶν

2012 3528 2064 3582 1.
2101 3526 2371 3597 lncepisse
2394 3527 2680 3592 mundum,
2705 3535 2759 3581 et
2784 3535 2979 3581 natura
3003 3527 3181 3590 docet,
3203 3537 3258 3579 et
3284 3525 3512 3580 historia

1943 3621 2196 3685 aﬂirmat,
2258 3630 2314 3673 et
2361 3621 2560 3674 artium
2617 3618 2980 3682 inventiones,
3035 3627 3089 3672 et
3143 3619 3514 3672 institutiones

1945 3713 2144 3781 legum,
2178 3719 2232 3766 et
2269 3710 2620 3777 imperiorum
2673 3707 3091 3763 constitutiones
3131 3707 3276 3761 clare
3310 3716 3516 3759 testan-

1947 3815 2052 3858 tur.
2083 3803 2218 3857 Naru
2263 3801 2381 3857 fere
2411 3815 2602 3855 omnes
2639 3799 2888 3854 novimus
2921 3800 3231 3854 inventores
3286 3800 3512 3862 artium,

1945 3907 1999 3952 et
2029 3898 2206 3965 legum
2233 3895 2565 3958 conditores,
2599 3902 2653 3948 et
2701 3892 2910 3963 primos
2957 3907 3242 3961 regnorum
3296 3890 3514 3943 institu-

1949 3995 2113 4046 tores,
2151 3991 2206 4038 et
2253 3983 2467 4037 initium
2511 3983 2754 4036 omnium
2801 3983 2894 4051 qui
2943 3983 3011 4036 de
3088 3996 3409 4050 quacunque
3457 3996 3515 4033 re

1947 4076 2304 4146 scripserunt,
2348 4089 2402 4129 et
2428 4078 2619 4128 horum
2651 4075 2923 4128 neminem
2969 4075 3217 4129 videmus
3251 4073 3343 4142 qui
3379 4087 3514 4141 prm-

1948 4167 2108 4222 ccdat
2141 4167 2324 4220 mundi
2362 4176 2418 4221 et
2462 4167 2725 4235 temporis
2754 4168 3035 4220 exordium
3081 4184 3109 4220 a
3158 4166 3338 4237 Moyse
3377 4166 3517 4219 assi-

1948 4268 2190 4328 gnatum.
2233 4258 2300 4311 Et
2336 4259 2450 4328 ipse
2489 4259 2688 4324 Moses,
2715 4259 2808 4327 qui
2860 4261 3088 4327 primam
3142 4263 3324 4312 utundi
3355 4259 3520 4327 origi-

1949 4365 2072 4404 nem
2101 4350 2404 4418 descripsit,
2440 4361 2548 4404 tam
2580 4352 2766 4404 multis
2800 4351 3053 4420 operibus
3085 4360 3140 4404 et
3173 4352 3519 4405 sermonibus

1951 4443 2402 4495 extraordinariis
2454 4441 2677 4496 indubia
2745 4443 2966 4495 tradidit
3019 4458 3133 4496 suae
3203 4442 3520 4495 voracitatis

1951 4543 2289 4610 argumenta,
2330 4545 2387 4586 ut
2433 4533 2544 4588 fere
2569 4536 2884 4587 universum
2918 4549 3088 4603 genus
3125 4535 3402 4586 hominum
3453 4535 3514 4584 ad

1951 4625 2052 4679 sibi
2075 4625 2397 4678 credendum
2423 4635 2478 4679 et
2503 4625 2569 4678 ad
2601 4627 2881 4678 ridendum
2935 4641 3063 4679 suos
3093 4627 3519 4679 contradictores

1954 4716 2214 4772 incitarit.
2254 4718 2387 4782 Quia
2424 4727 2601 4770 autem
2647 4733 2707 4771 ea
2731 4728 2813 4772 est
2835 4718 3016 4771 mundi
3052 4719 3213 4787 hujus
3235 4729 3426 4771 natura
3464 4727 3520 4770 ut

1953 4811 2312 4878 quodcunque
2367 4811 2531 4861 aliam
2573 4824 2787 4876 semper
2853 4812 3091 4878 requirat
3158 4825 3422 4873 causam,
3467 4821 3520 4864 et

257 4902 518 4956 τάναντία
547 4902 944 4971 σοφισαμένων.
984 4901 1132 4953 Ἐπεὶ
1165 4904 1259 4956 καὶ
1290 4905 1322 4972 ἡ
1361 4902 1456 4956 τοῦ
1482 4904 1685 4974 κόσμου
1716 4906 1836 4958 τού-

1953 4905 2070 4957 sine
2109 4919 2270 4957 causa
2311 4903 2444 4956 nihil
2486 4918 2710 4971 prorsus
2763 4903 3030 4956 exsistere
3064 4905 3254 4970 possit,
3281 4921 3348 4958 ex
3394 4903 3522 4972 ipsis

256 5013 352 5049 τον
387 4994 568 5063 φύσις,
600 4997 691 5048 ἀεὶ
743 4995 1059 5064 προσφάτου
1117 4995 1215 5063 τῆς
1246 4995 1368 5048 καθ’
1397 4996 1628 5050 ’ἑκαστον
1665 4999 1839 5068 ἀρχῆς

256 5089 514 5158 δεομένη,
535 5089 628 5141 καὶ
662 5089 830 5158 χωρὶς
861 5089 1030 5158 αὐτῆς
1053 5088 1276 5158 μηδαμῆ
1309 5089 1654 5143 συνίστασθαι
1681 5093 1840 5145 δυνα-

259 5182 418 5250 μένη,
454 5181 551 5252 τὴν
595 5180 820 5250 πρώτην
872 5182 1092 5251 ἑαυτῆς,
1139 5182 1260 5250 ἣτις
1299 5183 1398 5234 οὐκ
1449 5183 1507 5248 ἐξ
1546 5183 1712 5254 ἄλλης
1734 5181 1839 5256 ἦν,
1919 5241 1923 5245 ,

256 5272 456 5344 ἀρχὴν,
492 5272 557 5325 δι’
591 5273 770 5325 αὐτῶν
800 5273 1098 5343 παρίστησι
1122 5273 1229 5326 τῶν
1261 5274 1620 5344 πραγμάτων.

329 5365 396 5431 β’.
445 5365 558 5416 υὺκ
609 5359 811 5435 ἦρχθαι
867 5366 1044 5433 μόνον,
1093 5364 1231 5416 ἀλλὰ
1279 5365 1371 5418 καὶ
1401 5364 1550 5428 τέλος
1580 5367 1722 5433 ἕξειν
1747 5370 1838 5422 τὸν

255 5459 485 5525 κόσμον,
510 5461 542 5527 ἡ
573 5461 672 5526 μὲν
711 5457 871 5526 φύσις
934 5457 1102 5516 αὐτ-οῆ
1143 5457 1249 5509 τῶν
1291 5457 1656 5527 ἐνδεχομένων
1699 5457 1838 5515 εἶναι

255 5552 620 5622 παρίστησινο
650 5551 812 5604 οἱονεὶ
847 5551 988 5602 κατὰ
1021 5549 1159 5618 μέρη
1201 5550 1465 5619 διηνεκῶς
1506 5551 1835 5606 τελευτῶσα.

257 5642 494 5695 Βεϐαίαν
519 5643 574 5694 δὲ
625 5645 719 5695 καὶ
776 5643 1168 5710 ἀναντίρρητον
1209 5645 1436 5712 παρέχει
1468 5645 1565 5714 τὴν
1599 5646 1835 5716 πίστι-δή

258 5735 568 5804 προφητεία
601 5734 706 5786 τῶν
755 5752 810 5789 τε
863 5734 1036 5787 ἄλλων
1073 5733 1290 5798 ἐνθέων,
1341 5735 1432 5787 καὶ
1464 5737 1701 5806 Χριστοῦ
1743 5740 1830 5792 τοῦ

1947 4995 2106 5051 rebus
2136 5006 2278 5064 patet
2310 4997 2539 5060 primam
2587 4995 2730 5051 illius
2767 4995 2937 5051 fuisse
2966 5011 3217 5062 causam,
3257 5013 3376 5066 qua:
3405 5000 3518 5066 ipsa

1947 5103 2052 5142 non
2086 5089 2248 5143 fuerit
2275 5105 2342 5144 ex
2371 5091 2474 5142 alia
2505 5102 2690 5142 causa.

2019 5365 2078 5416 2.
2129 5361 2248 5416 Non
2316 5360 2583 5429 incepisse
2629 5359 3030 5426 tautunuuodo,
3090 5363 3182 5412 sed
3245 5365 3298 5410 ct
3355 5359 3518 5410 linem

1953 5455 2264 5509 habiturqu
2295 5468 2418 5509 esse
2451 5455 2732 5519 mundum,
2781 5454 3017 5508 ostendit
3065 5453 3286 5519 ipsamct
3338 5466 3517 5503 rerum

1952 5550 2006 5602 iu
2047 5564 2113 5602 eo
2141 5559 2520 5602 contentarum
2552 5557 2782 5614 natura;
2833 5563 2951 5614 qua:
2984 5543 3377 5613 quodammmlo
3423 5559 3521 5611 per

1952 5649 2131 5707 partes
2181 5638 2380 5708 jugiter
2433 5639 2637 5694 linitur.
2695 5640 2789 5692 Cui
2845 5640 2921 5691 rei
2974 5636 3249 5691 indubiam
3301 5649 3521 5703 quoque

1954 5731 2195 5801 pra-bent
2229 5731 2480 5797 lidcrn,et
2512 5731 2740 5786 aliorum
2763 5743 3044 5786 sacrorum
3076 5729 3241 5783 verba
3279 5727 3516 5796 scripto-
