3912 6188
297 301 430 363 14ἓῖ

1192 316 1469 376 (ἊΙἾΤΛ
1514 318 1867 382 PllYSICA.
1907 317 2423 396 TllEOLOGICA,
2468 325 2608 384 ETC

3407 329 3541 392 ll26

287 413 480 476 αὐτούς
501 430 512 442 ·
548 416 652 467 τῶν
676 416 942 484 κνώδαλα,
978 421 1068 475 καὶ
1095 422 1272 488 λίθους
1290 427 1679 482 θεοποιούντων
1712 432 1843 484 οὐδὲε

1967 435 2271 496 meliorem.
2315 440 2408 492 sed
2447 442 2627 509 potius
2678 441 2846 495 multo
2880 442 3117 513 pejorem
3151 445 3353 501 cultum
3408 466 3537 517 pro-

286 509 530 574 ἄμεινον,
564 507 764 574 μᾶλλον
791 510 847 561 δὲ
890 513 983 564 καὶ
1014 513 1192 585 πολλῷ
1238 519 1422 588 χεῖρον
1451 523 1579 590 περὶ
1612 523 1672 574 τὸ
1699 524 1862 586 σέϐας

284 597 638 666 διακείμενοι.
698 599 963 655 Κνώδαλα
1005 605 1137 675 γὰρ,
1183 610 1278 662 καὶ
1303 611 1518 679 χρυσὸς,
1558 614 1652 665 καὶ
1690 614 1854 675 λίθος,

286 690 378 740 καὶ
408 687 606 756 χαλκὸς
653 688 785 742 ἔστι.
803 708 876 754 τι,
909 693 1012 747 κᾶν
1040 697 1148 752 τῶν
1178 700 1238 752 ἐν
1275 703 1388 764 τοῖς
1425 707 1661 768 κτιστοῖς
1697 703 1857 775 ἐσκά-

276 789 388 873 τιυν
412 795 425 809 ·
455 787 696 873 ποσμικὴ
727 788 783 840 δὲ
804 790 972 862 ψυχὴ,
1013 798 1107 849 καὶ
1150 800 1513 873 ἀστροφόρος,
1542 806 1666 859 οὔτε
1698 809 1846 862 ἔστιν

275 864 400 920 οὔτε
430 870 614 925 τίέστι
647 878 872 951 μηδαμῆ
899 881 1034 940 οὖσα
1060 891 1344 962 μηδαμῶς,
1383 897 1463 949 ὅτι
1502 900 1576 970 μὴ
1608 901 1851 956 ἀνάπλα-

275 973 389 1024 σμα
419 959 655 1028 διανοίας
687 973 1097 1044 κακοδαίμονος.

345 1054 407 1109 6'.
453 1056 688 1130 Ἐπειδὴ,
720 1065 912 1128 φασιν,
971 1066 1179 1138 ἀνάγκη
1213 1070 1479 1124 κινεῖσθαι
1515 1073 1576 1124 τὸ
1604 1074 1852 1142 οὐράνιον

277 1148 457 1216 σῶμα.
489 1154 800 1224 περαιτέρω
830 1155 887 1208 δὲ
935 1157 1098 1222 τόπος
1119 1160 1316 1225 οὐδεὶς,
1340 1165 1417 1226 εἰς
1449 1164 1509 1216 ὃν
1555 1162 1621 1217 ἂν
1651 1166 1848 1233 προῖλι,

275 1240 680 1311 ἑπαναστρέερει
736 1246 872 1315 πρὸς
929 1249 1110 1310 ἑαυτὸ,
1161 1252 1253 1304 καὶ
1294 1252 1352 1305 τὸ
1393 1255 1636 1324 προϊέναι
1664 1257 1850 1309 τούτου

278 1332 604 1398 στρέφεσθαί
640 1337 806 1402 ἐστιν,
838 1334 987 1406 εὖτεο
1048 1343 1097 1393 εἰ
1141 1343 1272 1410 γοῦν
1296 1341 1407 1414 εἶχε
1432 1348 1615 1410 τόπον,
1646 1349 1757 1400 ἄνω
1789 1351 1852 1400 Ξν

271 1421 520 1489 ἐφέρετο,
537 1427 784 1496 καθάπερ
807 1431 900 1483 καὶ
918 1433 974 1483 τὸ
990 1431 1123 1503 πῦρ,
1152 1436 1241 1488 καὶ
1261 1438 1426 1490 αὐτοῦ
1455 1439 1509 1492 δὲ
1532 1440 1732 1507 μᾶλλον
1757 1440 1849 1493 τοῦ

273 1515 465 1582 πυρὸς.
501 1518 623 1570 ἐπεὶ
653 1521 746 1571 καὶ
782 1521 980 1592 κοῦφον
1013 1527 1289 1594 τὴνφύσιν
1314 1529 1404 1582 τοῦ
1435 1531 1606 1600 πυρὸς
1627 1532 1848 1600 μᾶλλον.

272 1605 422 1676 Αὕτη
455 1610 508 1660 δὲ
535 1611 596 1661 οὐ
639 1612 856 1677 φύσεως
906 1616 1083 1685 ψυχῆς
1125 1622 1156 1687 ἡ
1205 1621 1438 1692 κίνησις,
1477 1623 1611 1674 ἀλλὰ
1635 1623 1850 1691 φύσεως

274 1698 606 1766 κουφότητος
630 1717 642 1730 ·
711 1703 759 1753 εἰ
794 1700 887 1756 οὖν
915 1706 975 1756 τὸ
1018 1707 1263 1775 προϊέναι
1307 1711 1400 1763 τοῦ
1431 1712 1662 1781 οὐρανοῦ
1696 1716 1848 1782 στρέ-

270 1789 469 1852 φῖσθαί
503 1793 638 1853 ἐστι,
668 1794 728 1845 τὸ
759 1795 814 1847 δὲ
871 1799 935 1868 τῇ
979 1800 1171 1852 ἑαυτοῦ
1200 1803 1360 1869 φύσει
1387 1803 1520 1873 ἕχει,
1549 1805 1664 1859 ἀλλ’
1690 1807 1751 1858 οὐ
1781 1811 1845 1876 τῇ
1884 1782 1930 1842 Β

263 1880 364 1946 τῆς
393 1880 591 1950 ψυχῆς,
629 1887 922 1953 στρέφεται
971 1890 1076 1959 ἄρα
1104 1892 1164 1944 τὸ
1202 1893 1450 1962 οὐράνιον
1486 1897 1662 1966 σῶμα,
1697 1900 1756 1950 οὐ
1783 1902 1845 1968 τῇ

267 1968 430 2033 φύσει
463 1973 557 2040 τῆς
579 1974 778 2043 ψυχῆς,
813 1977 948 2030 ἀλλὰ
976 1982 1041 2049 τῇ
1069 1982 1281 2047 ἑαυτοῦ,
1310 1985 1505 2037 οὐκοῦν
1534 1988 1653 2040 οὐδὲ
1667 1988 1845 2058 ψυχὴν

264 2062 398 2129 ἔχει.
444 2065 568 2115 Οὐδ’
599 2066 714 2118 ἔστι
767 2085 850 2130 τις
899 2070 1170 2138 οὐράνιος,
1218 2075 1250 2146 ἢ
1289 2077 1630 2147 παγκόσμιος
1675 2081 1841 2150 ψυχὴ,

263 2156 400 2205 ἀλλὰ
436 2157 566 2226 μόνη
592 2157 781 2230 λογικὴ
1005 2166 1151 2218 ἐστιν
1181 2169 1213 2236 ἠ
1242 2168 1554 2238 ἀνθρωπίνη
1583 2187 1596 2201 ·
1625 2172 1722 2224 οὐκ
1755 2175 1842 2224 οὐ·

267 2249 472 2311 ρᾶινιος,
497 2249 611 2303 ἀλλ’
629 2249 1136 2326 ὁπερουράνιος,ὀύ
1181 2260 1352 2328 τόπῳ,
1384 2261 1519 2315 ἀλλὰ
1544 2267 1610 2334 τῇ
1643 2265 1837 2334 ἑαυτῆς

269 2353 308 2402 φ
332 2340 452 2416 σει.
492 2343 582 2396 ἅτε
618 2347 780 2413 νοερὰ
814 2348 1135 2420 ὑπάρχουσα
1159 2350 1334 2404 οὐσία.

343 2479 404 2534 ε’.
433 2483 537 2534 Καὶ
567 2483 628 2534 τδ
664 2484 912 2552 προϊέναι
946 2486 1026 2549 δὲ,
1060 2487 1155 2540 καὶ
1184 2489 1318 2558 πρὸς
1355 2489 1415 2542 τὸ
1465 2489 1576 2543 ἄνω
1604 2491 1845 2542 ἐπεκτεί-

271 2590 324 2625 νε
338 2574 455 2625 σθαι
485 2575 544 2626 τὸ
566 2576 812 2643 οὐράνιον
828 2579 928 2629 οὐκ
959 2578 1070 2646 ἔχει
1104 2581 1290 2648 σῶμα·
1314 2582 1411 2650 οὐχ
1435 2582 1514 2634 ὅτι
1538 2583 1848 2652 περαιτέρω

269 2665 431 2726 τόποξ
467 2666 565 2716 οὐκ
597 2666 711 2719 ἔστι
765 2669 880 2736 (καὶ
931 2671 964 2739 ἡ
1021 2672 1158 2738 μετᾶ
1191 2671 1351 2724 τοῦτο
1371 2675 1478 2740 γὰρ
1523 2677 1728 2744 σφαῖρα
1756 2675 1848 2726 τοῦ

273 2753 496 2820 αἰθέρος
525 2755 1055 2828 ἐμπεριειλημμένη)
1081 2759 1276 2828 τούτῳ,
1309 2761 1369 2813 οὐ
1408 2763 1653 2830 πρόεισιν
1677 2765 1764 2816 ἐπὶ
1791 2763 1850 2814 τδ

269 2844 403 2896 ἂνω·
435 2845 530 2913 οὐχ
562 2847 641 2897 ὅτι
673 2847 833 2909 τόπος
871 2848 1045 2910 οὐδεὶς
1077 2850 1156 2912 εἰς
1178 2851 1236 2901 ὃν
1270 2851 1338 2902 ἂν
1370 2853 1578 2921 προῖοι·
1627 2854 1849 2922 περικέ-

269 2953 429 3002 χυται
463 2938 569 3007 γὰρ
602 2939 772 3009 ταύτῃ
799 2939 860 2992 τὸ
896 2941 1146 3010 οὐράνιον
1178 2943 1381 3003 πλάτος
1415 2962 1430 2976 ο
1468 2945 1568 2997 οὐκ
1599 2945 1852 2998 ἐπεκτεί-

268 3041 420 3076 νεται
454 3025 506 3076 δὲ
536 3028 813 3096 ἀνωτέρω,
846 3030 965 3080 ἐπεὶ
983 3031 1042 3083 τὸ
1060 3033 1316 3101 ἀνωτέρω
1336 3033 1539 3103 ταύτης
1564 3035 1742 3095 τοῦτο,
1763 3036 1850 3093 λεν

269 3116 706 3184 πτότεροναύτῆς
742 3120 856 3171 ἐστι
881 3133 892 3145 ·
917 3121 999 3172 διὸ
1027 3122 1119 3175 καὶ
1139 3124 1394 3190 ἀνωτέρω
1415 3126 1616 3194 ταύτης
1646 3127 1760 3178 ἐστὶ
1784 3129 1846 3196 τῇ
1875 3142 1921 3203 α

268 3207 430 3273 φύσει
452 3209 787 3264 ἑαυτού.οὐκ
810 3211 1012 3279 ἅραὸτι
1034 3213 1107 3282 μὴ
1134 3213 1244 3282 ἔχει
1269 3216 1432 3269 τόπον
1454 3218 1850 3287 ἁνωτὲρωὲαυ-

265 3297 361 3350 τοῦ
386 3299 518 3368 πρὸς
543 3301 609 3353 τὰ
626 3301 736 3354 ἄνω
750 3303 810 3354 οὐ
831 3304 1156 3373 προέρχεται
1177 3309 1203 3357 6
1230 3309 1474 3376 οὐρανὸς,
1501 3309 1612 3360 ἀλλ’
1639 3310 1720 3362 ὅτι
1750 3329 1850 3380 μη-

301 3390 358 3444 ὲν
379 3392 544 3445 αὐτοῦ
571 3393 728 3462 σῶμα
761 3395 1084 3465 λεπτότερόν
1110 3415 1169 3450 τε
1201 3402 1296 3452 καὶ
1327 3399 1652 3472 κουφότερόν
1683 3405 1848 3458 ἐστιν.

343 3489 417 3545 ς’.
444 3484 610 3536 Οὐδὲν
642 3486 803 3554 σῶμα
853 3486 948 3539 τοΞΞ
1002 3489 1256 3558 οὐρανίου
1296 3491 1550 3562 σώματος
1590 3495 1851 3565 ὑψηλότε-

269 3577 366 3643 ρον
401 3577 548 3627 ἐστιν
578 3591 591 3603 ·
648 3577 765 3629 ἀλλ’
822 3579 884 3631 οὐ
939 3581 1090 3648 παρὰ
1145 3581 1301 3634 τοῦτο
1334 3583 1583 3637 δεκτικὸν
1613 3587 1712 3638 οὐκ
1736 3587 1849 3639 ἐστι

266 3665 518 3734 σώματος
541 3667 600 3720 τὸ
625 3669 904 3739 ἀνωτέρω,
945 3671 1055 3723 ἀλλ’
1082 3673 1163 3724 ὅτι
1195 3676 1302 3727 πᾶν
1338 3675 1495 3745 σῶμα
1528 3681 1849 3748 συμπεριεί-

265 3755 440 3824 ληφεν
483 3760 510 3809 6
537 3759 788 3828 οὐρανὸς,
836 3763 930 3813 καὶ
985 3763 1152 3832 μηδὲν
1197 3765 1381 3836 ἕτερόν
1422 3770 1568 3820 ἐστιν
1593 3771 1851 3824 ἐπέκεινα

266 3849 447 3916 σῶμα.
481 3850 540 3900 El
576 3849 621 3902 δ’
657 3845 722 3920 ἦν
754 3851 1004 3916 διελθεῖν,
1039 3853 1228 3925 ὥσπερ
1281 3858 1412 3926 ἡμῖν
1459 3862 1568 3922 τοῖς
1602 3863 1848 3916 εὐσεϐέσι

262 3940 362 3990 καὶ
414 3941 744 4005 πιστεύεται,
781 3944 880 3995 οὐκ
918 3943 986 3996 ἂν
1052 3941 1120 4014 ἦν
1165 3949 1544 4016 ἀπαράδεκτον
1594 3953 1654 4004 τὸ
1708 3957 1846 4024 ὑπὲρ

263 4030 356 4082 τὸν
391 4031 620 4099 οὐρανὸν
648 4035 842 4088 ἐκεῖνο.
889 4035 946 4087 Ὀ
986 4038 1094 4106 γὰρ
1124 4039 1189 4090 τὰ
1233 4040 1412 4095 πάντα
1438 4043 1658 4113 πληρῶν
1687 4048 1841 4109 Θεὸς,

263 4120 522 4188 καὶπρὸς
551 4123 618 4175 τὰ
679 4124 940 4178 ἐπέκεινα
986 4127 1080 4178 τοῦ
1121 4129 1354 4198 οὐρανοῦ
1397 4133 1842 4204 ἐπεκτεινόμενος

261 4209 353 4260 ἐπ’
389 4210 636 4282 ἄπειρον,
667 4210 734 4284 ἦν
763 4217 858 4268 καὶ
898 4219 1005 4286 πρὸ
1028 4218 1136 4270 tot?
1157 4221 1360 4290 κόσμου
1400 4222 1622 4292 πληρῶν
1645 4227 1718 4288 ὡς
1751 4231 1842 4280 καὶ

263 4299 360 4351 νῦν
409 4302 607 4370 πληροῖ
670 4305 762 4357 τὸν
800 4307 857 4360 ἐν
889 4307 966 4376 τῷ
1015 4310 1203 4380 κόσμῳ
1255 4313 1417 4363 τόπον
1468 4314 1722 4368 ἅπανταο
1749 4319 1842 4370 καὶ

257 4392 415 4444 οὐδὲν
446 4396 718 4464 προσέστη
749 4399 925 4458 τοῦτο,
953 4401 1089 4454 ὥστε
1113 4405 1268 4471 σῶμα
1302 4405 1360 4458 ἐν
1390 4405 1538 4474 αὐτῷ
1560 4409 1839 4475 γενέσθαι.

1969 530 2216 593 litentur,
2257 544 2416 597 quam
2462 533 2553 598 qui
2607 533 2808 587 bestias
2859 545 2952 588 aut
3002 537 3210 606 lapides
3261 539 3537 597 deilieant.

1962 618 2100 674 Nam
2127 621 2334 686 bestizu,
2399 639 2630 686 aurum,
2687 641 2760 680 res
2821 636 2876 679 et
2937 629 3074 694 lapis
3121 641 3253 684 sunt
3311 633 3534 698 aliquid,

1962 709 2092 766 licet
2122 723 2492 768 creaturarum
2527 716 2721 770 inlitum
2751 734 2767 783 ;
2805 719 2984 772 anima
3031 735 3158 772 vero
3191 723 3458 774 mundana
3485 733 3538 773 et

1962 802 2226 858 stellifera
2260 821 2432 874 neque
2459 809 2644 861 existit
2685 825 2862 876 neque
2891 809 3094 878 aliquid
3125 827 3349 878 prorsus
3385 815 3534 867 aliud

1963 902 2047 950 est
2074 912 2236 966 quam
2275 901 2468 954 tuentis
2489 899 2687 954 misere
2716 902 3020 956 aberrautis
3039 904 3336 960 inventum.

2030 1083 2083 1135 4.
2125 1082 2284 1146 Cum,
2323 1083 2594 1151 inquiunt,
2627 1099 2850 1140 necesse
2907 1088 2978 1141 sit
3050 1090 3255 1143 moveri
3312 1091 3534 1145 cceleste

1961 1188 2303 1243 eorpus,nec
2335 1175 2562 1229 ulterior
2602 1177 2755 1232 locus
2814 1178 2881 1232 sit
2913 1179 2966 1232 in
3040 1196 3199 1249 quem
3254 1186 3532 1250 procedat,

1959 1269 2300 1321 convertitur
2338 1269 2390 1320 in
2418 1270 2677 1334 seipsum,
2707 1280 2759 1323 et
2781 1285 3072 1338 processus
3095 1275 3214 1342 ejus
3245 1277 3533 1328 conversio

1956 1359 2162 1427 eptimc
2194 1370 2274 1412 est
2302 1378 2315 1425 ;
2339 1362 2383 1413 si
2415 1377 2544 1430 ergo
2575 1362 2799 1418 haberet
2844 1366 3116 1432 spatium,
3139 1383 3354 1421 sursum
3422 1369 3533 1422 irr—

1959 1461 2129 1513 retur,
2163 1455 2304 1508 sicut
2332 1464 2386 1506 et
2419 1454 2583 1523 ignis,
2641 1465 2695 1509 et
2752 1458 2922 1525 magis
2974 1474 3136 1525 quam
3191 1461 3332 1528 ignis
3393 1462 3532 1529 ipse,

1956 1546 2082 1612 quia
2117 1556 2309 1599 natura
2335 1546 2506 1600 levius
2559 1549 2684 1616 igne
2737 1559 2930 1604 est.—
2975 1551 3071 1604 llic
3119 1564 3296 1607 autem
3352 1565 3536 1608 motus

1957 1651 2065 1691 non
2103 1639 2341 1707 pertinet
2368 1640 2436 1692 ad
2471 1650 2722 1694 naturam
2776 1643 2994 1706 auinue,
3042 1644 3134 1697 sed
3165 1647 3230 1698 ad
3279 1657 3532 1700 naturam

1959 1731 2196 1786 levitatis
2220 1750 2234 1792 :
2261 1734 2304 1787 si
2333 1735 2496 1801 igitur
2524 1751 2814 1803 processus
2843 1738 2962 1791 cmli
2987 1747 3070 1792 est
3091 1739 3204 1808 ejus
3223 1741 3532 1804 conversio,

1960 1823 2110 1876 illum
2135 1836 2316 1877 autem
2373 1825 2536 1878 habet
2587 1840 2615 1878 a
2651 1841 2751 1879 sua
2784 1837 3002 1890 natura,
3071 1816 3174 1881 non
3236 1844 3265 1882 a
3339 1841 3532 1883 natura

1959 1918 2177 1980 animm,
2220 1931 2349 1986 ergo
2378 1917 2610 1970 vertitur
2648 1918 2874 1973 cmleste
2924 1935 3144 1988 corpus,
3180 1935 3284 1974 non
3336 1930 3532 1974 natura

1958 2013 2177 2073 animm,
2230 2013 2324 2063 sed
2395 2022 2586 2079 suapte
2637 2021 2850 2076 natura,
2906 2029 3006 2068 nec
3037 2015 3261 2084 proinde
3289 2019 3527 2069 animam

1958 2103 2140 2156 habet.
2173 2103 2358 2170 Neque
2387 2115 2472 2158 est
2499 2104 2675 2173 aliqua
2707 2106 2947 2162 ea'lestis
2978 2118 3032 2161 et
3064 2109 3386 2162 universalis
3409 2111 3532 2161 auio

1956 2211 2066 2254 ma.
2098 2195 2190 2247 sed
2217 2196 2331 2249 sola
2365 2205 2447 2248 est
2529 2196 2712 2250 anima
2777 2199 3060 2252 rationalis
3104 2199 3358 2263 humana,
3426 2217 3530 2252 non

1955 2284 2218 2347 caelestis,
2252 2285 2345 2338 sed
2383 2287 2808 2354 supercaelestis,
2867 2303 2974 2341 non
3031 2288 3171 2352 loco,
3219 2293 3310 2344 sed
3339 2303 3531 2359 suapte

1956 2389 2174 2439 natura,
2202 2389 2472 2448 quatenus
2505 2379 2889 2434 intellectualis
2913 2383 3221 2436 substantia
3255 2394 3358 2438 est.

2026 2470 2078 2522 5.
2103 2469 2219 2523 Non
2283 2470 2404 2524 ideo
2460 2485 2566 2523 non
2625 2472 2866 2539 procedit
2918 2486 3018 2525 nec
3081 2488 3298 2526 sursum
3363 2474 3532 2528 fertur

1955 2561 2178 2617 cmleste
2206 2577 2424 2630 corpus,
2447 2565 2569 2630 quia
2608 2563 2838 2615 ulterior
2869 2563 3022 2617 locus
3076 2580 3182 2616 non
3232 2575 3335 2616 est.
3393 2563 3528 2616 Nam

1955 2657 2068 2722 ipsa
2094 2655 2312 2708 a‘tlteris
2339 2653 2548 2722 sphzera
2584 2653 2673 2706 illo
2723 2654 2944 2708 iulerior
2995 2655 3123 2709 etin
3178 2672 3242 2709 eo
3295 2658 3529 2709 ein-uni-

1954 2750 2177 2816 scripta,
2218 2761 2317 2799 nec
2378 2745 2585 2799 ideirco
2645 2761 2864 2800 sursum
2918 2765 3025 2800 non
3085 2750 3347 2816 procedit,
3404 2751 3530 2816 quia

1955 2839 2137 2894 nullus
2165 2850 2246 2892 est
2281 2841 2431 2893 locus
2465 2839 2515 2892 in
2569 2855 2728 2908 quem
2778 2845 3055 2910 procedat,
3119 2859 3239 2895 cum
3292 2845 3526 2897 cireum-

1954 2933 2135 3002 ciugat
2168 2949 2285 2987 eam
2313 2932 2557 2987 cmlcsﬁs
2592 2933 2890 3001 amplitudo
2919 2939 3048 2998 ;sed
3093 2936 3213 2989 ideo
3272 2953 3374 2988 non
3435 2954 3529 2989 sn-

1953 3026 2140 3096 perius
2183 3027 2370 3085 tendit.
2405 3027 2533 3094 quia
2596 3027 2854 3092 superius
2914 3027 3019 3080 hoc
3071 3028 3306 3095 spatium
3360 3028 3529 3080 levius

1955 3133 2014 3172 ea
2039 3128 2146 3179 est.
2177 3133 2238 3171 ac
2264 3117 2492 3186 proinde
2523 3132 2684 3187 supra
2717 3119 2862 3170 illam
2921 3130 3001 3172 est
3053 3130 3245 3184 suapte
3311 3130 3526 3169 uatum.

1951 3208 2071 3264 Non
2108 3211 2272 3280 igitur
2305 3211 2428 3278 quia
2465 3212 2802 3278 superiorem
2831 3211 3014 3280 seipso
3045 3211 3225 3264 locum
3289 3228 3392 3262 non
3438 3212 3530 3262 lm-

1954 3302 2066 3363 bet.
2103 3301 2307 3356 idcirco
2337 3316 2552 3356 sursum
2580 3299 2722 3353 haud
2757 3301 2927 3355 fertur
2965 3301 3184 3366 cmlum,
3249 3301 3340 3354 sed
3404 3303 3526 3368 quia

1950 3397 2159 3449 nullum
2191 3411 2390 3464 corpus
2425 3410 2490 3448 eo
2549 3393 2807 3447 subtilius
2840 3408 2904 3446 ac
2939 3396 3110 3446 levius
3140 3402 3244 3446 ρει.

2023 3487 2077 3540 6.
2131 3484 2344 3539 Nullum
2381 3500 2578 3554 corpus
2608 3498 2837 3554 corpore
2869 3485 3080 3538 cwlcsti
3104 3483 3384 3537 sublimius
3413 3493 3518 3543 cit,

1951 3593 2055 3632 nou
2090 3579 2214 3648 quia
2275 3578 2478 3630 nullum
2531 3585 2614 3631 est
2690 3577 2941 3645 superius
2996 3578 3234 3644 spatium
3289 3578 3526 3641 alicujus

1949 3672 2197 3738 corporis
2221 3684 2415 3736 capax,
2441 3670 2534 3722 sed
2567 3671 2694 3736 quia
2725 3683 2885 3722 omne
2916 3683 3118 3737 corpus
3172 3668 3314 3722 caelo
3375 3683 3525 3719 cmu-

1951 3761 2335 3828 prehenditur,
2371 3776 2470 3813 nec
2487 3759 2633 3813 aliud
2668 3767 2752 3814 est
2781 3758 3012 3812 ulterius
3062 3773 3283 3826 corpus.
3311 3757 3366 3809 Si
3431 3773 3524 3809 an-

1950 3863 2057 3907 tem
2121 3852 2341 3907 transiri
2414 3862 2635 3920 posset,
2713 3851 2857 3904 sicut
2911 3865 3014 3904 nos
3072 3850 3158 3918 pie
3215 3849 3522 3911 credimus,

1950 3959 2058 3996 non
2096 3951 2242 3995 esset
2277 3941 2666 3995 inadtnissibile
2717 3941 2848 3996 illud
2885 3941 3134 4009 superius
3193 3941 3333 3994 cmlo
3392 3956 3525 4006 spa-

1951 4039 2106 4088 tium.
2143 4035 2276 4087 Nam
2311 4035 2527 4102 replens
2589 4035 2771 4087 omnia
2822 4034 2984 4100 Deus,
3016 4042 3071 4087 et
3122 4033 3260 4086 ultra
3324 4034 3522 4086 cu-lnm

1947 4137 2209 4180 extensus
2242 4128 2295 4178 iu
2344 4127 2642 4189 inlittitum,
2691 4136 2807 4179 crat
2859 4125 3026 4180 etiam
3082 4137 3208 4178 aute
3255 4127 3515 4176 mundum

1947 4218 2192 4286 expletis,
2225 4218 2362 4271 sicut
2388 4229 2442 4270 ct
2471 4231 2615 4270 nunc
2649 4216 2831 4284 implet
2861 4231 3075 4269 omnem
3105 4215 3287 4268 mutuli
3321 4215 3522 4277 locum,

1949 4320 2123 4374 neque
2148 4305 2199 4357 id
2221 4307 2437 4359 obstitit
2466 4306 2594 4373 quin
2653 4320 2853 4373 corpus
2883 4306 2934 4358 in
3000 4320 3068 4360 eo
3127 4305 3517 4358 collocaretur.

1947 4396 2088 4461 Ergo
2129 4413 2229 4450 nee
2265 4399 2561 4467 quidquam
2593 4399 2848 4469 impediet
2874 4399 3000 4467 quin
3033 4399 3106 4452 sit
3130 4409 3285 4452 extra
3317 4399 3516 4453 cmluut

261 4484 475 4536 Οὐκοῦν
524 4487 643 4538 οὐδὲ
691 4491 845 4551 ἐκτὸς
893 4491 986 4543 τοῦ
1021 4493 1250 4558 οὐρανοῦ
1295 4496 1552 4564 ἐμπόδιον
1580 4497 1733 4550 ἔσται.
1765 4519 1836 4563 τι,

1964 4503 2119 4551 oens,
2165 4489 2341 4555 qualis
2366 4490 2512 4543 circa
2543 4490 2801 4544 mundum
2861 4499 2916 4543 et
2970 4488 3116 4544 intus
3169 4490 3356 4543 mundi
3415 4499 3518 4551 est,

263 4576 338 4642 μὴ
367 4571 504 4630 εἶναι
529 4578 715 4641 τόπον,
745 4576 853 4644 οἷος
877 4584 903 4633 6
927 4599 990 4634 πε
1003 4586 1300 4654 ρικόσμιος,
1329 4589 1360 4654 ἢ
1393 4590 1420 4640 6
1441 4591 1677 4657 γεγονὼς
1691 4593 1842 4654 ἐντὸς

260 4667 354 4718 τοῦ
384 4670 608 4738 κόσμου,
630 4673 765 4742 7:96;
797 4675 856 4726 τὸ
880 4672 1017 4729 εἶναι
1044 4678 1202 4746 σῶμα
1235 4681 1292 4730 ἐν
1317 4681 1486 4749 αὐτῷ.

339 4763 404 4824 ζ’.
432 4763 553 4826 Πῶς
584 4762 696 4826 οὖν,
731 4769 852 4819 ἐπεὶ
911 4769 1077 4837 μηδὲν
1117 4771 1371 4838 ἐμπόδιόν
1405 4775 1572 4837 ἐστιν,
1611 4775 1670 4827 οὐ
1703 4777 1834 4845 προ,

256 4858 319 4907 τι
354 4857 464 4908 ἅνω
518 4861 739 4928 φέρεται
776 4862 807 4926 ὴ
863 4862 1074 4930 κίνησις
1129 4863 1220 4914 τοῦ
1267 4865 1520 4933 οὐρανίου
1561 4868 1834 4936 σώματος.

256 4947 372 4998 ἀλλ’
404 4950 816 5019 ἐπαναστρέφον
848 4953 928 5014 εἰς
972 4954 1134 5006 ἑαυτὸ
1177 4958 1405 5009 κινεῖται
1448 4956 1668 5027 κύκλῳς
1702 4959 1834 5013 διότι

256 5056 365 5109 περ
395 5041 720 5106 ἐπιπολάζον
742 5044 817 5106 ὡς
851 5044 1176 5098 λεπτότατον
1200 5048 1474 5110 ἁπάντων,
1503 5053 1698 5114 παντὸς
1730 5052 1835 5104 σὼ-

258 5151 428 5201 ματος
467 5133 740 5190 ἀνώτατόν
768 5139 936 5202 ἐστιν,
977 5139 1112 5192 ἀλλὰ
1152 5142 1244 5192 καὶ
1279 5142 1725 5209 κινητικώτατον
1757 5146 1834 5206 ὡς

252 5225 365 5293 γὰρ
428 5226 488 5277 τὸ
557 5229 1040 5298 συμπεπιλημένον
1103 5231 1308 5301 ἄκρως,
1362 5234 1455 5285 καὶ
1504 5233 1830 5302 βαρύτατον,

252 5317 567 5371 κατώτατον
621 5337 678 5372 τε
723 5322 818 5373 καὶ
875 5323 1223 5390 κουφότατον,
1290 5323 1562 5377 ἀνώτατον
1599 5344 1655 5378 τε
1717 5326 1832 5396 ἅμα

252 5412 345 5465 καὶ
366 5413 792 5481 κινητικώτατον
822 5431 836 5444 ο
892 5417 1012 5467 ἐπεὶ
1048 5415 1138 5468 οὖν
1162 5417 1426 5469 κινεῖσθαι
1457 5419 1829 5487 πέφυκενὲπι-

250 5505 487 5569 πολάςον
520 5507 633 5558 ἄνω
662 5505 840 5574 φύσει,
888 5509 948 5559 τὸ
976 5507 1028 5560 δὲ
1058 5509 1228 5572 οὕτως
1277 5511 1627 5574 ἐπιπολάζον,
1663 5531 1829 5581 χωρι-

251 5597 447 5666 σθῆναι
503 5603 568 5670 τῇ
625 5601 819 5652 ἑαυτοῦ
871 5601 1028 5669 φῦσει
1063 5599 1136 5652 ὢν
1187 5602 1824 5668 ἐπιπολάζει’ἀδυνάτί¹³ς

249 5690 385 5753 ἔχει,
427 5692 696 5757 σφαιρικὰ
728 5691 783 5742 δέ
812 5695 979 5753 ἐστιν,
1032 5685 1111 5752 οἷς
1142 5693 1201 5742 τὸ
1229 5692 1476 5759 οὐράνιον
1507 5695 1824 5756 ἐπιπολάζει

249 5776 431 5844 σῶμα,
481 5781 599 5831 κατ’
666 5780 911 5850 ἀνάγκην
965 5781 1045 5832 θεῖ
1084 5782 1208 5851 περὶ
1243 5782 1380 5834 αὐτὰ
1413 5782 1726 5849 ἀπαύστως,
1763 5786 1822 5837 οὐ

1945 4592 2002 4632 ιιι
2031 4582 2100 4632 sit
2135 4582 2185 4633 in
2220 4597 2285 4635 eo
2310 4597 2527 4650 corpus.

2017 4762 2070 4813 7.
2101 4761 2281 4827 Quare
2306 4763 2491 4832 igitur,
2525 4777 2646 4815 cum
2674 4764 2854 4816 nullus
2887 4766 2960 4818 sit
2992 4765 3154 4828 obex,
3176 4780 3516 4819 uousursum

1946 4856 2121 4911 fertur
2144 4867 2318 4909 tuotus
2351 4856 2589 4936 (mlestis
2615 4858 2883 4924 corporis,
2906 4858 2999 4910 sed
3037 4857 3090 4911 in
3126 4859 3366 4924 seipsum
3412 4861 3518 4911 cir-

1943 4949 2162 5002 culatim
2220 4947 2560 5002 convertitur
2590 4949 2612 5001 ?
2636 4947 2774 5013 Quia
2793 4964 2955 5017 supra
2977 4964 3138 5003 omne
3157 4965 3350 5018 corpus
3385 4967 3515 5016 qua-

1945 5044 1990 5094 si
2024 5053 2494 5111 sttpcruatat,qua
2549 5042 2925 5095 tenuissimum
2990 5043 3236 5094 omnium
3302 5053 3409 5102 est,
3458 5053 3512 5094 et

1943 5137 2108 5188 etiam
2159 5137 2574 5191 titobilissimnm
2617 5153 2631 5189 :
2667 5145 2749 5188 est
2783 5135 2928 5188 enim
2984 5135 3133 5189 velut
3174 5135 3514 5189 involucrum

1944 5231 2342 5298 eireutntegens
2377 5243 2538 5281 omne
2567 5227 2969 5296 gravissimum,
3036 5227 3280 5280 infimum
3335 5235 3390 5278 et
3439 5227 3513 5276 le-

1943 5321 2246 5382 vissimum,
2277 5320 2600 5374 altissimum
2629 5319 2790 5373 simul
2825 5330 2877 5373 et
2903 5319 3340 5371 mobilissimum.
3376 5316 3510 5368 (lum

1945 5414 2105 5478 igitur
2174 5407 2493 5465 naturaliter
2547 5421 2828 5466 moveatur
2886 5411 3312 5479 supernatando,
3370 5410 3512 5476 qtzml

1939 5519 2117 5557 autem
2151 5505 2223 5556 ita
2247 5505 2551 5574 superﬂuit,
2588 5519 2685 5559 sua
2723 5517 2916 5558 natura
2974 5502 3218 5571 separari
3276 5514 3511 5568 nequeat

1937 5598 2004 5648 ab
2041 5596 2127 5649 his
2149 5612 2267 5664 quae
2300 5599 2684 5664 superlabitur.
2710 5609 2943 5664 cumque
2963 5594 3222 5662 Spha'rica
3253 5593 3362 5646 sint
3393 5597 3512 5662 qni-

1936 5689 2038 5745 bus
2075 5691 2297 5744 (-telestc
2335 5706 2531 5757 corpus
2580 5690 2991 5758 superlluctuat,
3042 5690 3353 5740 necessario
3407 5692 3514 5742 ('ir-

1937 5798 2057 5838 cum
2092 5797 2154 5836 ea
2189 5784 2358 5837 (urrit
2393 5783 2498 5836 indi
2522 5783 2782 5850 sitienter,
2812 5797 2916 5834 non
2978 5792 3235 5848 tanquam
3303 5780 3513 5835 anima-
