3962 6208
400 289 533 352 ῙΙἯ

1636 271 2018 334 GREGORU
2069 269 2155 327 Pl
2174 271 2258 328 LA
2272 271 2320 327 ll
2337 271 2396 327 [Ε

3498 252 3639 318 1128

399 410 538 459 ιιιιιι,
579 396 673 451 sed
705 395 754 448 vi
781 390 1048 462 corporali
1078 399 1132 442 et
1163 387 1404 454 propria,
1438 383 1561 453 quia
1612 385 1786 434 locum
1847 381 1967 433 loco

2092 371 2240 436 posst
2274 372 2499 440 φυχικῇ,
2534 369 2667 424 ἀλλὰ
2698 371 3071 438 σωματοειδείξ
3099 387 3157 422 τε
3187 370 3278 422 καὶ
3298 369 3472 438 οἰκείᾳ
3493 385 3508 396 ·
3533 371 3657 420 ἐπεὶ

401 499 576 543 mutat
610 504 703 555 per
754 495 952 554 partes,
1017 481 1159 550 quod
1219 488 1302 534 est
1361 476 1615 546 proprius
1671 487 1958 540 corporum

402 594 605 645 motus,
630 579 770 634 sicut
799 576 1049 646 opposita
1084 573 1235 641 quies
1266 583 1562 639 corporum
1589 582 1656 622 ex
1715 566 1962 634 opposito

402 674 683 728 stantium.

477 767 530 817 8.
556 762 750 816 Videre
783 770 864 812 est
888 759 1001 827 ipso
1030 771 1245 827 quoque
1273 752 1549 823 proximos
1579 749 1732 802 nobis
1754 757 1960 811 ventos,

403 856 469 908 ab
503 855 584 907 his
621 869 740 922 quae
759 852 1112 919 perlabuntur
1149 857 1297 901 motu
1328 860 1428 900 suo
1479 859 1587 897 non
1647 841 1958 899 discedere,

405 961 502 997 nec
533 943 785 1010 superius
806 957 1040 1010 unquam
1073 939 1384 997 ascendere,
1422 951 1524 989 non
1559 933 1686 1002 quia
1721 932 1960 1000 spatiqu

405 1053 509 1090 non
541 1037 759 1098 habent,
795 1036 886 1087 sed
923 1034 1046 1100 quia
1083 1033 1232 1085 leves
1265 1031 1447 1082 minus
1481 1036 1605 1080 sunt
1659 1039 1820 1091 quam
1875 1037 1969 1074 su-

405 1128 637 1194 periora.
671 1124 886 1176 Mmeut
910 1137 1037 1175 vero
1062 1128 1221 1187 supra
1252 1134 1312 1171 ea
1349 1117 1546 1186 quibus
1605 1100 1981 1182 superlabuni

405 1229 514 1280 tur,
549 1225 733 1284 utpote
767 1215 849 1267 bis
882 1212 1205 1266 naturaliter
1238 1208 1470 1264 leviores
1502 1223 1516 1271 ;
1556 1213 1972 1258 moventurau-

406 1321 511 1361 tem
547 1306 952 1374 ctipsicircum
985 1307 1117 1367 haec,
1185 1317 1289 1354 non
1355 1308 1547 1353 natura
1595 1297 1813 1356 animae,
1875 1295 1970 1347 sed

405 1408 833 1465 suaptcuatura.
893 1397 959 1449 Et
1013 1409 1308 1463 congruam
1363 1394 1502 1444 hanc
1556 1386 1970 1443 similitudinem

406 1490 618 1550 volens,
649 1499 706 1540 ut
779 1495 935 1555 puto,
1004 1486 1266 1539 exhibere
1323 1482 1550 1550 sapiens
1612 1483 1665 1533 in
1719 1479 1973 1532 onmibus

409 1577 690 1638 Salomon,
753 1577 925 1640 rentis
981 1573 1316 1643 comparavit
1365 1571 1584 1626 caeleste
1643 1583 1867 1636 corpus,
1907 1570 1975 1621 de

409 1670 512 1722 hoc
544 1670 730 1722 dicens
763 1667 805 1698 ¹⁶
835 1686 848 1721 :
880 1687 896 1718 ι
936 1667 1101 1736 Gyrat
1151 1676 1206 1719 ct
1251 1665 1305 1718 in
1344 1665 1577 1718 circuitu
1630 1663 1808 1732 pergit
1864 1661 1976 1728 spi-

2082 466 2175 516 καὶ
2210 463 2372 515 τόπον
2403 464 2466 514 ὲκ
2496 463 2672 515 τόπων
2711 463 2925 531 ἀμείϐει
2973 463 3114 514 κατὰ
3155 461 3317 532 μέρη,
3353 463 3386 530 ἡ
3437 456 3683 528 κίνησις

2083 555 2344 623 ίδιαιτοὶτη
2401 554 2520 606 ἐστὶ
2573 555 2862 623 σωμάτων,
2896 553 3084 623 ὥσπερ
3117 555 3211 606 καὶ
3240 555 3273 623 ἠ
3299 553 3657 622 ἀντικειμένη

2083 647 2292 708 στάσις,
2324 645 2430 698 τῶν
2453 643 2684 711 ἐχόντων
2715 645 2982 714 σωμάτων
3015 644 3325 705 ἀντιθέτως.

2147 743 2218 814 η’.
2255 742 2383 795 ’ῐδοι
2411 755 2495 801 τις
2552 737 2618 788 ἂν
2665 734 2766 786 κάν
2818 734 2929 792 τοῖς
2971 729 3134 794 ἐγγυς
3181 726 3310 794 περὶ
3347 722 3490 792 ἡμᾶς
3520 724 3654 784 τοὺς

2073 827 2428 904 ἀνέμους,οἴς
2450 828 2759 898 πεφύκασιν
2807 820 3181 883 ἐπιπολάζειν,
3216 819 3289 887 μὴ
3341 814 3654 886 χωριζομέ-

2073 945 2197 990 νους
2223 925 2350 994 περὶ
2377 921 2552 975 ταῦτα
2594 917 2963 986 κινουμένους,
3031 910 3287 980 ἀνωτέρω
3354 907 3409 959 δὲ
3477 906 3655 976 μηδα-

2079 1021 2193 1088 μῶς
2245 1013 2700 1086 προερχομένους,
2755 1008 2814 1060 οὐ
2844 1006 2923 1076 τῷ
2975 1005 3050 1074 μὴ
3107 997 3246 1054 εἶναι
3285 998 3469 1058 τόπον,
3517 995 3658 1048 ἀλλὰ

2075 1111 2154 1179 τῷ
2180 1109 2359 1176 κοῦφα
2418 1105 2616 1176 μᾶλλον
2669 1100 2848 1154 αὐτῶν
2911 1093 3052 1149 εἶναι
3114 1094 3183 1146 τὰ
3238 1092 3379 1162 ὑπὲρ
3428 1089 3657 1150 αὐτούς.

2077 1203 2315 1258 Μένουσι
2346 1199 2403 1251 δὲ
2451 1199 2536 1263 ἐφ’
2583 1189 2657 1248 ὧν
2715 1188 3158 1250 ἑπιπολάζουσιν,
3206 1185 3299 1239 ate
3333 1183 3658 1250 κουφότεροι

2076 1295 2280 1347 τούτων
2306 1291 2403 1362 τὴν
2447 1288 2609 1356 φύσιν
2637 1285 2807 1346 ὄντες·
2840 1282 3112 1335 κινοῦνται
3141 1278 3198 1330 δὲ
3233 1278 3326 1329 καὶ
3355 1269 3499 1329 οῦτοι
3526 1273 3663 1342 περὶ

2078 1389 2268 1452 ταῦτα,
2296 1387 2357 1438 οὐ
2390 1384 2549 1452 φύσει
2571 1381 2800 1450 ψυχικῇ,
2831 1375 2967 1428 ἀλλὰ
2997 1376 3063 1443 τῇ
3089 1372 3245 1440 φύσει
3276 1369 3510 1422 έαυτῶν.
3541 1366 3662 1418 Καὶ

2078 1479 2280 1548 ταύτην
2308 1472 2462 1546 οἶμαι
2499 1473 2594 1543 τὴν
2629 1469 2855 1540 μετρίαν
2876 1466 3194 1536 ἐμφέρειαν,
3221 1462 3358 1513 καὶό
3383 1457 3450 1510 τὰ
3474 1457 3661 1509 πάντα

2082 1547 2244 1636 σοφδς
2265 1565 2517 1635 Σολομῶν
2547 1558 2884 1624 ἐνδείξασθαι
2917 1553 3256 1625 βουλόμενος,
3285 1551 3399 1609 τοῖς
3430 1547 3663 1614 ἀνέμοις

2078 1662 2385 1733 ὁμωνύμως
2425 1655 2656 1710 ἐκάλεσε
2721 1653 2782 1704 τὸ
2807 1649 3058 1721 οὐράνιον
3094 1645 3272 1714 σῶμα,
3300 1642 3431 1711 περί
3467 1637 3661 1692 τούτου

408 1764 570 1824 ritus,
603 1771 656 1813 ct
678 1763 728 1813 in
759 1759 994 1814 circulos
1015 1773 1144 1813 suos
1187 1758 1480 1811 revertitur
1523 1755 1778 1824 Spiritus.
1808 1771 1828 1804 ›
1867 1754 1975 1806 Dil-

2092 1731 2306 1824 γράφων
2327 1768 2340 1780 -
2377 1769 2396 1801 ι
2430 1748 2637 1800 Κυκλοί
2657 1743 2873 1796 κυκλῶν
2893 1739 3183 1809 πορεύεται
3215 1735 3275 1788 τδ
3292 1733 3531 1800 πνεῦμα,
3562 1731 3664 1783 καὶ

409 1851 513 1905 fert
536 1863 714 1906 autem
746 1864 936 1905 natura
968 1851 1282 1921 propiorum
1308 1851 1467 1904 nobis
1498 1859 1779 1902 ventorum
1823 1864 1851 1900 a
1889 1864 1978 1900 su-

409 1945 747 1998 blimioribus
778 1943 1100 2011 corporibus
1132 1957 1196 1996 ac
1218 1941 1766 1995 velocissimoeorum
1806 1950 1976 2002 motu,

410 2037 464 2089 iu
493 2047 753 2105 quantum
779 2036 948 2090 distat
974 2036 1040 2090 ab
1095 2049 1283 2089 eormn
1345 2034 1590 2088 levitate.

479 2191 532 2246 9.
561 2191 705 2245 Duas
734 2205 800 2244 ex
822 2189 1072 2260 opposito
1101 2201 1238 2243 terra
1277 2204 1442 2243 zonas
1466 2187 1626 2243 habet
1659 2197 1982 2256 temperatas

409 2291 464 2337 et
489 2283 834 2346 habitabiles,
863 2284 1016 2353 juxta
1066 2285 1292 2352 gentiles
1345 2283 1719 2353 philosophos,
1766 2291 1980 2336 etcum

410 2383 639 2441 utraque
667 2373 720 2426 in
748 2373 886 2427 duas
919 2385 1101 2442 partes
1135 2375 1405 2427 habitatas
1431 2372 1725 2437 dividatur,
1748 2383 1986 2439 quatuor

411 2463 635 2531 proinde
665 2473 931 2517 statuunt.
965 2463 1148 2532 Itaque
1183 2474 1414 2530 quatuor
1463 2463 1744 2525 hominum
1778 2462 1986 2532 species

411 2548 466 2600 in
501 2559 642 2602 terra
671 2564 790 2604 esse
818 2548 1110 2621 amrmant,
1143 2569 1262 2621 qua:
1291 2551 1358 2605 ad
1392 2567 1511 2607 sese
1550 2553 1779 2606 invicem
1810 2561 1989 2606 trans-

412 2638 494 2691 ire
547 2619 838 2705 nequeant:
880 2640 1018 2692 Sunt
1083 2619 1252 2701 enim,
1291 2641 1446 2710 juxta
1506 2657 1622 2704 eos,
1676 2648 1988 2709 temperatae

413 2731 588 2800 partis
613 2746 679 2785 ex
708 2732 932 2799 obliquo
965 2733 1119 2787 nobis
1167 2736 1426 2802 opposita:
1461 2735 1814 2795 habitatores,
1845 2746 1982 2801 quos

413 2841 441 2874 ιι
477 2823 631 2876 nobis
666 2825 867 2876 torrida
897 2839 1031 2877 zona
1068 2833 1225 2878 terra:
1276 2836 1513 2893 separat.
1563 2826 1656 2880 llis
1683 2835 1862 2881 autem
1895 2841 1990 2895 op.

416 2918 574 2986 positi
625 2930 751 2972 sunt
781 2919 989 2984 illCoizu,
1022 2920 1135 2987 qui,
1169 2929 1223 2972 ut
1256 2918 1362 2973 illis
1419 2919 1652 2984 videtur,
1685 2920 1876 2974 subter
1925 2935 1989 2974 ea

415 3023 552 3061 zona
579 3018 874 3078 temperata
902 3012 1172 3074 habitant,
1199 3012 1336 3063 sicut
1364 3018 1417 3064 et
1460 3011 1616 3065 nobis
1632 3011 1859 3066 subsunt
1896 3013 1988 3080 qui

402 3100 602 3152 eodem
636 3100 794 3153 modo
829 3117 954 3171 erga
998 3119 1098 3155 nos
1123 3103 1324 3168 jacent,
1354 3112 1405 3155 et
1435 3117 1665 3170 quormn
1702 3104 1837 3158 alios
1866 3105 1987 3172 qui-
2015 3092 2064 3155 Ο

418 3196 539 3246 dem
571 3194 873 3261 oppositos,
908 3195 1043 3247 alios
1078 3205 1256 3248 autem
1288 3211 1379 3248 rex
1427 3195 1689 3250 diametro
1735 3198 1988 3250 adversos

419 3286 578 3341 nobis
613 3302 732 3341 esse
764 3289 971 3342 dicunt.
1006 3287 1256 3355 Ignorant
1305 3289 1474 3350 enim,
1503 3299 1726 3358 excepta
1779 3289 1986 3342 decima

423 3390 574 3444 parte
602 3381 823 3449 sphaera:
845 3384 1143 3446 terrestris,
1182 3381 1446 3451 reliquum
1473 3382 1583 3437 fere
1609 3394 1781 3438 totum
1799 3383 1991 3453 abysso

424 3487 683 3542 aquarmn
717 3475 1090 3532 circumeludi.

498 3652 586 3708 {0.
618 3655 795 3708 Sciret
821 3655 1036 3725 aliquis,
1070 3667 1266 3726 prmter
1311 3674 1430 3714 eam
1481 3676 1642 3729 quam
1679 3661 1994 3723 incolimus,

423 3744 627 3798 nullam
653 3747 810 3800 aliam
840 3758 996 3802 terra:
1023 3760 1230 3819 partem
1278 3750 1630 3806 habitabilem
1653 3766 1792 3816 esse,
1814 3761 1998 3821 utpote

423 3839 620 3909 abysso
656 3842 1070 3906 circumdatam,
1101 3845 1147 3896 si
1195 3846 1653 3900 animadverteret
1693 3847 1997 3916 proportio-

425 3948 548 3986 nem
579 3935 690 3986 dari
731 3934 872 3988 inter
901 3946 1139 4005 quatuor
1190 3938 1458 3991 elementa
1491 3939 1690 4006 quibus
1740 3939 2000 3994 coalescit

429 4027 682 4079 Illllttdtls.
720 4025 782 4077 Et
805 4042 902 4095 pro
924 4029 1133 4082 ratione
1164 4030 1395 4098 propria:
1429 4030 1768 4094 subtilitatis,
1805 4033 1998 4086 horum

425 4121 848 4188 unumquodque
867 4120 1024 4174 latius
1041 4122 1146 4175 alio
1173 4122 1224 4174 in
1253 4124 1462 4190 sphaera
1497 4125 1727 4193 Spatium
1747 4127 2000 4194 occupat,

429 4221 485 4263 ut
510 4213 608 4280 ipsi
642 4211 922 4265 Aristoteli
967 4212 1198 4266 videtur.
1228 4213 1478 4282 Quinque
1524 4215 1668 4268 enim
1727 4226 1872 4280 sunt,
1902 4217 1999 4281 ait,

427 4305 719 4362 elementa,
758 4304 1068 4371 inquiuque
1090 4307 1312 4370 sphaera:
1339 4307 1578 4372 partibus
1611 4307 1681 4357 ita
1715 4306 2000 4374 disposita,

2080 1850 2174 1902 ἐπὶ
2195 1846 2428 1907 κύκλους
2463 1840 2628 1896 αὑτοῦ
2663 1835 3058 1904 ὲπιστρέφειτδ
3086 1831 3323 1900 πνεῦμα.
3367 1847 3385 1880 ι
3434 1827 3662 1895 Ἀπέχει

2076 1943 2133 1995 δὲ
2181 1940 2291 1992 τῶν
2329 1937 2589 1992 ἀνωτάτω
2649 1935 2681 2002 ἠ
2738 1931 2846 1984 τῶν
2876 1928 3004 1998 περὶ
3035 1926 3180 1996 ἡμᾶς
3216 1925 3433 1990 ἀνέμων
3471 1919 3658 1990 φύσις,

2078 2035 2173 2087 καὶ
2194 2032 2293 2101 τῆς
2315 2027 2623 2100 τραχυτάτης
2644 2025 2912 2093 κινήσεως
2929 2020 3176 2081 ἐκείνων,
3211 2016 3444 2068 καθόσον
3469 2013 3661 2066 ἀποδεῖ

2080 2131 2175 2181 καὶ
2196 2125 2296 2194 τῆς
2323 2122 2649 2192 κουφότητος
2673 2118 2876 2172 αὐτῶν.
2975 2173 2986 2183 ,

2151 2219 2213 2271 0'.
2239 2216 2344 2270 Δύο
2374 2215 2540 2277 ζῶναι
2567 2213 2665 2282 τῆς
2698 2213 2802 2280 γῆς
2833 2213 2970 2263 εἰσιν
2996 2206 3350 2276 ἀντεύκρατοι
3381 2201 3478 2255 καὶ
3503 2201 3663 2270 οίκὴ-

2084 2327 2254 2380 σιμοι,
2284 2307 2426 2362 κατά
2451 2307 2575 2368 τοὺς
2603 2304 2710 2358 τῶν
2753 2301 3026 2370 Ἑλλήνων
3081 2298 3299 2364 σοφοὺς,
3326 2289 3402 2347 ὧν
3425 2292 3665 2360 ἑκατέρα

2083 2405 2163 2465 εἰς
2190 2400 2284 2454 δύο
2307 2398 2630 2467 οἰκουμέναις
2663 2392 3019 2466 μεριζομένη,
3051 2389 3321 2457 τέσσαρας
3353 2382 3500 2438 εἶναι
3523 2383 3662 2436 tui--

2083 2509 2181 2555 τας
2204 2487 2704 2559 παρασκευάζουσι.
2742 2482 2835 2538 Διὸ
2867 2482 2959 2536 καὶ
2997 2483 3239 2547 τέσσαρα
3269 2479 3402 2547 γένη
3428 2475 3540 2528 τῶν
3570 2476 3668 2527 ἀν-

2085 2583 2319 2654 Θρώπων
2342 2583 2434 2636 ἐπὶ
2459 2581 2554 2650 τῆς
2585 2578 2687 2648 γῆς
2735 2572 2874 2629 εἶναι
2925 2571 3372 2643 διισχυρίζονται,
3405 2567 3540 2638 πρὸς
3575 2565 3669 2618 ἀλ-

2085 2677 2224 2743 ληλα
2251 2674 2546 2727 διαϐαίνειν
2572 2669 2847 2728 ἀδυνάτως
2878 2667 3068 2735 ἔχοντα
3091 2682 3102 2695 ’
3131 2663 3236 2715 εἰσὶ
3269 2660 3381 2729 γὰρ
3412 2657 3534 2712 κατ’
3564 2659 3667 2710 αύ-

2085 2771 2233 2832 τοὺς,
2265 2768 2314 2821 οἱ
2335 2766 2433 2828 τὴν
2465 2767 2528 2817 ἐκ
2548 2761 2776 2827 πλαγίου
2809 2756 3082 2818 οἰκοῦντες
3111 2758 3243 2824 ἡμῖν
3270 2753 3669 2820 ἀντεύκρατον,

2087 2863 2281 2922 οἵτινες
2315 2858 2470 2929 ἡμῶν
2526 2859 2593 2926 τῇ
2621 2851 3029 2920 διακεκαυμένῃ
3061 2848 3206 2917 ζώνῃ
3238 2846 3338 2915 τῆς
3361 2845 3464 2912 γῆς
3494 2842 3673 2910 διορί-

2090 2953 2304 3016 ζονται·
2337 2951 2546 3011 τούτοις
2581 2947 2638 3000 δέ
2678 2948 2814 2998 εἰσιν
2851 2940 3248 3009 ἀντικειμένοις
3290 2934 3588 2996 οἰκοῦντες,
3620 2934 3672 2985 οι

2088 3047 2148 3100 τὸ
2171 3046 2307 3114 πρὸς
2359 3044 2554 3104 αὐτοὺς
2584 3039 2795 3097 δοκοῦν.
2826 3036 3082 3117 ύποκὰτω
3121 3033 3217 3100 τῆς
3255 3030 3433 3098 ζώνης
3462 3026 3674 3092 ταύτης

2089 3136 2364 3198 οἰκοῦντες
2386 3153 2400 3166 ·
2431 3134 2620 3200 ὥσπερ
2641 3131 2740 3184 καὶ
2769 3130 2900 3199 ἡμῖν
2926 3128 2973 3180 οἱ
2998 3127 3088 3179 τὸν
3118 3124 3280 3176 αὐτον
3308 3123 3511 3191 τρόπον
3532 3119 3672 3188 πρὸς

2088 3231 2237 3300 ἡμᾶς
2284 3229 2520 3296 ἔχοντες,
2576 3216 2650 3277 ὧν
2671 3223 2798 3283 τοὺς
2849 3219 2948 3289 μὲν
2983 3215 3415 3285 ἀντικειμένους,
3450 3211 3577 3273 τοὺς
3613 3210 3675 3262 δὲ

2089 3319 2400 3381 ἀντίποδας,
2426 3317 2520 3369 καὶ
2555 3311 3092 3382 ἀπεστραμμένους,
3118 3309 3254 3380 πρὸς
3284 3307 3431 3376 ἡμᾶς
3468 3316 3673 3372 φασι-ιο

2090 3411 2366 3478 ἠγνόησαν
2411 3406 2541 3475 γὰρ,
2601 3404 2685 3455 ὃτι
2723 3403 2860 3472 πλὴν
2901 3400 2995 3455 τοῦ
3045 3400 3272 3453 δεκάτου
3331 3395 3537 3465 μέρους
3571 3393 3676 3459 τῆς

2093 3500 2233 3554 κατὰ
2280 3498 2378 3568 τὴν
2421 3500 2524 3566 γῆν
2573 3497 2829 3566 σφαίρας,
2880 3493 2928 3544 τ’
2987 3491 3116 3546 ἄλλο
3167 3487 3353 3559 σχεδὸν
3411 3485 3559 3539 ἅπαν
3605 3485 3674 3553 τῇ

2091 3591 2316 3658 ἀϐύσσῳ
2348 3606 2414 3641 πε
2427 3588 2740 3659 ρικλύζεται
2759 3585 2868 3637 τῶν
2895 3585 3121 3637 ὑδάτων.

2164 3678 2215 3734 ι’.
2243 3679 2398 3748 Γνοὶη
2426 3697 2510 3741 τις
2539 3677 2626 3742 ἂν,
2680 3678 2818 3744 πλὴν
2851 3675 2950 3743 τῆς
2978 3671 3100 3726 καθ’
3135 3670 3297 3741 ἡμᾶς,
3325 3669 3677 3737 οἰκουμένης,

2096 3773 2260 3842 μηδὲν
2288 3773 2473 3842 ἕτερον
2504 3771 2602 3840 τῆς
2661 3770 2763 3838 γῆς
2795 3769 2956 3838 μέρος
3001 3765 3286 3834 οἰκήσιμον
3318 3757 3480 3821 εἶναι,
3510 3759 3585 3818 ὡς
3607 3760 3678 3825 τῇ

2091 3867 2314 3936 ἀξύσσῳ
2351 3863 2838 3935 περικλυζόμενον,
2863 3860 2956 3912 ἐπὶ
2979 3858 3103 3910 νοῦν
3134 3855 3335 3916 λαϐὼν,
3364 3853 3440 3914 ὡς
3466 3854 3680 3919 ἰσομοι-

2099 3959 2217 4028 ρίαν
2258 3959 2354 4028 μὲν
2385 3959 2498 4025 ἔχει
2528 3957 2596 4008 τὰ
2629 3956 2873 4024 τέσσαρα
2909 3953 3172 4019 στοιχεῖα,
3199 3947 3258 4012 ἐξ
3281 3942 3353 3999 ὧν
3384 3947 3413 3998 ὁ
3443 3946 3680 4011 κόσμος.

2098 4050 2252 4102 Κατά
2277 4050 2433 4116 λόγον
2465 4048 2521 4100 δὲ
2551 4049 2649 4116 τῆς
2683 4046 2893 4107 οίκείας
2927 4042 3272 4113 ἀραιότητος,
3303 4037 3510 4090 τούτων
3543 4035 3684 4086 ἔκα-

2095 4157 2217 4192 στον
2241 4140 2425 4210 ἑτέρου
2455 4137 2819 4191 πολυπλάσιον
2840 4135 2952 4203 ἔχει
2985 4133 3047 4186 τὸ
3081 4131 3181 4200 τῆς
3213 4130 3449 4198 σφαίρας
3475 4128 3686 4179 οἰκεῖον

2042 4265 2045 4268 -
2097 4231 2346 4298 μέγεθος,
2379 4229 2454 4290 ὼς
2502 4228 2596 4279 καὶ
2649 4225 2726 4295 τῷ
2771 4221 3131 4294 Ἀριστοτέλει
3179 4218 3444 4271 συνδοκεῖ.
3507 4215 3686 4266 Πέντε

2093 4324 2201 4389 γάρ
2233 4321 2358 4383 εἰσι,
2388 4319 2542 4386 φησὶ,
2571 4318 2836 4384 στοιχεῖα,
2863 4315 2918 4365 ὲν
2947 4312 3105 4364 πέντε
3136 4309 3341 4378 χώραις
3367 4303 3687 4374 σφαιρικῶς

430 4403 488 4446 ιιι
520 4408 734 4459 semper
764 4396 940 4446 minus
972 4395 1668 4465 majoricircumcingatur,
1706 4407 1848 4452 terra
1898 4400 1987 4454 sci-

2095 4413 2411 4480 ἐγκείμενα·
2447 4408 2844 4480 περιεχομένης
2881 4406 2968 4458 ἀεὶ
3006 4403 3105 4469 τῆς
3146 4400 3426 4459 ἐλάττονος
3448 4400 3516 4464 τῇ
3553 4394 3681 4463 μεί-

430 4485 554 4536 licet
583 4484 761 4542 undis,
800 4499 926 4537 aere
967 4500 1128 4552 aqua,
1159 4500 1250 4539 aer
1304 4487 1447 4555 igne,
1484 4489 1624 4556 ignis
1655 4490 1901 4547 mthcre:
1947 4500 2004 4545 et

435 4577 523 4630 hic
561 4587 643 4628 est
678 4579 930 4630 mundus.

506 4672 590 4723 ll.
650 4670 790 4740 Ergo
859 4673 1312 4739 pcllz-iridissimus
1361 4675 1534 4729 aether
1591 4678 1868 4732 extensior
1924 4689 2008 4733 est

437 4763 581 4830 igne,
609 4764 697 4830 qui
717 4775 770 4818 et
790 4766 1074 4818 succrnsiu
1107 4779 1348 4826 voratur,
1368 4781 1421 4820 et
1447 4770 1585 4836 ignis
1620 4771 1767 4824 aeria
1795 4771 2004 4840 spineta

434 4855 662 4921 amplior
691 4867 791 4917 est,
823 4867 875 4910 et
909 4871 1096 4921 rursus
1137 4872 1230 4910 aer
1251 4873 1410 4926 aqua,
1431 4871 1485 4911 et
1532 4875 1666 4927 aqua
1698 4871 1864 4926 terra,
1889 4877 2008 4928 qua:

436 4949 673 5001 maxime
699 4949 938 5001 omnium
986 4949 1363 5013 ρίι·ςιιιιιι·ιιιε;ι,
1396 4952 1617 5006 minime
1675 4963 1821 5020 patet
1869 4956 2007 5008 inter

435 5053 668 5109 quatuor
718 5056 834 5106 qua:
865 5041 960 5092 sub
995 5043 1136 5094 caelo
1203 5053 1350 5095 sunt.
1389 5043 1562 5112 Maius
1625 5045 1786 5113 igitur
1846 5061 2004 5112 quam

437 5145 580 5187 terra
611 5133 840 5200 spatium
878 5143 1066 5186 tenens
1094 5147 1244 5201 aqua:
1277 5135 1506 5199 sphaera,
1538 5134 1581 5184 si
1615 5143 1782 5185 ιοιιιιιι
1830 5135 1973 5185 ambi

439 5235 521 5279 ret
572 5237 727 5278 terra:
782 5225 1092 5288 circuitum,
1125 5225 1280 5277 itaut
1334 5225 1478 5278 circa
1537 5240 1699 5276 unum
1759 5237 2004 5277 centrum

437 5322 903 5386 circumageretur
948 5327 1175 5385 utraque
1205 5318 1436 5384 splnera,
1473 5333 1622 5385 aqua:
1683 5317 1892 5370 scilicet
1946 5332 2008 5371 ac

440 5424 616 5475 terra',
649 5415 848 5464 nullam
889 5412 1052 5479 hujus
1094 5421 1302 5480 partem
1335 5428 1362 5462 ιι
1406 5411 1756 5463 terrestribus
1804 5413 2009 5463 anima-

443 5504 583 5558 libus
618 5503 848 5557 habitari
901 5505 1105 5556 siucrct
1163 5503 1604 5569 unda,0perieus
1664 5512 1833 5555 totum
1889 5518 2006 5570 qus

520 5685 562 5715 ¹³
577 5684 750 5740 Eisele.
787 5704 823 5753 I,
841 5688 924 5742 l6.

2095 4510 2229 4572 ξονι,
2258 4505 2360 4574 γῆς
2394 4505 2489 4573 μὲν
2521 4502 2692 4561 ῦδατι,
2747 4498 2934 4560 ὕδατος
2969 4497 3024 4548 δὲ
3063 4493 3210 4563 ἀέρι,
3241 4493 3398 4561 ἀέρος
3427 4490 3485 4541 δὲ
3518 4488 3682 4557 πυρὶ,

2096 4600 2266 4669 πυρὸς
2290 4598 2347 4650 δὲ
2381 4597 2581 4662 αἰθέρι,
2619 4594 2712 4648 καὶ
2740 4587 2891 4653 οὗτός
2921 4592 3074 4642 ἐστιν
3107 4591 3135 4641 ὁ
3160 4587 3383 4652 κόσμος.

2167 4698 2256 4744 ια’.
2290 4687 2463 4757 Αἰθὴρ
2495 4688 2592 4756 μὲν
2614 4685 2708 4737 οῦν
2731 4680 3174 4752 περιφανέστατα
3202 4675 3296 4727 τοῦ
3317 4673 3507 4743 πυρὸς,
3543 4671 3570 4722 ὃ
3587 4672 3688 4722 καὶ

2099 4786 2430 4850 ὑπέκκαυμα
2454 4780 2721 4840 καλεῖται,
2764 4773 2861 4827 καὶ
2895 4774 2995 4842 τῆς
3043 4768 3314 4839 ἀερώδους
3349 4765 3586 4831 σφαίρας
3621 4763 3690 4812 τ’)

2095 4876 2226 4943 πῦρ,
2258 4871 2661 4925 πολλαπλάσιον
2718 4866 2830 4934 ἔχει
2875 4863 2965 4915 τὸν
3013 4862 3197 4927 ὄγκον,
3233 4859 3325 4911 καὶ
3365 4855 3474 4926 ἀὴρ
3516 4852 3690 4905 πάλιν

2095 4966 2309 5024 ὓδατος,
2336 4963 2428 5015 καὶ
2457 4961 2517 5011 τὸ
2575 4958 2718 5026 ὕδωρ
2740 4959 2838 5025 τῆς
2869 4954 2994 5021 γῆς,
3020 4952 3144 5020 ἦτις
3178 4949 3362 5017 ἄκρως
3399 4961 3690 5012 συμπεπι-

2095 5055 2326 5124 λημένη,
2384 5049 2643 5118 ἐλαχίστη
2700 5045 2792 5096 τὸν
2842 5043 3003 5109 ὄγκον
3061 5042 3118 5091 ὲν
3174 5036 3410 5098 τοῖς.ύπ’
3447 5033 3688 5102 οὐρανὸν

2093 5143 2387 5212 τέσσαρσίν
2438 5141 2573 5191 ἔστι.
2602 5133 3031 5194 Πολλαπλασίως
3062 5129 3192 5198 γοῦν
3223 5129 3320 5196 τῆς
3343 5125 3449 5193 γῆς
3478 5125 3691 5194 ἔχουσα

2095 5236 2152 5289 τὸ
2187 5232 2417 5303 μέγεοος
2447 5233 2480 5299 ἡ
2506 5228 2600 5280 τοῦ
2635 5227 2824 5288 ὓδατος
2856 5228 3084 5293 σφαῖρα,
3122 5223 3171 5273 εἰ
3197 5218 3560 5284 περιεκέχυτο
3581 5215 3690 5282 τὴν

2097 5324 2460 5395 περιφέρειαν
2495 5322 2593 5389 τῆς
2627 5321 2730 5388 γῆς
2755 5319 2955 5378 uisam;
2986 5315 3058 5376 ὡς
3100 5311 3226 5382 περὶ
3249 5311 3304 5361 ἓν
3331 5310 3556 5379 κέντρον
3584 5307 3691 5368 τὰς

2094 5418 2410 5484 ἀμφοτέρας
2443 5410 2807 5480 περιάγεσθαι
2829 5407 3084 5477 σφαίρας,
3105 5405 3205 5472 τῆς
3239 5403 3360 5471 γῆς,
3387 5402 3557 5466 λέγω,
3587 5399 3690 5450 καὶ

2095 5508 2185 5561 τοῦ
2216 5509 2426 5569 ὕδατος,
2458 5505 2632 5558 οὐδενὶ
2661 5502 2863 5570 ταύτης
2900 5501 2966 5553 ἂν
3000 5500 3179 5570 μέρει,
3209 5494 3484 5567 χερσαίοές
3518 5491 3688 5556 ζώοις

2976 5639 3014 5678 Ἰ
