3962 6208
321 214 456 282 1120

1231 212 1501 272 CAPITA
1542 208 1886 276 PIIYSICA,
1921 203 2447 276 THEOLOGICA,
2480 205 2642 267 ETC.
2716 196 2721 201 ’

3422 204 3560 269 1130

312 342 373 394 τὸ
400 338 545 407 ὕδωρ
579 335 729 404 ἠφίει
757 331 1011 403 χρῆσοαι,
1054 327 1474 381 κατακαλύπτον
1511 323 1656 374 ἅπαν
1688 318 1921 386 ἔδαφος)

2005 320 2172 380 olum,
2219 328 2270 371 et
2294 316 2601 370 universam
2623 314 2738 382 ejus
2757 313 3092 379 superficiem
3117 314 3283 369 multa
3310 330 3555 371 mensura

314 428 505 494 αὐτῆς,
539 426 633 478 καὶ
654 424 831 491 πάσης
854 422 953 487 τῆς
985 420 1102 470 κατ’
1143 416 1311 484 αὐτὴν
1361 410 1683 481 ἐπιφανείας
1717 409 1886 475 ὑπερ-

313 517 690 586 εκτεινὸμενον
740 510 920 579 πολλῷ
949 508 1027 579 τῷ
1065 508 1264 577 μέτρῳ.
1306 505 1458 557 Ἐπεὶ
1507 503 1565 555 δὲ
1599 500 1673 571 μὴ
1707 499 1887 551 πᾶσαν

310 612 411 680 τὴν
443 610 542 679 τῆς
573 608 676 676 γῆς
728 604 1051 670 ἐπιφάνειαν
1100 596 1529 669 περιλαμϐάνει·
1562 594 1676 645 ἔστι
1718 590 1824 662 γὰρ
1854 590 1887 659 ἡ

312 700 410 768 τῆς
443 696 563 750 καθ’
621 694 766 764 ἡμᾶς
794 689 1121 758 οἰκουμένης
1165 688 1357 757 χέρσος
1399 683 1885 768 ἀκατακάλυπτοςζ

316 764 607 851 ἔκκεντρος
661 781 856 834 οὐκοῦν
892 782 1007 831 ἐστι
1037 778 1175 830 κατὰ
1210 778 1388 828 πᾶσαν
1430 775 1674 839 ἀνάγκην
1713 771 1745 839 ἡ
1793 764 1891 821 τοῦ

316 867 509 930 ὕδατος
547 867 770 936 σφαῖρα.
800 865 890 917 Δεῖ
935 860 1028 917 οὖν
1062 863 1243 933 ζητεῖν
1276 863 1441 917 πόσον
1485 864 1551 917 ἂν
1593 862 1881 932 έκκεντρος

314 958 433 1028 εἴη’
461 958 557 1012 καὶ
580 957 681 1012 ποῦ
703 957 763 1009 τὸ
778 956 1020 1026 κέντρον,
1042 953 1129 1027 ἆρ’
1148 958 1223 1020 ὡς
1246 956 1381 1026 πρὸς
1400 956 1545 1025 ἡμᾶς
1563 955 1883 1023 κατωτέρω,

313 1046 350 1118 ἢ
386 1046 676 1116 ἀνωτέρω;
716 1046 832 1098 ἀλλ’
859 1046 1112 1115 ἀνωτέρω
1145 1047 1244 1116 μὲν
1306 1042 1466 1111 εἶναι,
1527 1045 1637 1097 τῶν
1690 1044 1886 1099 ἀδυνά-

314 1151 462 1190 των·
497 1137 588 1203 ὑφ’
638 1138 784 1205 ἡμᾶς
830 1136 938 1206 γὰρ
990 1137 1205 1206 ὁρῶμεν
1254 1135 1419 1190 οὖσαν
1461 1138 1525 1212 sit
1567 1136 1763 1205 μέρους
1786 1137 1883 1204 τὴν

315 1225 409 1278 τοῦ
433 1222 621 1287 ὓδατος
642 1224 983 1291 ἐπιφάνειαν
1018 1225 1312 1295 κατωτέρω
1334 1225 1441 1295 ἄρα
1476 1224 1552 1287 ὡς
1574 1224 1707 1294 πρὸς
1738 1224 1885 1293 ἡμᾶς

318 1317 434 1369 ἐστι
457 1316 555 1367 καὶ
581 1313 745 1367 αὑτοῦ
774 1312 869 1367 τοῦ
898 1314 998 1383 τῆς
1028 1315 1131 1384 γῆς
1160 1315 1405 1385 κέντρου,
1447 1316 1507 1368 τὸ
1538 1316 1761 1385 κέντρον
1786 1313 1888 1383 τῆς

319 1405 418 1457 τοῦ
469 1405 660 1467 ὓδατος
720 1404 976 1475 σφαίρας.
1037 1406 1296 1457 Λείπεται
1356 1406 1413 1458 δὲ
1462 1404 1667 1475 ζητεῖν,
1722 1406 1889 1459 πόσον

320 1496 511 1564 ἀπέχει
538 1494 632 1547 τοῦ
653 1494 750 1564 τῆς
784 1495 886 1563 γῆς
912 1495 1137 1564 κέντρου
1170 1495 1229 1548 τὸ
1264 1496 1486 1565 κέντρον
1515 1497 1696 1549 τοῦτο.

393 1584 476 1653 ιβ’.
516 1584 671 1654 Γνοίη
718 1601 803 1647 τις
848 1586 915 1638 ἂν
948 1587 1113 1639 πόσον
1161 1587 1253 1640 ἐπὶ
1282 1588 1341 1641 τὸ
1363 1587 1551 1641 δοκοῦν
1577 1588 1712 1659 πρὸς
1743 1590 1891 1659 ἡμᾶς

1983 408 2416 477 supereminens.
2448 406 2583 471 Quia
2614 421 2745 459 vero
2776 421 2882 459 non
2945 413 3114 459 totam
3151 413 3313 460 terra:
3363 406 3556 461 faciem

1983 500 2175 571 cingit,
2207 510 2388 554 exstat
2416 500 2563 553 enim
2611 512 2769 566 quem
2804 496 3095 551 incolimus
3122 496 3411 551 continens
3444 498 3563 550 iuo-

1982 604 2189 665 pertus,
2216 607 2444 661 prorsus
2474 606 2605 661 ergo
2637 604 2858 644 necesse
2884 598 2965 643 est
3008 589 3406 642 couceutricam
3452 604 3559 641 non

1982 700 2107 741 esse
2176 699 2298 737 eum
2358 694 2500 738 terra
2554 698 2772 751 aquam.
2817 681 3046 749 Oportet
3110 681 3272 750 igitur
3316 694 3563 747 quaerere

1984 784 2241 843 quantum
2290 774 2361 826 sit
2406 773 2736 833 exceutrica,
2770 780 2821 824 et
2844 771 2931 825 tibi
2986 771 3061 826 sit
3116 769 3236 835 ejus
3293 782 3562 829 centrum.

1986 876 2171 921 utrum
2216 864 2355 919 infra
2380 880 2500 927 nos.
2530 880 2596 917 an
2645 879 2834 932 supra.
2882 863 2989 917 Sed
3048 861 3293 929 superius
3322 875 3443 915 esse
3472 878 3568 915 ne—

1985 958 2121 1025 quit,
2148 970 2273 1009 nam
2304 954 2550 1008 videmus
2580 952 2767 1008 subter
2802 953 2957 1007 nobis
2990 966 3110 1006 esse
3138 951 3331 1017 partim
3365 965 3561 1017 super-

1989 1046 2164 1101 ﬁciem
2198 1060 2349 1116 aqua:
2382 1063 2397 1100 ε
2428 1045 2660 1100 inferius
2694 1058 2826 1114 ergo
2856 1045 3015 1097 nobis
3043 1053 3125 1095 est
3164 1053 3220 1095 et
3268 1044 3367 1109 ipsi
3402 1052 3562 1095 terra:

1986 1146 2175 1189 centro
2224 1144 2471 1189 centrum
2514 1134 2741 1204 sphaera:
2801 1136 3058 1201 aquaria.
3089 1132 3151 1186 At
3212 1132 3565 1198 quaerendum

1988 1234 2237 1294 superest
2273 1233 2532 1295 quantum
2566 1224 2670 1279 hoc
2701 1234 2949 1278 centrum
2985 1236 3013 1276 a
3046 1232 3233 1278 centro
3266 1229 3425 1275 terra:
3479 1222 3568 1274 di-

1991 1327 2116 1372 stet.

2065 1571 2151 1625 i2.
2194 1570 2373 1625 Sciret
2405 1570 2599 1640 aliquis
2643 1577 2846 1640 quanto
2893 1568 3125 1624 inferius
3175 1570 3269 1633 sit,
3301 1577 3360 1622 ut
3411 1571 3568 1625 nobis

320 1678 492 1739 κάτω,
546 1674 641 1728 τοῦ
676 1675 901 1746 κέντρου
940 1678 1038 1747 τῆς
1084 1679 1186 1747 γῆς
1222 1678 1413 1747 ἀπέχει
1442 1680 1501 1731 τὸ
1529 1657 1632 1749 τῆς
1655 1657 1891 1750 σφαίρας

2003 1662 2232 1724 videtur,
2267 1669 2426 1716 terra;
2450 1670 2637 1716 centro
2666 1674 2915 1716 centrum
2964 1663 3189 1730 sphaera
3226 1661 3488 1728 aquai-ire.
3521 1662 3567 1713 si

322 1769 418 1821 τοῦ
475 1768 665 1830 ’ὕδατος
711 1769 956 1839 κέντρον.
991 1768 1174 1824 λαϐὼν
1206 1771 1297 1824 ἐπὶ
1319 1772 1462 1836 νοῦν,
1487 1770 1562 1833 ὼς
1593 1775 1664 1841 τῇ
1695 1772 1892 1840 ὲπιφα-

322 1855 444 1923 vel;
495 1856 618 1934 τῆς.
651 1858 846 1926 γηῖνης
894 1860 1149 1928 σφαίρας,
1181 1861 1300 1929 ἥτις
1339 1861 1486 1913 ὲστίν
1522 1863 1554 1930 ή
1600 1862 1721 1913 καθ’
1744 1864 1893 1932 ἡμᾶς

321 1946 638 2015 οἰκουμένη,
696 1949 1063 2017 ἐφαρμόςεται
1121 1950 1305 2020 σχεδόν
1338 1953 1369 2021 ἡ
1406 1953 1536 2021 παρ’
1567 1951 1723 2022 ἡμῶν
1755 1956 1893 2023 ὁρω-

327 2035 485 2106 μένη,
518 2038 611 2088 καὶ
642 2038 731 2106 ὑφ’
790 2040 954 2108 ἡμᾶς,
1014 2040 1262 2111 καθάπερ
1314 2043 1375 2095 τὸ
1428 2045 1765 2111 πατούμενον
1802 2045 1888 2113 ὑφ’

327 2129 485 2196 ήμῶν
530 2131 630 2198 τῆς
680 2132 780 2201 γῆς
811 2131 1025 2200 ἔδαφος,
1057 2133 1189 2186 οὖσα
1222 2133 1316 2187 τοῦ
1352 2134 1541 2197 ὕδατος
1578 2136 1891 2205 ἐπιφάνεια..

330 2221 487 2273 Ἔστι
550 2221 607 2273 δὲ
654 2222 716 2273 τὸ
747 2222 868 2275 καθ’
910 2224 1059 2293 ἡμᾶς
1090 2225 1191 2295 τῆς
1236 2225 1341 2294 γῆς
1400 2228 1718 2296 οἰκήσιμον,
1764 2228 1896 2281 ὡσεὶ

325 2310 552 2363 δέκατον
589 2315 681 2364 τοῦ
711 2312 811 2382 τῆς
846 2314 965 2366 κατ’
992 2314 1161 2383 αὐτὴν
1194 2317 1551 2386 περιμέτρου.
1590 2319 1755 2371 Πέντε
1790 2320 1897 2389 γὰρ

324 2403 362 2466 ἡ
390 2400 459 2469 γῆ
482 2399 659 2464 ζώνας
685 2401 816 2471 ἔχει*
846 2403 973 2470 μιᾶς
1003 2402 1059 2455 δὲ
1090 2403 1198 2455 τῶν
1219 2406 1379 2457 πέντε
1396 2405 1622 2470 τούτων,
1641 2408 1706 2460 τὸ
1723 2408 1896 2477 ἥμισυ

329 2490 462 2559 παρ’
502 2490 658 2560 ἡμῶν
687 2495 1037 2546 κατοικεῖται.
1077 2494 1144 2546 El.’
1164 2511 1244 2557 τις
1277 2494 1369 2548 οὖν
1392 2496 1468 2565 τῷ
1486 2497 1696 2568 δεκάτῳ
1725 2499 1901 2569 τούτῳ

326 2581 429 2649 τῆς
472 2582 790 2650 ἐπιφανείας
842 2584 996 2654 μέρει
1043 2586 1354 2654 ἐφαρμόσαι
1410 2588 1625 2658 θελήσει
1666 2593 1901 2660 σφαῖραν

306 2673 461 2741 ,περὶ
484 2672 580 2741 τὴν
615 2674 737 2742 γῆν,
772 2673 869 2744 τὴν
902 2675 1345 2747 ὲναρμοζομένην
1393 2680 1613 2748 εὑρήσει
1644 2684 1896 2751 σφαῖραν,

329 2764 629 2826 διπλασίως
687 2766 785 2834 μὲν
832 2766 1015 2835 σχεδὸν
1067 2766 1296 2836 ἔχουσαν
1325 2770 1423 2839 τὴν
1473 2771 1765 2841 διάμετρον
1804 2775 1899 2842 τῆς

330 2853 531 2916 ἔξωθεν
583 2854 1070 2926 ἐφαρμοζομένης,
1110 2861 1206 2913 καὶ
1268 2862 1473 2933 ταύτην
1543 2865 1902 2934 περιεχούσης

1993 1754 2450 1808 animadverteret
2473 1768 2596 1808 cum
2650 1754 2937 1823 superﬁcie
2986 1754 3214 1824 sphaerae
3274 1753 3570 1811 terrestris.

1995 1859 2154 1912 quam
2196 1844 2527 1907 habitamus,
2561 1845 2673 1900 fere
2708 1845 2775 1899 ad
2807 1846 3066 1899 amussim
3121 1845 3389 1913 quadrare
3415 1844 3572 1897 unda:

1993 1935 2360 2003 superﬁciem,
2403 1951 2561 2004 quam
2619 1936 2861 1990 videums
2888 1936 3038 2005 juxta
3090 1947 3145 1992 et
3185 1935 3322 1991 infra
3360 1951 3479 1999 nos,
3519 1945 3574 1988 et

1992 2035 2228 2094 quaeest
2258 2027 2403 2081 velut
2460 2027 2755 2081 subtritum
2810 2028 2967 2082 nobis
3021 2036 3180 2082 terra:
3244 2027 3441 2082 solum.
3478 2026 3572 2080 Est

1995 2125 2177 2170 autem
2205 2119 2353 2185 paris
2403 2124 2564 2171 terra:
2623 2116 2781 2172 nobis
2813 2116 3127 2173 habitabilis
3173 2117 3329 2187 quasi
3361 2117 3569 2171 decima

1995 2205 2112 2274 ejus
2140 2206 2432 2261 circuitus.
2482 2206 2617 2260 Nam
2652 2208 2894 2276 quinque
2953 2217 3097 2261 terra
3143 2223 3308 2263 zonas
3361 2210 3571 2274 habet;

1997 2296 2159 2350 unius
2186 2307 2366 2351 autem
2396 2312 2459 2351 ex
2495 2300 2581 2353 his
2606 2298 2850 2368 quinque
2883 2299 3165 2355 dimidium
3199 2314 3228 2352 a
3271 2299 3427 2353 nonis
3481 2298 3571 2352 in-

1996 2385 2210 2441 colitur.
2238 2388 2293 2441 Si
2320 2388 2446 2457 quis
2466 2388 2629 2458 igitur
2659 2390 2880 2446 decima:
2904 2392 3027 2446 huic
3073 2392 3384 2461 superﬁciei
3430 2394 3570 2461 parti

1997 2486 2186 2548 aptare
2216 2480 2341 2533 velit
2390 2480 2658 2549 sphaeram
2711 2498 2815 2550 qua
2858 2492 2999 2537 terra
3061 2482 3387 2547 includatur,
3424 2484 3573 2537 inve-

1996 2567 2178 2620 nietur
2193 2567 2418 2635 sphaerae
2438 2571 2682 2624 exterius
2707 2571 3117 2640 circumscripta
3141 2583 3192 2626 et
3216 2584 3414 2627 terram
3456 2588 3573 2625 am-

1999 2656 2155 2711 biens
2182 2672 2303 2711 esse
2330 2658 2598 2711 diametro
2622 2658 2733 2713 fere
2778 2660 2994 2729 duplam
3023 2662 3245 2727 sphaera:
3276 2659 3570 2727 inscripta),

1999 2757 2055 2803 et
2105 2748 2379 2816 octuplam
2440 2750 2780 2816 extensione,
2830 2766 2894 2806 ac
2949 2761 3195 2805 centrum
3262 2752 3459 2807 habere
3514 2752 3571 2805 in

2001 2838 2187 2892 intimo
2214 2854 2339 2908 erga
2364 2854 2461 2893 nos
2490 2842 2922 2923 territt‘termino.
2969 2843 3123 2911 Quod
3161 2844 3309 2899 clare
3346 2844 3573 2900 demon-

333 2941 591 3012 σφαίρας,
619 2918 1081 3009 ὀκταπλασίωςνδέ
1111 2947 1170 3001 τὸ
1218 2918 1445 3019 μέγεθος
1486 2918 1672 3015 οῦσαιν,
1704 2918 1804 3005 ’καὶ

2003 2940 2142 2987 strat
2167 2930 2341 3000 ﬁgura
2367 2932 2485 2988 haec
2516 2918 2879 3007 geoniétrica:

333 3034 563 3103 κέντρον
591 3034 820 3103 ἔχουσαν
842 3038 932 3088 ἐπὶ
977 3039 1071 3090 τοῦ
1108 3042 1422 3095 κατωτάτου
1463 3043 1745 3106 δοκοῦντος
1774 3045 1903 3113 ⁴ἡμῖν
1922 3034 1975 3064 u’

333 3126 572 3193 πέρατος
590 3128 685 3195 τῆς
704 3128 837 3195 γῆς·
866 3131 961 3182 καὶ⁵
999 3130 1155 3183 τοῦτο
1174 3131 1331 3202 δῆλον
1384 3135 1447 3187 ἐκ
1496 3134 1590 3187 τοῦ
1634 3135 1755 3201 διαγ
1768 3136 1905 3209 ράμ-

337 3229 531 3281 ματος.

418 3309 500 3368 ιγ’.
534 3303 713 3356 Ἔστω
744 3308 951 3374 σφαῖρα
978 3309 1077 3377 τῆς
1105 3309 1206 3380 γῆς
1237 3311 1456 3378 κύκλος,
1481 3307 1525 3381 ᾧ
1542 3314 1689 3368 ἔνδον
1711 3317 1908 3385 ὑπογέ-

335 3410 598 3462 γραπται,
618 3412 673 3455 α,
708 3395 761 3464 β,
785 3414 839 3464 γ,
859 3397 907 3463 δ,
928 3402 1160 3471 καὶπερὶ
1179 3402 1340 3458 αὑτὸν
1361 3404 1500 3459 ἔστω
1516 3410 1905 3478 περιηγμένος,

338 3486 461 3538 ἀντὶ
478 3486 576 3554 τῆς
594 3488 832 3556 σφαίρας
857 3492 950 3543 τοῦ
971 3491 1181 3559 ὓδατος,
1202 3495 1289 3547 Eae
1299 3513 1388 3566 ρος
1404 3498 1621 3565 κύκλος,
1641 3517 1917 3572 συναρμο-2

337 3578 564 3648 ζὸμενος
608 3584 750 3636 κατὰ
777 3583 873 3652 τὴν
897 3585 1239 3652 ἐπιφάνειαν,
1266 3586 1342 3656 τῷ
1374 3589 1707 3659 άνωδεκάτῳ
1734 3570 1827 3644 τοῦ
1856 3570 1918 3643 ἐν’

340 3671 491 3741 αὐτῷ
520 3671 741 3735 κύκλου,
788 3667 832 3740 ᾧ
866 3676 1289 3745 ἐπιγέγραπται,
1324 3696 1371 3741 ε,
1406 3678 1457 3745 ζ,
1501 3698 1559 3747 η,
1596 3680 1646 3733 Θ·
1683 3681 1911 3751 εὑρεθή-

343 3780 498 3815 σεται
529 3764 637 3833 γὰρ
670 3765 731 3818 τὸ
771 3768 869 3835 μὲν
918 3767 993 3831 ὡς
1024 3769 1159 3838 πρὸς
1206 3772 1352 3839 ἡμᾶς
1383 3773 1554 3837 κάτω,
1603 3774 1775 3843 πέρας
1819 3774 1914 3825 τοῦ

342 3856 404 3904 ὲν
432 3855 587 3924 αὐτῷ
611 3857 836 3921 κύκλου,
896 3861 1120 3929 κέντρον
1172 3862 1265 3913 τοῦ
1294 3863 1492 3928 ἔξωθεν
1522 3866 1915 3934 περιηγμένου.

344 3947 654 4010 Διπλασίως
679 3950 735 4001 δὲ
770 3950 1029 4021 ὑπάρχων
1051 3947 1204 4016 οὗτος
1234 3954 1330 4023 τὴν
1346 3955 1657 4025 διάμετρον,
1687 3957 1919 4023 ἀναφαί-

349 4056 500 4092 νεται
532 4045 934 4109 γεωμετρικαῖς
969 4044 1331 4107 ἀποδείξεσιν,
1362 4046 1737 4100 ὀκταπλασίαν
1781 4045 1921 4100 εἶναι

351 4129 450 4198 τὴν
482 4132 736 4200 σφαῖραν,
763 4128 828 4203 ἧς
859 4134 892 4202 ἡ
922 4134 1210 4204 διάμετρος
1236 4134 1491 4187 διπλασία
1542 4138 1642 4206 τῆς
1689 4138 1923 4207 ἐχούσης

350 4220 455 4289 τὴν
476 4223 727 4291 ἡμίσειαν
780 4224 1067 4295 διάμετρον
1099 4226 1364 4296 σφαίρας’
1405 4228 1691 4297 συμϐαίνει
1722 4246 1785 4295 γε
1819 4230 1925 4298 μὴν

2086 3312 2173 3368 1⁸5.
2209 3314 2286 3366 Sit
2335 3310 2613 3365 terrestris
2664 3311 2873 3379 sphaera
2922 3310 3179 3374 circulus,
3216 3320 3358 3364 intra
3419 3325 3580 3380 quem

2014 3409 2229 3475 scripta:
2259 3414 2387 3459 sunt
2423 3404 2611 3458 litterae
2651 3404 2717 3468 Α,
2747 3402 2807 3468 Β,
2841 3402 2904 3469 C,
2936 3403 2977 3455 D
3008 3419 3026 3470 ;
3053 3405 3229 3471 sitque
3255 3405 3403 3458 circa
3459 3420 3581 3460 eum

2014 3497 2442 3559 circumductus,
2471 3509 2566 3563 pro
2614 3495 2822 3562 sphaera
2875 3509 3049 3562 aquae,
3084 3493 3219 3548 alter
3262 3494 3521 3558 circulus,
3553 3510 3586 3549 e

2015 3586 2167 3654 cujus
2189 3586 2471 3655 superticie
2496 3585 2706 3639 decima
2738 3600 2861 3653 pars
2888 3587 3135 3652 superior
3170 3586 3356 3639 circuli
3390 3586 3586 3641 inclusi

2017 3686 2280 3746 emergat,
2312 3688 2365 3731 et
2398 3678 2486 3730 cui
2521 3677 2902 3745 superscripta:
2932 3676 3042 3729 sint
3083 3676 3144 3737 Ε,
3181 3676 3245 3740 F,
3279 3676 3344 3740 G,
3372 3676 3415 3729 ﬂ
3451 3695 3465 3742 ;
3504 3692 3589 3732 re-

2018 3769 2255 3837 perietur
2279 3768 2498 3821 intimus
2536 3781 2667 3833 ergo
2697 3767 2961 3820 terminus
3001 3767 3191 3821 circuli
3227 3768 3416 3822 inclusi
3467 3782 3589 3822 esse

2016 3874 2260 3918 centrum
2289 3862 2436 3914 orbis
2457 3862 2697 3914 exterius
2720 3860 3102 3914 circumducti.
3134 3860 3269 3914 Cum
3298 3870 3474 3913 autem
3501 3861 3589 3915 hic

2018 3954 2165 4007 illius
2196 3955 2269 4006 sit
2299 3953 2568 4004 diametro
2604 3950 2821 4018 duplus,
2861 3964 3095 4019 cumque
3121 3951 3468 4019 geometricis
3492 3952 3591 4004 de-

2018 4042 2503 4097 monstrationibus
2554 4043 2759 4111 liqueat
2793 4041 3058 4110 sphaeram
3100 4042 3257 4111 cujus
3294 4043 3591 4096 diametrus

2019 4146 2104 4190 est
2138 4136 2324 4203 dupla,
2352 4149 2472 4189 esse
2506 4135 2777 4203 octuplam
2803 4135 3033 4202 sphaerae
3068 4135 3225 4205 cujus
3291 4138 3589 4189 diametrus

2020 4238 2101 4282 est
2129 4228 2371 4289 dimidia,
2412 4229 2492 4281 sic
2518 4227 2783 4297 contingit
2814 4236 3062 4282 octavam
3115 4230 3339 4298 sphaera:
3370 4225 3591 4294 liquida:

353 4312 417 4361 τὸ
441 4312 624 4377 ὄγδοον
647 4314 741 4382 τῆς
773 4315 943 4384 ὑγρᾶς
996 4315 1200 4386 ταύτης
1233 4316 1486 4387 σφαίρας,
1533 4319 1737 4388 ἀναμὶξ
1757 4321 1921 4389 ὲμπε·

2022 4330 2229 4390 partem
2274 4320 2471 4376 includi
2526 4331 2683 4376 terra:
2715 4336 2780 4378 ac
2833 4320 3182 4377 commisceri
3212 4338 3227 4375 :
3260 4330 3591 4389 quapropter

355 4399 667 4475 ριειλῆφθαι
699 4410 762 4479 τῇ
793 4412 885 4477 γῇ,

2234 5334 2579 5693 /’/

741 5815 999 5875 PATROL
1069 5811 1178 5872 Ou.
1225 5808 1314 5868 CL

3280 5804 3355 5899 36
