3912 6188
263 336 400 408 113Ἶ

1167 323 1438 384 CAPITA
1481 324 1822 395 PHYSICA,
1855 319 2372 388 TlIEOLOGlCA,
2403 315 2564 375 ETC.

3359 298 3500 364 1138

271 462 448 529 μόνον·
484 455 580 526 τὴν
606 455 661 508 δὲ
689 455 887 525 ψυχὴν,
916 454 1101 509 ἐκτῶν
1119 450 1524 524 ὑπερκοσμίων,
1551 447 1750 519 μᾶλλον
1775 443 1833 498 δὲ
1857 494 1863 504 ,

1983 437 2220 493 lmoduttt
2306 429 2589 489 mirabile,
2657 423 2968 477 universum
3049 416 3504 486 supereminens.

2729 517 2739 527 .
2957 514 3007 529 ..
3095 527 3105 529 _
3176 511 3469 529 μη-

269 547 397 618 παρ⁹
444 544 608 599 αὐτοῦ
672 545 765 596 τοῦ
825 544 957 596 Θεοῦ
988 543 1055 597 δι’
1079 545 1472 614 ὲμφυσήματος
1495 537 1827 609 ἀπορρήτου,

181 679 187 685 -
265 641 342 702 ὼς
369 637 512 708 μέγα
541 635 715 688 τικαί.
751 635 1088 704 θαυμαστὸν,
1147 636 1242 689 καί⁵
1287 635 1381 686 τοῦ
1425 630 1621 687 παντὸς
1664 627 1848 694 ὑπερ--

263 730 412 798 έχον,
437 728 530 780 καὶ
551 725 612 778 τὸ
633 725 742 777 πᾶν
765 723 1085 791 ὲποπτεῦον,
1118 726 1211 778 καὶ
1255 725 1368 784 τοῖς
1410 721 1574 773 πᾶσιν
1607 719 1830 770 ἐπιστα-

265 819 412 880 τοῦν,
440 819 534 871 καὶ
557 816 692 869 Θεοῦ
713 817 1010 884 γνωστικὺν
1066 817 1184 886 ἅμα
1251 816 1346 868 καὶ
1399 808 1667 872 δεκτικὸν,
1732 806 1829 858 καὶ

264 897 535 952 δεικτικὸν
557 897 756 958 παντὸς
797 897 993 964 μᾶλλον
1021 896 1121 966 τῆς
1173 897 1695 969 ὑπερανῳκισμένης
1731 901 1825 952 τοῦ

268 990 513 1058 τεχνίτου
581 987 992 1058 μεγαλειότητος
1048 988 1412 1058 ἀποτέλεσμα,
1472 991 1565 1042 καὶ
1624 990 1698 1058 μὴ
1747 992 1830 1042 ὅτι

272 1080 408 1133 θεοῦ
439 1081 683 1152 δεκτικὸν
711 1080 778 1132 δι’
819 1079 1025 1145 ἀγῶνος
1062 1081 1156 1132 καὶ
1179 1080 1422 1149 χάριτος,
1448 1081 1582 1134 ἀλλὰ
1601 1068 1695 1135 καὶ
1737 1083 1832 1134 δυ-

275 1173 433 1227 νατὸν
466 1171 730 1238 ὲνωθῆναι
758 1170 932 1238 τούτῳ
970 1168 1109 1222 κατά
1144 1169 1270 1239 μίαν
1307 1171 1621 1225 ὑπόστασιν.

346 1263 442 1316 κε’.
475 1261 661 1314 Ταῦτα
679 1259 771 1313 καὶ
809 1260 878 1312 τὰ
904 1260 1147 1322 τοιαῦτα,
1185 1262 1244 1312 ὲν
1269 1257 1350 1323 οἷς
1398 1263 1545 1313 ἐστιν
1571 1264 1604 1330 ἡ
1635 1261 1836 1331 ἀληθὴς

279 1353 441 1422 σοφία
497 1354 592 1406 καὶ
617 1353 650 1421 ἡ
699 1353 965 1421 σωτήριος
999 1353 1199 1414 γνῶσις
1235 1353 1267 1420 ἡ
1299 1354 1396 1420 τῆς
1427 1353 1538 1406 ἄνω
1571 1355 1838 1422 μακαριό-

279 1462 442 1514 τητος
467 1444 746 1509 πρόξενος.
805 1443 900 1505 Τίς
955 1443 998 1494 δ’
1031 1443 1317 1513 Εὐκλείδης
1350 1461 1364 1508 ;
1403 1444 1486 1505 τίς
1549 1445 1783 1514 Μαρῖνος
1822 1459 1836 1505 ;

279 1536 360 1594 τίς
400 1533 727 1601 Πτσλομαῖος
771 1532 1000 1584 συνιδεῖν
1036 1532 1316 1602 ἡδυνόθη;
1383 1534 1525 1596 τίνες
1586 1533 1842 1602 Ἐμπεδο-

283 1626 454 1688 κλεῖς,
478 1625 573 1677 καὶ
611 1624 916 1694 Σωκράται,
957 1623 1050 1674 καὶ
1089 1623 1496 1692 Ἀριστοτέλεις,
1551 1624 1644 1676 καί
1700 1625 1842 1677 Πλά-

282 1735 470 1780 τωνες,
528 1717 771 1782 λογικαῖς
821 1716 1082 1785 μεθόδοις,
1119 1716 1151 1784 ἧ
1191 1716 1598 1784 μαθηματικαῖς
1633 1717 1843 1769 ἀποδεί-

1941 532 2120 587 Omnia
2155 534 2526 597 perscrutans,
2564 517 2772 573 cunctis
2815 514 3134 584 prtesidens,
3176 511 3263 564 Dei
3297 524 3500 577 cogno-

1938 623 2118 677 sci-udi
2168 617 2328 673 simul
2367 629 2429 667 ac
2473 611 2763 679 recipiendi
2808 623 3002 676 Capax,
3033 615 3089 659 et
3124 603 3294 672 magis
3341 614 3506 667 quam

1940 724 2133 768 t‘tetcra
2158 725 2322 779 opera
2348 704 2700 759 manifestans
2721 697 3246 770 supcrexcellentem
3281 692 3512 747 artiﬁcis

1943 801 2435 874 magniﬁcentiam,
2463 806 2631 864 atque
2673 809 2776 846 non
2825 790 3169 845 solummodo
3220 788 3384 839 Deum
3419 800 3511 838 re-

1944 900 2124 967 cipere
2192 895 2395 948 virtute
2420 905 2484 944 ac
2554 887 2768 956 gratia,
2828 885 2922 940 sed
2967 891 3022 938 et
3079 883 3218 934 uuiri
3266 893 3389 932 cum
3448 889 3514 929 co

1944 989 2128 1044 valens
2173 987 2224 1040 in
2261 999 2364 1038 una
2405 997 2658 1052 persona.

2018 1263 2112 1316 9.5.
2151 1262 2275 1315 llaec
2307 1270 2360 1314 et
2390 1256 2698 1326 hujustnodi
2748 1263 2867 1307 sunt
2906 1253 2955 1305 in
3010 1250 3210 1320 quibus
3261 1263 3388 1302 vera
3442 1256 3521 1300 est

1950 1353 2212 1420 sapientia
2248 1360 2303 1404 et
2340 1349 2608 1403 salutaris
2647 1345 2875 1399 scientia
2919 1358 3184 1397 sunuuam
3223 1355 3527 1410 procurans

1955 1445 2369 1500 beatitudinem.
2408 1441 2540 1506 Quis
2585 1449 2763 1493 autem
2790 1436 3064 1500 Euclides,
3109 1435 3230 1503 quis
3263 1433 3528 1494 Marinus.

1953 1537 2074 1604 quis
2104 1533 2427 1588 Ptolemaeus
2471 1530 2661 1583 eadem
2713 1527 2857 1582 scire
2891 1525 3108 1595 potuit?
3137 1523 3372 1588 Quinam
3407 1521 3526 1574 Em-

1956 1628 2228 1699 pedocles,
2278 1632 2332 1678 et
2382 1626 2644 1687 Socratae,
2688 1632 2743 1674 et
2800 1619 3138 1682 Aristoteles,
3178 1627 3231 1671 et
3278 1615 3530 1669 Platones

1959 1722 2130 1788 logica
2167 1717 2422 1771 methodo
2460 1729 2553 1770 aut
2600 1714 3002 1768 mathematicis
3051 1708 3530 1764 demonstrationi-

285 1806 448 1869 ξεσι;
511 1805 711 1871 μᾶλλον
759 1804 814 1856 δὲ
864 1805 990 1856 ποία
1034 1805 1283 1874 αἴσθησις
1359 1805 1678 1859 ἀντελάϐετο
1738 1807 1846 1858 τῶν

1983 1831 2081 1876 ius,
2125 1811 2205 1866 vel
2260 1813 2440 1880 potius
2499 1807 2622 1876 quis
2682 1821 2874 1860 sensus
2929 1802 3054 1857 talia
3109 1802 3375 1871 percepit,
3411 1804 3536 1870 quis

287 1895 539 1948 τοιούτων
576 1912 591 1960 ;
627 1896 774 1956 ποῖος
812 1893 1040 1945 ἐπέϐαλε
1064 1894 1186 1956 νοῦς
1221 1909 1236 1957 ;
1277 1894 1338 1945 Εἰ
1382 1895 1437 1947 δὲ
1463 1896 1690 1956 ἐκείνοις
1735 1898 1844 1957 τοῖς

289 1988 449 2054 φύσει
489 1984 858 2055 φιλοσοφοῦσι,
891 1987 980 2038 καὶ
1011 1989 1123 2048 τοῖς
1152 1988 1268 2039 κατ’
1290 1985 1548 2049 ἐκείνους,
1578 1988 1848 2056 χαμαίζηο

289 2082 379 2142 λος
404 2078 582 2144 ἔδοξεν
616 2079 648 2147 ἡ
677 2077 817 2130 κατὰ
853 2077 1066 2147 πνεῦμα
1103 2077 1282 2146 σοφία,
1316 2075 1606 2130 κᾶντεῦθεν
1639 2079 1699 2130 τὸ
1727 2079 1848 2131 καθ’

292 2168 594 2240 ὑπερϐολὴν
641 2167 907 2237 ὑπερέχον
992 2169 1162 2234 αὐτῆς
1232 2170 1594 2238 παρίσταταιο
1667 2171 1850 2240 σχεδὸν

290 2262 421 2330 γὰρ,
479 2259 554 2322 ὡς
606 2259 672 2312 τὰ
710 2259 877 2326 ἄλογα
937 2259 1046 2311 τῶν
1100 2260 1274 2323 ζώων,
1313 2261 1449 2330 πρὸς
1493 2263 1590 2330 τὴν
1631 2263 1851 2314 ἐκείνων

292 2351 486 2419 σοφίαν
509 2350 721 2420 ἔχουσιν
750 2350 824 2420 (εἰ
874 2351 928 2403 δὲ
962 2349 1157 2419 βούλει,
1191 2351 1439 2420 καθάπερ
1471 2353 1537 2404 τὰ
1568 2353 1852 2422 παιδάρια,

290 2434 372 2502 οἷς
411 2442 712 2508 κρείττονες
739 2440 947 2502 δόξαιεν
985 2440 1049 2492 ἂν
1087 2442 1136 2492 οἰ
1175 2443 1311 2508 μετά
1365 2445 1552 2510 χεῖρας
1592 2443 1855 2495 πλακοῦν-

295 2548 386 2592 τες
423 2529 515 2582 τοῦ
558 2530 837 2599 βασιλικοῦ
863 2531 1233 2600 διαδήματος),
1263 2530 1296 2600 ἢ
1324 2532 1414 2584 καὶ
1447 2535 1558 2595 τοῖς
1586 2533 1696 2604 [Ian
1723 2534 1853 2604 τῶν]

294 2616 522 2680 ἐκείνοις
555 2617 911 2686 ἐγνωσμένων
946 2619 1200 2671 ἁπάντων
1220 2636 1233 2649 ο
1266 2618 1438 2682 οὕτως
1472 2621 1685 2690 ἔχουσιν
1714 2607 1858 2677 οὗτοι

293 2708 433 2775 πρὸς
461 2709 558 2777 τὴν
594 2709 766 2778 ἀληθῆ
811 2710 905 2762 καὶ
957 2710 1474 2782 ὑπερανῳκισμένην
1529 2714 1716 2782 σοφίαν
1764 2717 1862 2768 καὶ

293 2799 635 2852 διδασκαλίαν
665 2800 759 2852 τοῦ
793 2801 1129 2870 Πνεύματος.

367 2897 480 2954 κς’.
511 2891 586 2944 Οὐ
620 2885 792 2960 μόνον’
806 2891 862 2944 δὲ
894 2892 959 2944 τὸ
991 2893 1281 2959 γινώσκειν
1311 2897 1450 2947 κατὰ
1486 2896 1546 2949 τὸ
1590 2898 1864 2968 ἐγχωροῦν

295 2983 352 3034 ὲν
388 2982 617 3053 ἀληθείᾳ
681 2983 835 3044 Θεὸν,
883 2985 1230 3054 ἀσυγκρίτως
1288 2989 1531 3054 κρεῖττον
1606 2989 1703 3057 τῆς
1745 2991 1846 3042 καθ

298 3071 565 3142 Ἕλληνας
594 3073 909 3142 φιλοσοφίας
933 3078 1100 3143 ἐστὶν,
1131 3077 1265 3130 ἀλλὰ
1295 3079 1387 3132 καὶ
1419 3081 1579 3148 μόνον
1632 3083 1694 3133 τὸ
1724 3083 1865 3138 εἰδέ-

298 3180 388 3216 ναι
416 3166 536 3218 τίνα
563 3165 726 3218 τόπον
760 3165 874 3234 ἔχει
901 3169 930 3220 ὁ
952 3166 1237 3236 ἄνθρωπος
1265 3170 1502 3240 παρὰτῴ
1524 3171 1662 3239 Θεῷ,
1690 3175 1868 3227 πᾶσαν
1900 3174 1942 3228 C

300 3257 620 3329 ῦπερδαίνει
652 3257 750 3328 τὴν
802 3257 922 3311 κατ’
944 3259 1183 3324 ἐκείνους
1245 3260 1471 3327 σοφίαν·
1539 3264 1700 3331 μόνος
1759 3266 1866 3331 γὰρ

299 3350 553 3402 ἁπάντων
584 3349 845 3416 ἐπιγείων
899 3366 957 3402 τε
999 3350 1093 3402 καὶ
1160 3351 1423 3418 οὐρανίων
1485 3352 1704 3422 ἐκτίσθη
1749 3353 1866 3406 κατ’

301 3440 488 3494 εἰκόνα
523 3439 615 3492 τοῦ
657 3441 980 3505 πλάσαντος,
1013 3441 1088 3504 ὡς
1128 3442 1264 3512 πρὸς
1317 3444 1522 3495 ἐκεῖνον
1574 3425 1744 3513 ὁρῴη,
1777 3447 1868 3496 καὶ

300 3529 734 3601 αὐτὸνάγαπῴη,
771 3534 1020 3586 κάκείνου
1058 3533 1218 3601 μόνου
1261 3533 1472 3604 μῦστης
1507 3535 1598 3587 καὶ
1632 3553 1870 3601 προσκυκ

301 3624 472 3691 νητὴς
502 3623 610 3693 εἴη,
639 3624 733 3676 καὶ
760 3627 825 3693 τῇ
859 3626 994 3694 πρὸς
1020 3625 1183 3677 αὐτὸν
1217 3625 1398 3678 πίστει
1433 3626 1530 3678 καὶ
1569 3627 1751 3678 νεύσει
1775 3627 1870 3678 καὶ

303 3713 564 3775 διαθέσει,
605 3714 704 3782 τὴν
760 3714 969 3766 οἰκείαν
1003 3714 1265 3784 καλλονὴν
1327 3716 1636 3785 συντηροίη,
1697 3716 1872 3768 πάντα

303 3806 362 3858 δε
386 3806 430 3857 τ’
461 3804 593 3859 ἄλλα
638 3806 737 3859 ὅσα
775 3805 846 3873 γῆ
870 3807 962 3858 καὶ
1001 3805 1226 3876 οὐρανὸς
1258 3806 1344 3858 ὅδε
1375 3807 1552 3876 φέρει,
1587 3805 1871 3875 κατώτερα

307 3897 503 3950 ἑαυτοῦ
533 3897 723 3966 εἰδείη,
762 3898 859 3950 καί⁹
886 3898 976 3951 νοῦ
1000 3897 1347 3951 παντάπασιν
1366 3897 1590 3967 ἄμοιρα.
1625 3899 1801 3966 Ὅπερ
1824 3901 1872 3951 οἰ

307 3989 432 4042 καθ’
486 3989 752 4058 ’Έλληνας
785 3989 941 4057 σοφοὶ
977 3988 1330 4058 μηδοπωσοῦν
1362 3989 1590 4041 συνιδεῖν
1622 3988 1874 4058 δυνηθέν-

306 4097 421 4142 τες,
451 4079 733 4149 ἠτίμωσαν
757 4079 858 4142 τὴν
883 4081 1003 4132 καθ’
1035 4080 1182 4149 ἡμᾶς
1249 4080 1432 4146 φύσιν,
1463 4079 1742 4149 ἠσέϐησαν
1795 4081 1873 4142 εἰς

306 4172 466 4234 Θεὸν,
499 4171 872 4241 ἐσεϐάσθησαν
903 4170 998 4224 καί
1023 4170 1354 4240 ἐλάτρευσαν
1397 4173 1462 4241 τῇ
1501 4171 1676 4223 κτίσει
1727 4170 1875 4239 παρὰ

308 4262 402 4314 τον
414 4261 697 4325 κτίσαντα,
725 4264 834 4323 τοῖς
869 4260 1146 4329 αἰσθητοῖς
1166 4262 1260 4312 καὶ
1275 4259 1622 4329 ἀναισθήτοις
1649 4259 1877 4328 ἇστρασι

309 4349 438 4402 νοῦν
455 4348 792 4419 περιθέντες,
810 4350 905 4401 καὶ
929 4349 1131 4400 τούτων
1171 4349 1386 4417 ἑκάστῳ
1413 4349 1504 4401 τοῦ
1538 4351 1679 4402 κατὰ
1720 4349 1879 4418 σῶμα

316 4438 583 4506 μεγέθους
608 4438 866 4505 ἀνάλογον
919 4439 978 4490 ὲν
1013 4437 1238 4507 δυνάμει
1277 4440 1369 4491 καὶ
1426 4437 1726 4506 ἀξιώματι·
1788 4438 1882 4491 καὶ

311 4529 487 4581 ταῦτα
516 4529 714 4591 ἀθλίως
735 4529 1035 4598 σεϐόμενοι,
1095 4531 1190 4581 καί
1240 4530 1398 4593 θεοὺς
1436 4531 1652 4599 μείζους
1698 4547 1758 4582 τε
1788 4531 1881 4582 καὶ

313 4620 568 4682 ἐλάττους
616 4620 1177 4689 προσαγορεύσαντες,
1253 4620 1350 4689 τὴν
1433 4621 1726 4689 κυριότητα
1789 4618 1882 4671 τοῦ

315 4712 515 4772 παντὸς
535 4709 860 4779 ἐπέτρεψαν.
891 4706 1016 4779 'Ap'
1040 4710 1140 4762 οὐκ
1163 4711 1226 4761 ὲκ
1259 4711 1366 4761 τῶν
1398 4710 1672 4780 αἰσθητῶν
1711 4701 1882 4772 οὗτοι,

228 4831 238 4842 -
314 4801 531 4868 καὶτῆς
561 4801 702 4855 κατά
731 4800 905 4852 ταῦτα
961 4799 1300 4868 φιλοσοφίας,
1341 4797 1530 4868 αἶσχος
1598 4801 1694 4853 καὶ
1761 4801 1885 4853 ἀδο-

316 4891 456 4956 ξίαν,
487 4892 580 4944 καὶ
598 4891 790 4942 πενίαν
819 4889 1053 4958 ἐσχάτην
1068 4892 1188 4951 ταῖς
1212 4890 1438 4951 οἰκείαις
1488 4890 1688 4958 ψυχαῖς
1725 4906 1888 4960 προσ-

315 4981 628 5050 ετρίψαντο,
647 4984 740 5035 καὶ
761 4982 948 5052 νοητὸν
965 4982 1134 5042 ὅντως
1161 4981 1255 5032 καὶ
1284 4981 1638 5049 κολαστήριον
1664 4983 1848 5043 σκότος
1869 4997 1884 5044 ;

389 5075 492 5136 κζ’.
528 5074 602 5126 Τὸ
629 5077 747 5126 κατ’
778 5073 961 5130 εἰκόνα
982 5073 1270 5140 γεγονότας
1303 5073 1451 5141 ἡμᾶς
1489 5072 1686 5134 αὐτοὺς
1749 5072 1888 5123 εἰδέ-

317 5187 408 5220 ναι
446 5166 540 5220 τοῦ
569 5166 871 5230 κτίσαντος,
907 5165 1026 5217 οὐδὲ
1060 5165 1149 5218 τὸν
1174 5164 1362 5233 νοητὸν
1389 5163 1591 5231 κόσμον
1625 5162 1890 5215 θεοποιεῖν

320 5261 615 5330 συγχωρεῖ.
649 5259 722 5310 Τὸ
757 5258 863 5327 γὰρ
887 5259 1005 5309 κατ’
1042 5255 1224 5308 εἰκόνα
1254 5255 1432 5318 τοῦτο,
1463 5256 1561 5324 οὐχ
1596 5256 1626 5322 ἡ
1659 5254 1751 5304 τοῦ
1785 5251 1891 5303 σώ-

323 5371 493 5424 ματος
532 5353 645 5420 ἔχει
683 5352 852 5416 θέσις,
890 5351 1000 5403 ἀλλ’
1031 5353 1062 5419 ἡ
1094 5350 1186 5402 τοῦ
1213 5350 1303 5401 νοῦ
1363 5349 1576 5409 πάντως
1609 5345 1790 5414 φύσις,
1830 5337 1890 5396 οὗ

324 5445 492 5514 μηδὲν
524 5443 666 5496 κατὰ
693 5444 854 5511 φύσιν
886 5445 1148 5512 κρεῖττον.
1184 5440 1246 5490 Εἰ
1272 5440 1380 5506 γάρ
1418 5436 1485 5507 ἦν
1527 5455 1579 5490 τι
1625 5439 1891 5507 κρεῖττον,

321 5541 382 5589 ὲν
415 5537 608 5604 ἐκείνῳ
625 5537 689 5588 ἂν
721 5536 934 5604 ὑπῆρχε
971 5535 1031 5587 τι
1077 5534 1195 5584 κατ’
1219 5532 1423 5584 εἰκόνα.
1469 5531 1620 5582 Ἐπεὶ
1658 5529 1716 5580 δὲ
1749 5529 1807 5579 τὸ
1840 5529 1895 5578 ἐν

326 5633 460 5699 ἡμῖν
505 5633 752 5699 κρεῖττον
783 5630 810 5679 ὁ
840 5627 982 5690 νοῦς,
1028 5627 1184 5678 τοῦτο
1220 5625 1275 5675 δὲ
1316 5624 1364 5676 εἱ
1405 5625 1498 5675 καί.
1566 5622 1684 5675 κατ’
1714 5622 1896 5674 εἰκόνα

325 5721 495 5784 θείαν,
529 5721 750 5789 ἐκτίσθη
773 5720 814 5773 δ’
851 5719 941 5771 οῦν
973 5720 1121 5787 ὅμως
1183 5717 1288 5769 ὑπὸ
1310 5715 1444 5769 Θεοῦ
1480 5730 1492 5743 ·
1529 5715 1583 5767 τί
1633 5715 1750 5766 ποτ’
1790 5715 1896 5781 ἄρα

325 5811 586 5876 δυσχερὲς
622 5812 871 5878 συνιδεῖν,
899 5808 1184 5877 μᾶλλονδὲ,
1206 5807 1317 5873 πῶς
1341 5807 1439 5859 οὐκ
1472 5806 1692 5860 αὐτόθεν
1731 5804 1896 5859 mrit—

1963 1904 2272 1959 intellectus
2304 1899 2655 1969 penetravit?
2709 1896 2763 1950 Si
2812 1905 2995 1949 autem
3039 1895 3146 1948 illis
3182 1904 3389 1948 natura:
3419 1893 3534 1960 phi-

1965 1996 2208 2065 Ιοεομιιὶε
2237 2007 2533 2061 eorumque
2563 1989 2843 2057 diScipulis
2865 1999 3080 2042 terrena
3115 1989 3227 2040 visa
3263 1997 3346 2040 est
3370 1987 3536 2055 spiri-

1968 2087 2126 2141 tualis
2202 2085 2506 2155 sapientia,
2566 2097 2628 2134 ac
2679 2078 2904 2149 proinde
2962 2078 3372 2148 supereminens
3423 2074 3540 2140 ejus

1965 2179 2332 2234 excellentia:
2376 2191 2474 2230 nos
2518 2177 2665 2227 enim
2717 2174 2914 2227 intuitu
2954 2187 3063 2226 sua:
3112 2170 3395 2239 sapientiae
3428 2168 3541 2221 fere

1970 2273 2168 2325 habent
2204 2279 2258 2322 ut
2290 2269 2543 2322 animalia
2575 2266 2789 2320 ratione
2818 2265 3101 2326 destituta,
3140 2265 3220 2315 vel
3251 2262 3295 2317 si
3341 2262 3538 2326 mavis,

1971 2377 2027 2416 ttt
2059 2363 2318 2433 parvulos
2357 2361 2555 2430 quibus
2601 2359 2849 2418 meliores
2887 2357 2938 2409 in
2979 2356 3228 2409 manibus
3255 2355 3544 2408 videantur

1971 2456 2229 2524 placenta:
2269 2468 2432 2522 quam
2490 2450 2633 2518 regia
2690 2452 2991 2503 diademata
3041 2448 3122 2504 vel
3173 2449 3352 2501 omnia
3410 2447 3545 2516 ipsis

1972 2557 2132 2600 nota.-
2160 2545 2231 2599 Ita
2265 2560 2382 2598 st-se
2411 2543 2484 2597 illi
2519 2545 2720 2596 habent
2753 2557 2875 2610 erga
2905 2557 3082 2594 veram
3107 2551 3160 2593 et
3203 2539 3547 2607 superemel-

1975 2641 2167 2695 lentem
2199 2640 2516 2708 sapientiam
2543 2647 2596 2690 et
2617 2636 2912 2690 doctrinam
2944 2634 3198 2702 Spiritus.

2045 2824 2137 2878 εδ.
2172 2823 2287 2877 Non
2321 2822 2495 2877 solum
2561 2835 2892 2889 cognoscere
2945 2835 3038 2887 pro
3091 2819 3294 2875 viribus
3322 2820 3374 2873 in
3408 2818 3546 2872 veri--

1977 2926 2085 2970 tate
2120 2916 2324 2978 Deum,
2359 2915 2514 2983 longe
2563 2913 2841 2978 multoque
2884 2912 3078 2963 melius
3125 2911 3341 2964 cthnica
3374 2911 3548 2980 philo-

1977 3008 2164 3075 Sophia
2204 3017 2308 3069 est,
2344 3005 2435 3058 sed
2469 3004 2634 3058 etiam
2682 3003 2819 3066 scire
2853 3006 3114 3054 duntaxat
3168 3017 3328 3069 quem
3375 3001 3549 3054 locum

1981 3101 2173 3155 habeat
2199 3099 2358 3152 homo
2387 3111 2567 3150 coram
2605 3095 2735 3157 Deo,
2766 3110 2979 3148 omnem
3011 3094 3283 3149 antecedit
3311 3095 3550 3162 gentium

1978 3191 2323 3260 sapientiam.
2372 3187 2532 3242 Solus
2595 3189 2736 3242 enim
2787 3188 3030 3240 omnium
3091 3187 3431 3241 terrestrium
3487 3202 3552 3240 ac

1977 3285 2278 3340 C(Blestiutu
2315 3295 2530 3338 creatus
2565 3291 2652 3337 est
2701 3283 2766 3337 ad
2820 3283 3111 3351 imaginem
3167 3281 3466 3344 CreaIOris,
3498 3294 3556 3334 ut

1979 3384 2044 3434 ad
2079 3397 2200 3434 eum
2239 3380 2538 3440 intueatur,
2590 3391 2823 3446 euntque
2872 3376 3080 3443 diligat,
3129 3386 3184 3428 et
3235 3373 3354 3442 ejus
3387 3374 3556 3428 solius

1981 3480 2182 3538 tnystes
2209 3479 2263 3523 et
2305 3469 2556 3522 adorator
2601 3468 2691 3528 sit,
2751 3478 2805 3521 et
2863 3466 2964 3519 [ide
3019 3481 3081 3519 ac
3109 3467 3308 3535 pietate
3345 3467 3396 3518 in
3433 3482 3558 3518 eum

1982 3561 2207 3614 allectus
2255 3576 2407 3614 suam
2462 3570 2704 3613 servaret
2750 3559 3228 3627 pulchritudinem,
3269 3568 3324 3611 et
3363 3570 3561 3613 caetera

1984 3653 2162 3706 omnia
2201 3650 2557 3722 quaecunque
2595 3665 2738 3704 terra
2771 3663 2824 3703 et
2871 3649 3069 3705 coelum
3107 3652 3208 3704 hoc
3241 3650 3444 3715 lerunt,
3477 3653 3562 3704 iu-

1985 3745 2184 3800 leriora
2262 3744 2442 3810 seipso
2513 3754 2723 3812 putat-et
2765 3755 2821 3796 et
2901 3743 3261 3811 intelligentia
3339 3759 3563 3813 prorsus

1987 3835 2263 3890 destituta.
2318 3835 2471 3901 Quod
2522 3835 2725 3889 ethnici
2781 3834 3089 3903 philosOphi
3149 3835 3372 3888 minimc
3420 3834 3566 3888 scire

1987 3929 2232 3982 valentes
2257 3969 2272 3992 ,
2320 3937 2558 3980 nostrain
2603 3930 3066 3981 dedecoravcruttt
3099 3940 3371 3989 naturain,
3393 3926 3562 3981 Deum

1989 4021 2479 4086 inhonoravernnt,
2547 4032 2602 4074 et
2669 4021 2956 4074 coluerunt
3035 4023 3386 4087 veneratique
3437 4030 3568 4073 sunt

1989 4123 2294 4167 creaturam
2326 4113 2501 4179 potius
2533 4127 2692 4179 quam
2718 4107 3061 4172 Creatorem,
3094 4109 3371 4162 sensitivis
3403 4110 3569 4162 rebus

1990 4211 2044 4259 et
2103 4203 2424 4258 inanimatis
2473 4203 2743 4256 sideribus
2799 4201 3206 4270 intelligentiam
3265 4202 3570 4256 tribuentes

1993 4312 2112 4366 qua:
2140 4299 2193 4350 iu
2223 4295 2452 4364 singulis
2486 4298 2909 4363 respondentem
2942 4295 3186 4362 corporis
3214 4294 3568 4363 magnitudini

1993 4394 2251 4444 virtutem
2283 4397 2340 4444 et
2394 4386 2711 4457 dignitatem
2758 4387 3000 4454 haberet,
3029 4396 3081 4442 et
3119 4387 3219 4441 ista
3246 4390 3446 4441 misere
3481 4402 3564 4441 re-

1921 4502 1970 4561 υ
1997 4481 2179 4542 veriti,
2207 4491 2261 4534 et
2312 4480 2442 4534 deos
2472 4479 2705 4548 majores
2743 4494 2806 4533 ac
2847 4479 3082 4534 minores
3131 4478 3578 4543 confessi,deita-

1999 4581 2106 4627 tem
2163 4572 2417 4626 omnibus
2465 4581 2884 4626 concesserunt.
2947 4570 3135 4626 Nonne
3177 4573 3338 4640 igitur
3387 4574 3461 4626 illi
3506 4589 3575 4628 ex

1999 4665 2350 4722 sensibilibus
2377 4673 2430 4717 et
2458 4681 2519 4717 ex
2564 4681 2658 4716 sua
2693 4665 2757 4717 de
2789 4664 2875 4717 his
2897 4665 3236 4733 philosophia
3258 4709 3273 4731 ,
3338 4666 3576 4721 dedecus

1999 4755 2465 4826 ignominiamque
2497 4764 2547 4807 et
2589 4763 2886 4808 extremam
2924 4755 3201 4808 miseriam
3230 4759 3344 4810 suis
3381 4757 3578 4810 animis

2002 4849 2358 4911 inusserunt,
2409 4855 2465 4899 et
2515 4845 2786 4914 spiritales
2838 4860 2962 4900 vere
3005 4861 3071 4902 ac
3125 4847 3369 4915 pmuales
3431 4859 3584 4902 teneo

2005 4939 2129 4992 bras
2156 4939 2179 4990 ἶ)

2073 5057 2163 5108 27.
2195 5053 2348 5121 Quod
2387 5055 2622 5107 sciamus
2653 5057 2864 5104 uosmet
2896 5050 2963 5100 a-l
2993 5047 3284 5116 imaginem
3311 5045 3582 5099 Creatoris

2005 5163 2126 5201 esse
2158 5149 2350 5212 laetos,
2402 5163 2505 5198 ttott
2538 5145 2660 5197 ideo
2690 5141 2948 5195 mundum
2986 5139 3380 5207 intelligibilem
3416 5135 3579 5186 deiti-

2008 5256 2136 5294 care
2169 5241 2311 5293 licet.
2347 5236 2477 5290 Nam
2518 5236 2659 5288 hanc
2689 5234 3012 5302 imaginem,
3035 5247 3139 5283 non
3173 5227 3420 5296 corporis
3446 5240 3587 5277 cou-

2010 5331 2252 5394 stitutio,
2303 5329 2394 5384 sed
2450 5338 2645 5382 natura
2697 5327 2856 5395 plane
2903 5324 3069 5378 habet
3125 5319 3450 5382 intellectus,
3480 5330 3589 5384 quo

2014 5424 2146 5478 nihil
2176 5422 2506 5476 naturalium
2571 5422 2765 5472 melius
2829 5428 2933 5472 est.
2991 5417 3046 5469 Si
3084 5413 3213 5483 quid
3266 5414 3410 5465 enim
3441 5419 3590 5463 esset

2015 5518 2228 5578 inelius,
2263 5517 2316 5568 in
2345 5516 2435 5568 illo
2470 5531 2578 5568 non
2610 5522 2755 5568 esset
2775 5513 2865 5564 Dei
2897 5512 3094 5576 imago.
3122 5507 3258 5572 Quia
3289 5521 3416 5559 vero
3447 5504 3590 5571 quod

2016 5620 2102 5662 est
2136 5607 2188 5659 iu
2217 5605 2374 5658 nobis
2407 5608 2620 5667 melius,
2651 5603 2958 5655 intellectus
2987 5608 3088 5662 est,
3121 5599 3208 5651 hic
3239 5606 3441 5659 autem,
3467 5595 3594 5648 licet

2017 5700 2084 5754 ad
2117 5698 2407 5765 imaginem
2443 5697 2514 5750 sit
2536 5696 2800 5758 divinam,
2831 5703 3048 5747 creatus
3075 5699 3159 5746 est
3195 5699 3374 5743 tamen
3405 5704 3434 5742 a
3463 5687 3592 5752 Deo,

2022 5808 2149 5848 num
2188 5791 2348 5860 igitur
2392 5800 2653 5857 contcptu
2693 5788 2903 5845 didit-ile
2939 5797 3042 5852 est,
3087 5785 3169 5842 vel
3211 5784 3386 5848 potius
3413 5798 3602 5838 nonne
