3962 6208
384 315 525 386 1139

1639 316 2022 379 GREGORII
2062 318 2386 383 ΡᾹῐιΑιΜιΕ

3486 327 3628 388 ιέυ

383 457 449 495 eo
477 439 599 510 ipso
627 447 774 508 patet
808 439 950 493 hunc
977 450 1100 490 este
1129 434 1388 489 faetorem
1421 444 1619 489 nostra}
1655 437 1950 505 intelligen-

2053 445 2224 512 δηλον,
2252 445 2326 506 ὡς
2352 448 2378 496 ὁ
2416 444 2641 514 mimi};
2674 444 2765 496 τοῦ
2795 446 2914 498 καθ’
2952 446 3096 514 ἡμᾶς
3133 459 3340 512 νοερου,
3407 445 3612 503 ἐκεῖνος

382 535 491 598 tite,
519 542 573 586 et
603 533 844 586 omnium
873 529 1314 584 itttellerlualimtt
1347 532 1659 581 auclore-nr?
1687 527 1946 582 Conservi

379 627 544 694 igitur
597 625 756 677 nobis
808 630 935 676 sunt
999 635 1187 674 omnes
1241 619 1462 688 spiritus-
1521 620 1584 670 ad
1656 620 1946 687 imaginem

377 715 655 770 Creatoris
701 713 848 774 facti,
897 714 1110 766 etiamsi
1163 713 1319 766 nobis
1364 712 1468 764 sint
1516 711 1944 774 excellentiores,

377 810 498 876 quia
536 816 662 862 sunt
705 814 856 859 extra
893 819 1140 872 corpora,
1172 813 1224 856 et
1260 804 1510 856 increata-
1537 817 1758 869 proi-sus
1785 812 1832 854 el
1869 802 1952 854 in-

376 909 571 952 ereata:
600 906 805 950 natura:
836 897 1132 964 propiores.
1169 893 1262 949 Vel
1299 896 1500 962 potius,
1535 895 1625 960 qui
1663 895 1801 946 inter
1827 894 1947 946 illos

377 1006 531 1042 suum
577 997 934 1044 servaverunt
965 987 1234 1046 ordinem,
1266 997 1318 1037 et
1366 987 1494 1038 illud
1543 985 1608 1038 ad
1641 985 1780 1050 quod
1819 983 1947 1037 facti

375 1091 503 1133 sunt
534 1090 737 1144 amant,
774 1081 898 1132 licet
927 1081 1083 1132 nobis
1113 1077 1380 1141 causervi,
1414 1087 1537 1129 sunt
1570 1087 1744 1127 tamen
1775 1075 1948 1128 hono-

378 1170 604 1231 rabiles,
640 1181 693 1224 et
742 1170 1001 1238 dignitate
1047 1168 1201 1221 nobis
1251 1167 1418 1218 multo
1463 1166 1788 1229 superiores.
1841 1163 1942 1228 Qui

374 1277 506 1316 vero
541 1277 695 1316 suum
745 1277 846 1315 uoo
881 1269 1230 1312 servaverunt
1266 1259 1533 1317 ordinem,
1565 1258 1656 1308 sed
1708 1254 1944 1307 rebellati

376 1355 504 1407 illud
538 1355 840 1420 rejecerunt
885 1355 948 1404 ad
982 1353 1121 1420 quod
1152 1351 1320 1403 creati
1349 1360 1525 1412 erant,
1556 1351 1624 1401 ab
1653 1347 1942 1416 appropin-

375 1447 670 1515 quantibus
725 1445 832 1497 Deo
899 1453 1240 1497 recesserunt
1286 1459 1447 1512 quam
1501 1442 1846 1508 longissime,
1889 1446 1945 1491 et

373 1539 581 1592 honore
612 1551 708 1589 suo
739 1535 1078 1590 exciderunt.
1110 1535 1172 1587 Et
1204 1534 1248 1586 si
1291 1533 1454 1585 etiam
1490 1547 1588 1584 nos
1635 1529 1791 1582 situol
1837 1538 1944 1580 tra-

373 1631 504 1683 here
535 1629 832 1695 inlapsum
882 1626 1286 1695 aggrediuntur,
1325 1642 1428 1676 non
1468 1624 1688 1676 inutiles
1738 1630 1946 1671 tantum

371 1729 499 1772 sunt
524 1729 689 1787 atque
713 1718 862 1781 viles,
885 1719 976 1772 sed
1001 1728 1051 1770 ct
1077 1717 1185 1770 Deo
1207 1717 1400 1769 inleusi
1425 1725 1478 1768 et
1501 1715 1683 1783 generi
1711 1713 1944 1764 lmmauo

376 1812 666 1880 perniciosi
695 1821 746 1863 et
780 1809 1161 1862 inimicissimi.

443 1905 534 1957 9.8.
572 1905 675 1957 Sed
711 1901 1008 1973 physiologi
1044 1909 1097 1954 et
1144 1898 1460 1958 astronomi,
1495 1912 1640 1959 citrtr,
1673 1896 1795 1946 licet
1824 1908 1947 1946 om-

374 2001 462 2051 nia
493 1997 591 2050 sibi
625 2009 749 2049 nota
781 1994 1100 2066 gloriantes,
1133 1992 1265 2046 nihil
1301 1993 1642 2060 prazlatorum
1675 2003 1740 2042 ex
1775 1987 1952 2057 pbilo-

370 2090 562 2158 sophia
615 2088 916 2156 intelligere
965 2095 1203 2155 possent,
1245 2085 1540 2154 principem
1582 2081 1947 2151 spiritualium

372 2183 714 2236 tenebrarum
741 2189 796 2233 et
819 2189 1042 2234 cunctas
1065 2185 1358 2245 potestates
1383 2191 1447 2229 eo
1471 2177 1605 2229 duce
1635 2174 1947 2230 rebellatas.

371 2287 476 2322 non
507 2268 818 2337 superiores
854 2276 1058 2321 tantum
1090 2266 1302 2334 seipsis,
1333 2264 1425 2318 sed
1456 2274 1512 2318 et
1561 2265 1691 2318 deos
1721 2279 1948 2318 vocave-

372 2371 517 2429 runt,
553 2372 607 2415 et
654 2360 936 2431 coluerunt
983 2359 1215 2428 templis,
1256 2367 1311 2412 et
1345 2356 1654 2412 obtulerunt
1685 2359 1762 2412 eis
1787 2358 1950 2411 victi-

371 2470 509 2518 tuas,
543 2463 598 2507 et
632 2469 690 2508 se
719 2453 1068 2521 subiecerunt
1104 2450 1496 2504 l'unestissimis
1525 2465 1711 2504 eorum
1757 2465 1949 2504 oracu-

371 2548 460 2611 lis,
493 2547 545 2600 in
577 2545 775 2616 quibus
808 2545 1002 2600 merito
1032 2545 1357 2614 plerumque
1383 2542 1527 2596 illusi
1556 2551 1683 2597 sunt
1712 2559 1740 2596 a
1770 2558 1949 2597 sacer-

372 2639 589 2693 dotibus
629 2653 734 2692 uou
783 2638 977 2702 sacris,
1011 2635 1536 2704 lustrationibusque
1567 2634 1945 2689 contaminan-

373 2727 523 2780 tibus
570 2733 623 2779 et
669 2725 1108 2779 scelestissitnatn
1164 2724 1561 2793 inspirantibus
1609 2723 1941 2792 superbiam,

369 2828 532 2886 atque
584 2817 860 2886 prophetis
905 2831 970 2868 ac
1022 2814 1382 2884 pmphetissis
1433 2814 1503 2868 ab
1554 2815 1667 2883 ipsa
1717 2816 1946 2871 veritate

372 2924 533 2977 quam
579 2907 891 2976 longissime
923 2906 1344 2961 removentibus.

440 3050 531 3106 29.
567 3047 682 3102 Non
728 3044 901 3098 solum
947 3041 1001 3096 in
1033 3055 1098 3095 eo
1128 3039 1270 3108 quod
1304 3039 1466 3094 homo
1513 3034 1682 3086 Deum
1729 3031 1866 3085 sciat
1893 3039 1946 3084 et
1973 3078 2015 3134 Ο

375 3143 612 3210 scipsum
647 3151 911 3205 suumque
960 3141 1254 3202 cognoscat
1307 3129 1554 3184 ordinem
1604 3123 1768 3193 (quod
1804 3121 1944 3188 apud

375 3232 714 3288 Christianos
737 3228 914 3282 sciunt
943 3227 1104 3278 etiam
1127 3222 1214 3290 qui
1241 3223 1496 3274 dicuntur
1520 3214 1744 3286 idiota),
1771 3215 1947 3268 scien-

379 3326 450 3380 tia
503 3324 655 3377 adest
705 3318 988 3374 sublimior
1043 3311 1376 3386 pbysioIOgia
1427 3321 1477 3363 et
1527 3306 1854 3363 astronomia
1893 3310 1948 3358 et

378 3415 524 3470 ottmi
562 3415 626 3467 de
669 3412 752 3466 his
783 3408 1142 3478 philosophia,
1179 3405 1272 3458 sed
1304 3404 1468 3457 etiam
1535 3413 1692 3453 nosse
1735 3396 1947 3451 intelle-

382 3522 503 3563 ctus
533 3505 700 3578 nostri
733 3501 1185 3562 imbecillitatem,
1212 3507 1266 3550 et
1297 3495 1421 3548 huic
1455 3492 1653 3547 mederi
1685 3504 1946 3561 quaerere,

377 3612 464 3656 est
511 3595 1014 3666 incomparabiliter
1069 3589 1239 3644 tuulto
1291 3588 1461 3641 satius
1518 3598 1679 3652 quam
1729 3583 1868 3637 scire
1897 3586 1952 3634 et

379 3689 707 3764 perscrutari
762 3686 998 3739 siderum
1055 3679 1480 3752 magnitudinem
1531 3687 1585 3731 et
1637 3685 1947 3728 naturarum

381 3763 640 3842 rationes,
677 3777 914 3847 origines
947 3771 1264 3828 inferiorum
1314 3779 1368 3823 et
1403 3768 1666 3822 circuitus
1711 3763 1951 3831 superio-

382 3889 521 3939 rum,
558 3868 942 3924 conversiones
975 3874 1028 3917 et
1058 3873 1230 3926 ortus,
1267 3861 1532 3914 stationes
1569 3867 1621 3910 et
1654 3867 1952 3923 retrogres-

379 3981 492 4031 sus,
538 3964 808 4017 discessus
837 3967 886 4010 et
923 3969 1268 4022 congressus,
1316 3962 1368 4005 et
1424 3947 1721 4018 generatim
1762 3960 1951 3998 οιιιιιρε

377 4073 566 4113 eorum
601 4063 776 4105 motus
811 4049 990 4102 varios
1018 4062 1071 4101 et
1101 4045 1463 4099 multiformes
1494 4041 1729 4093 habitus.
1761 4037 1955 4091 Sciens

379 4147 524 4201 enim
561 4159 713 4196 suam
747 4137 1146 4194 iulirtuitatcm,
1177 4133 1375 4200 reperit
1409 4146 1514 4198 qua
1548 4129 1692 4181 ineat
1720 4128 1782 4179 ad
1812 4125 1955 4178 salu-

381 4251 526 4301 tetn,
567 4245 623 4288 et
669 4232 894 4286 accedat
928 4229 996 4281 ad
1049 4228 1232 4280 lumen
1289 4221 1566 4282 scientiae,
1625 4226 1678 4272 et
1729 4217 1956 4283 accipiat

379 4327 701 4397 sapientiam
776 4335 958 4374 veram
1021 4333 1120 4370 nec
1173 4334 1294 4371 cum
1349 4317 1448 4368 hoc
1501 4306 1700 4366 sazculo
1755 4307 1953 4363 dissol-

383 4422 632 4474 vendam.

449 4509 539 4563 '50.
588 4503 852 4571 Qualibet
888 4499 1172 4554 rationalis
1209 4495 1689 4564 intellectual-isque
1734 4501 1948 4554 natura,

380 4603 495 4656 sive
530 4597 826 4666 angelicam
859 4593 1064 4648 dixeris
1095 4593 1208 4646 sive
1238 4592 1557 4654 humanam,
1589 4586 1954 4642 essentialiter

383 4694 546 4746 habet
577 4691 769 4753 vitam,
805 4703 901 4756 per
921 4699 1082 4754 quam
1119 4690 1363 4738 remanet
1384 4681 1698 4735 exsisteutia
1732 4681 1953 4731 irnmor-

382 4786 504 4838 talis
568 4799 632 4837 ac
668 4780 1032 4849 corruptionis
1059 4779 1306 4845 incapax.
1343 4775 1412 4828 At
1458 4790 1574 4841 quae
1621 4774 1773 4828 nobis
1813 4775 1955 4824 inest

384 4874 765 4931 Intellectualis
794 4881 851 4926 et
882 4869 1161 4924 rationalis
1195 4878 1410 4927 natura,
1443 4881 1548 4919 non
1580 4865 1748 4917 solam
1787 4864 1954 4916 habet

383 4969 751 5026 essentialiter
795 4967 986 5031 vitam,
1021 4964 1118 5019 sed
1163 4975 1217 5018 et
1261 4962 1655 5030 Operationcm.
1707 4957 1953 5012 Vivilicat

382 5065 528 5116 enim
568 5059 914 5127 conjunctqu
942 5072 1158 5126 corpus,
1208 5058 1347 5108 unde
1383 5053 1542 5120 hujus
1579 5052 1775 5105 dicitur
1821 5051 1948 5102 vita.

384 5155 508 5209 Ila'c
555 5166 714 5221 porro
745 5152 850 5202 vita
882 5149 1082 5202 dicitur
1115 5146 1339 5200 relative
1371 5143 1438 5197 ad
1487 5142 1656 5207 aliud,
1691 5152 1744 5194 et
1775 5157 1837 5195 ea
1869 5147 1954 5195 est

385 5247 648 5316 operatio.
685 5243 836 5309 Quod
865 5241 1008 5294 enim
1042 5248 1126 5293 est.
1154 5239 1219 5291 ad
1259 5238 1426 5301 aliud,
1457 5235 1561 5288 dici
1597 5234 1784 5302 nequit
1831 5235 1954 5288 sub-

385 5342 581 5395 sistere
637 5337 689 5390 iit
748 5335 946 5403 seipso.
1002 5330 1330 5399 Angelorum
1387 5343 1517 5382 vero
1577 5327 1957 5381 intellectualis

387 5445 577 5487 natura
618 5445 723 5484 noo
756 5430 835 5482 sic
879 5436 935 5480 ut
963 5427 1336 5495 operationem
1390 5422 1554 5476 habet
1607 5423 1771 5474 vitam
1804 5435 1955 5476 :non

384 5525 528 5578 cnim
553 5521 902 5590 conjunctum
936 5518 1146 5584 accepit
1174 5531 1203 5568 a
1232 5514 1341 5569 De»
1371 5513 1438 5566 de
1470 5525 1615 5566 terra
1645 5527 1865 5580 corpus,
1889 5511 1956 5566 ad

387 5615 527 5678 quod
581 5613 848 5666 vivificmn
904 5611 1174 5678 acciperet
1221 5609 1497 5662 virtutem.
1538 5606 1717 5675 Capax
1769 5615 1954 5658 tamen

387 5713 442 5754 et
477 5703 593 5771 ipsa
621 5715 704 5758 est
732 5704 1153 5766 contrariorum,
1179 5700 1435 5755 bonitatis
1473 5699 1675 5754 scilicet
1698 5713 1760 5752 ac
1804 5697 1956 5752 mali-

2051 536 2145 588 καὶ
2179 537 2372 596 παντὸς
2417 537 2600 602 νοεροῦ
2630 537 2853 607 ποιητής
2894 539 3048 599 ἐστι;
3093 533 3380 594 Σύνδουλος
3416 531 3612 584 οὐκοῦν

2051 630 2180 696 ἡμῖν
2208 629 2355 678 πᾶσα.
2381 627 2540 694 νοερὰ
2575 629 2755 694 φύσις,
2780 630 2874 680 καὶ
2912 626 3030 680 κατ’
3061 626 3245 678 εἰκόνα
3269 624 3364 676 τοῦ
3391 625 3613 676 κτίσαν-

2049 736 2138 781 τος
2172 735 2184 749 ⁸
2215 721 2380 772 είκαὶ
2421 722 2575 789 ἡμῶν
2624 721 2952 790 τιμιώτεροι,
3011 720 3084 783 ὡς
3152 721 3418 788 σωμάτων
3461 718 3615 778 ὅντες

2050 802 2225 862 ἐκτὸς,
2259 802 2349 853 καὶ
2379 804 2443 869 τῇ
2472 803 2744 870 ἀσωμάτῳ
2773 803 3086 855 παντάπασι
3117 805 3210 856 καὶ
3234 807 3471 876 ἁκτίστῳ
3503 810 3613 877 φύ-

2048 905 2129 939 σει
2163 889 2360 957 μᾶλλον
2389 889 2698 956 ἐγγίζοντες
2735 905 2747 918 °
2786 891 2986 958 μᾶλλον
3011 892 3086 953 δὲ,
3119 893 3169 943 ol
3199 894 3295 961 μὲν
3339 896 3611 962 φυλάξανο

2044 996 2133 1040 τες
2162 981 2363 1030 τούτων
2385 980 2481 1047 τὴν
2512 981 2717 1032 ἑαυτῶν
2743 982 2914 1044 τάξιν,
2939 983 3029 1033 καὶ
3046 983 3106 1033 τὸ
3139 984 3274 1052 πρὸς
3299 985 3326 1035 ὃ
3355 989 3612 1053 γεγόνασι

2048 1070 2380 1136 στέργοντες,
2432 1073 2477 1122 εἰ
2512 1071 2602 1122 καὶ
2636 1071 2933 1137 ὁμόδουλοι,
2965 1073 3078 1124 ἀλλ’
3109 1076 3237 1142 ἡμῖν
3270 1077 3459 1143 τίμιοι,
3519 1079 3613 1131 καὶ

2047 1160 2201 1226 ἡμῶν
2227 1162 2290 1226 τῇ
2315 1159 2463 1222 τάξει
2495 1160 2670 1228 πολλῷ
2693 1161 3030 1230 τιμιώτεροι.
3058 1165 3118 1214 (ll
3150 1165 3205 1215 δὲ
3232 1165 3305 1232 μὴ
3341 1167 3616 1232 φυλάξαν-

2048 1267 2135 1310 τες
2157 1250 2251 1318 τὴν
2282 1252 2483 1302 ἑαυτῶν
2517 1251 2684 1314 τάξιν,
2718 1252 2831 1304 ἀλλ’
2865 1254 3352 1322 ἁποστατήσαντες,
3404 1259 3494 1308 καὶ
3524 1261 3608 1323 τὶ,

2050 1341 2183 1408 πρὸς
2207 1339 2234 1391 ὃ
2271 1341 2572 1406 γεγόνασιν.
2607 1342 2986 1411 ἀθετήσαντες,
3006 1345 3113 1398 τῶν
3148 1346 3469 1411 ἐγγιζόντων
3489 1349 3613 1418 Θεῷ

2047 1432 2327 1498 γεγονότες
2358 1432 2430 1493 ὡς
2467 1435 2820 1502 πορρωτάτω,
2847 1436 2938 1487 καὶ
2960 1438 3058 1504 τῆς
3095 1439 3266 1506 τιμῆς
3321 1441 3612 1491 ἐκπεπτώ-

2046 1537 2227 1575 κασιν.
2290 1523 2350 1574 Εί
2415 1522 2469 1576 δὲ
2524 1525 2617 1576 καὶ
2665 1527 2812 1592 ἡμᾶς
2867 1530 3206 1597 συνεπισπᾷν
3278 1530 3616 1598 ἐπιχειροῦσι

2049 1614 2182 1682 προς
2206 1613 2510 1679 ἔκπτωσιν,
2545 1615 2645 1666 ούκ
2684 1617 2889 1684 ἀχρεῖοι
2921 1619 3012 1670 καί
3043 1619 3230 1688 ἄτιμοι
3252 1621 3429 1688 μόνον,
3478 1622 3615 1673 ἀλλὰ

2049 1706 2139 1757 καὶ
2170 1705 2432 1767 ἀντίθεοι,
2484 1706 2576 1757 καὶ
2630 1706 2783 1775 ἡμῶν
2837 1708 2912 1776 τῷ
2953 1710 3098 1775 γένει
3163 1712 3482 1778 λυμαντικοὶ
3522 1715 3616 1764 καὶ

1983 1789 2024 1840 Β
2053 1794 2460 1862 πολεμιώτατοι.

2117 1891 2223 1951 κη’.
2279 1884 2490 1936 Ἀλλ’οἰ
2545 1887 2857 1953 φυσιολόγοι
2886 1905 2944 1938 τε
3006 1889 3099 1940 καὶ
3152 1890 3619 1959 ἀστροθεὰμονες,

2049 1980 2139 2029 καὶ
2169 1978 2237 2029 τὰ
2264 1980 2446 2032 πάντα
2471 1978 2672 2030 εἰδέναι
2708 1979 3074 2048 καυχώμενοι,
3102 1981 3272 2048 μηδὲν
3295 1982 3402 2032 τῶν
3428 1999 3620 2052 προει-

2051 2067 2300 2137 ρημένων
2331 2069 2396 2119 ὲκ
2429 2071 2534 2136 τῆξ
2556 2068 2871 2135 φιλοσοφεῖς
2903 2069 3134 2121 συνιδεῖν
3151 2071 3493 2139 δυνηθέντες,
3518 2073 3619 2124 καὶ.

2049 2156 2137 2209 τὸν
2167 2156 2400 2226 ἄρχοντα
2438 2157 2532 2210 τοῦ
2555 2157 2746 2227 νοητοῦ
2775 2159 3016 2220 σκότους,
3053 2159 3147 2210 καὶ
3187 2159 3286 2220 τὰς
3333 2160 3427 2212 ὑπ’
3457 2162 3621 2216 αύτὲν

2050 2250 2421 2312 ἀποστατικὰς
2472 2249 2730 2316 δυνάμεις
2789 2250 2989 2314 πάσας,
3052 2252 3152 2320 ούχ
3210 2252 3351 2321 ὑπὲρ
3393 2255 3621 2318 ἑαυτοὺς

2053 2341 2231 2408 μῦνον,
2251 2340 2382 2393 ἀλλὰ
2407 2342 2500 2393 καὶ
2533 2341 2690 2404 θεοὺς
2704 2343 3010 2410 ὠνόμασαν,
3040 2345 3130 2396 καὶ
3155 2347 3300 2407 ναοῖς
3333 2347 3621 2414 ἐτίμησαν,

2050 2431 2142 2483 καὶ
2172 2431 2361 2493 θυσίας
2394 2433 2577 2493 αὐτοῖς
2615 2433 3016 2500 προσήνεγκαν,
3071 2435 3163 2485 καὶ
3228 2437 3456 2498 ἑαυτοὺς
3516 2439 3622 2488 ῦπ-

2053 2520 2253 2586 ἐταξαν
2287 2523 2398 2583 τοῖς
2429 2521 2800 2590 πανωλέθροις
2833 2523 3055 2575 ἐκείνων
3085 2524 3473 2593 θεσπίσμασιν,
3528 2527 3624 2596 ὑφ’

2052 2605 2125 2664 ὧν
2160 2613 2564 2681 ὲνεπαέχθησαν
2596 2613 2821 2675 εἰκότως
2849 2613 2942 2665 ἐπὶ
2972 2613 3126 2677 πολὺ,
3157 2615 3227 2668 δι’
3258 2617 3418 2686 ἱερῶν
3469 2619 3624 2671 ἁνιέο

2055 2721 2180 2775 ρων,
2218 2705 2311 2756 καὶ
2336 2703 2636 2774 καθαρμῶν
2668 2705 3025 2773 μολυνὸντων,
3084 2708 3178 2758 καὶ
3221 2709 3624 2776 προστιθέντων

2049 2797 2146 2862 τὴν
2170 2794 2450 2862 ἐξάγιστον
2476 2796 2669 2864 οἴησιν,
2695 2796 2785 2848 καὶ
2813 2797 3101 2865 προφητῶν
3124 2799 3219 2850 καὶ
3246 2800 3621 2868 προερητίδων,

2051 2887 2146 2953 τῆς
2175 2887 2342 2947 ὅντως
2358 2885 2611 2955 ἀληθείας
2633 2886 3141 2940 ἁποὸουκολούντων
3165 2889 3239 2950 ὡς
3267 2892 3623 2960 πορρώτατα.

2119 2976 2220 3028 κθ⁰.
2259 2977 2333 3029 Ού
2361 2977 2420 3029 τὸ
2453 2978 2651 3030 είόἐναι
2681 2979 2842 3046 μόνον
2872 2978 3027 3041 Θεὸν,
3081 2980 3200 3032 οὐδὲ
3234 2979 3295 3031 τὸ
3323 2983 3626 3048 γινώσκειν

2053 3067 2139 3118 τὸν
2165 3067 2454 3137 ἄνθρωπον
2483 3068 2695 3129 ἑαυτὸν,
2728 3069 2819 3120 καί
2858 3069 2957 3139 τὴν
3021 3071 3217 3122 ἑαυτοῦ
3267 3073 3420 3137 τάξιν
3443 3074 3497 3143 (ὃ.
3524 3075 3625 3126 καὶ

2061 3161 2160 3220 τοῖς
2181 3160 2552 3228 νομιζομένοις
2583 3161 2841 3224 ἰδιώταις,
2863 3163 3205 3230 Χριστιανοῖς
3226 3161 3344 3215 οὖσι
3365 3166 3624 3232 πρόσεστι

2060 3249 2188 3318 νῦν),
2209 3249 2522 3320 ὑψηλοτέρα
2547 3251 2748 3318 γνῶσίς
2779 3253 2892 3304 ἐστι
2923 3254 3270 3320 φυσιολογίας
3305 3256 3401 3307 καὶ
3425 3258 3624 3323 ἀστρο-

2050 3340 2256 3408 λογίας,
2296 3343 2391 3395 καὶ
2422 3342 2711 3411 πάσηςτῆς
2751 3344 2878 3413 περὶ
2902 3344 3070 3406 αὑτὰς
3123 3344 3460 3413 φιλοσοφίας,
3486 3347 3626 3401 ἀλλὰ

2049 3433 2143 3485 καὶ
2173 3432 2232 3484 τὸ
2254 3432 2448 3485 εἰδέναι
2480 3432 2572 3484 τὸν
2595 3432 2717 3485 καθ’
2750 3435 2897 3503 ἡμᾶς
2929 3434 3053 3486 νοῦν
3099 3435 3194 3504 τὴν
3226 3437 3422 3488 ἑαυτοῦ
3457 3437 3624 3489 ἀσθέ-

2049 3540 2222 3583 νειαν,
2252 3524 2342 3576 καὶ¹
2368 3522 2570 3592 ταύτην
2604 3524 2861 3577 ἰάσασθαι
2915 3524 3118 3593 ζητεῖν,
3154 3525 3336 3595 πολλῷ
3373 3529 3624 3594 κρεῖττον

2049 3612 2394 3683 ἀσυγκρίτως
2425 3612 2489 3664 ἂν
2511 3612 2596 3683 εἴη
2621 3611 2713 3665 τοῦ
2739 3612 2932 3665 εἰδέναι
2968 3613 3062 3664 καὶ
3098 3615 3378 3684 διερευνᾷν
3404 3614 3625 3683 ἄστρων

2053 3705 2282 3774 μεγέθη,
2310 3705 2402 3757 καὶ
2437 3703 2652 3771 φύσεων
2713 3704 2925 3770 λόγους,
2949 3705 3187 3771 γενέσεις
3222 3721 3281 3755 τε
3308 3705 3416 3754 τῶν
3449 3706 3624 3766 κάτω,

2049 3797 2143 3850 καὶ
2181 3796 2459 3865 περιόδους
2486 3795 2594 3847 τῶν
2619 3795 2756 3857 ἄνω,
2815 3797 3024 3864 τροπάς
3084 3813 3142 3848 τε
3199 3796 3292 3847 καὶ
3342 3797 3623 3858 ἐπιτολὰς,

2050 3887 2384 3954 στηριγμοὺς
2444 3886 2539 3936 καὶ
2598 3884 3016 3953 ἀναποδισμοὺς,
3058 3885 3389 3946 ἀποστάσεις
3426 3902 3485 3936 τε
3528 3883 3633 3937 καὶ

2050 3978 2407 4040 σιινελεύσεις.
2446 3978 2539 4030 καὶ
2565 3981 2744 4030 πᾶσαν
2771 3979 2957 4040 ἁπλῶς
2986 3978 3083 4046 τὴν
3130 3981 3192 4028 ἐκ
3233 3977 3630 4038 πολυκινησίας

2051 4073 2164 4120 ἐκεῖ
2198 4069 2652 4136 πολυειδεστάτην
2695 4071 2896 4137 σχέσιν.
2937 4069 2995 4121 ’0
3022 4068 3129 4138 γὰρ
3161 4069 3319 4134 γνοὺς
3363 4067 3459 4135 τὴν
3493 4069 3628 4119 ἑαυ-

2049 4161 2140 4212 τοῦ
2181 4161 2468 4214 ἀσθένειαν
2501 4160 2644 4222 νοῦς,
2689 4155 2846 4230 εὗρεν
2896 4159 3021 4212 ὅθεν
3086 4159 3150 4212 ἂν
3203 4157 3420 4226 εἰσέλθῃ
3486 4157 3632 4225 πρὸς

2050 4253 2342 4322 σωτηρίαν,
2379 4253 2471 4303 καὶ
2500 4253 2708 4318 ὲγγίσοι
2754 4251 2830 4320 τῷ
2867 4253 3002 4318 φωτὶ
3053 4251 3149 4314 τῆς
3198 4251 3472 4316 γνώσεως,
3530 4267 3633 4301 και

2047 4343 2184 4414 λάϐῃ
2235 4343 2425 4411 σοφίαν
2453 4341 2646 4410 ἀληθῆ,
2678 4344 2772 4393 καὶ
2801 4341 2879 4411 τῷ
2905 4340 3062 4393 αἰῶνι
3133 4338 3308 4406 τούτῳ
3365 4336 3439 4406 μὴ
3495 4352 3559 4388 συ
3577 4354 3632 4402 r-

1976 4422 2029 4485 D
2050 4433 2476 4501 καταλυομένην.

2117 4524 2180 4575 λ’.
2217 4525 2373 4575 Πᾶσα
2405 4521 2593 4590 λογικὴ
2632 4520 2726 4573 καὶ
2755 4518 2916 4587 νοερὰ
2947 4518 3128 4585 φύσις,
3185 4516 3285 4568 εἴτ’
3315 4515 3631 4583 ἀγγελικὴν

2047 4613 2306 4674 εῐποιτις,
2333 4609 2432 4664 εἴτ’
2471 4608 2836 4679 ἀνθρωπίνην,
2871 4608 3058 4660 οὐσίαν
3098 4607 3214 4674 ἔχει
3262 4605 3429 4674 ζωὴν,
3463 4603 3532 4656 δι’
3557 4608 3632 4669 ἦν

2050 4706 2142 4757 καί
2162 4702 2402 4772 διαμένει
2436 4700 2628 4770 ἐπίσης
2654 4699 2777 4752 καθ’
2819 4697 3051 4767 ὓπαρξιν
3079 4698 3364 4758 ἀθάνατος,
3396 4694 3633 4762 διαφθο-

2053 4797 2152 4863 ρὰν
2184 4796 2283 4847 ούκ
2315 4793 2694 4862 ὲπιδεχομένη.
2744 4790 2886 4844 Ἀλλ’
2907 4792 2940 4858 ἠ
2973 4789 3072 4858 μὲν
3101 4791 3157 4840 ἐν
3185 4789 3320 4857 ἡμῖν
3345 4789 3509 4856 νοερὰ
3527 4789 3631 4838 καὶ

2049 4885 2237 4953 λογικὴ
2267 4883 2425 4952 φύσις
2458 4883 2518 4934 οὐ
2545 4883 2702 4951 μόνον
2761 4881 2950 4933 ούσίαν
2972 4879 3084 4947 ἔχει
3115 4879 3211 4946 τὴν
3265 4878 3430 4943 ζωὴν,
3485 4876 3631 4928 ἀλλὰ

2049 4978 2142 5029 καὶ
2164 4977 2262 5044 τὴν
2295 4975 2591 5042 ἐνέργειαν.
2652 4973 2914 5024 Ζωοποιεῖ
2969 4972 3078 5037 γὰρ
3159 4973 3220 5021 τὸ
3272 4968 3630 5035 συνημμένον

2051 5068 2207 5135 σῶμα
2234 5082 2247 5096 ·
2278 5065 2345 5117 δι’
2374 5065 2402 5116 ὃ
2429 5065 2523 5116 καὶ
2558 5063 2745 5116 τούτου
2800 5061 3019 5129 λέγεται
3055 5061 3189 5130 ζωή.
3245 5062 3387 5130 Πρὸς
3433 5061 3630 5126 ἕτερον

2050 5159 2082 5226 ὴ
2113 5158 2225 5226 ζωὴ
2258 5156 2498 5222 λέγεται,
2539 5154 2634 5208 καὶ
2660 5155 2909 5222 ἐνέργειά
2939 5155 3087 5205 ἐστιν
3122 5153 3306 5219 αὐτῆς.
3344 5152 3484 5220 "pb;
3513 5153 3630 5217 γὰρ

2048 5249 2253 5316 ἕτερον,
2282 5245 2519 5298 οὐδέποτ’
2555 5243 2621 5298 ἂν
2645 5245 2856 5311 λέγοιτο
2909 5244 3067 5296 οὐσία
3132 5242 3253 5294 καθ’
3304 5243 3495 5309 αὐτὴν.
3554 5240 3628 5293 ’Π

2048 5341 2102 5392 δὲ
2125 5339 2232 5391 τῶν
2281 5337 2525 5404 ἀγγέλων
2561 5338 2721 5407 νοερὰ
2776 5336 2958 5404 φύσις.
3023 5335 3142 5403 οὐχὶ
3201 5334 3292 5386 καὶ
3343 5335 3632 5398 ἐνέργειαν

2048 5432 2303 5498 τοιαύτην
2334 5430 2443 5498 ἔχει
2475 5427 2573 5497 τὴν
2593 5429 2737 5496 ζωήν
2770 5441 2784 5455 ⁸
2809 5428 2869 5480 οὐ
2904 5426 3013 5495 γὰρ
3068 5423 3407 5491 συνημμένον
3429 5422 3631 5472 ἐλαϐεν

2050 5525 2113 5576 ἐκ
2139 5523 2239 5590 γῆς
2291 5521 2440 5586 παρὰ
2469 5520 2604 5572 Θεοῦ
2663 5519 2841 5587 σῶμα,
2889 5519 2983 5570 ἶνα
3040 5519 3132 5569 καὶ
3177 5513 3435 5577 ζωοποιὸν
3483 5512 3630 5580 λάϐῃ

2052 5614 2185 5684 πρὸς
2211 5611 2369 5664 τοῦτο
2391 5610 2641 5679 δύναμιν.
2669 5609 2900 5677 Δεκτικὴ
2933 5609 3116 5678 μέντοι
3159 5607 3251 5659 καὶ
3309 5603 3446 5672 αὕτη
3516 5603 3634 5654 τῶν

2051 5703 2305 5758 ἐναντίων
2335 5703 2470 5766 ἐστὶ,
2506 5700 2699 5762 κακίας
2725 5699 2968 5759 δηλονότι
3004 5699 3094 5752 καὶ
3125 5695 3477 5757 ἀγαθὸτητος.
3513 5694 3632 5744 Καὶ
