3962 6208
377 317 520 385 illi}

1620 311 2006 375 GREGORII
2043 308 2374 372 PALAMXE

3475 310 3616 375 ιιιι

373 436 687 510 prehendit,
717 446 774 493 et
803 434 1124 506 intelligitur
1157 439 1494 501 vocaturque
1526 429 1768 485 omnium
1800 441 1947 484 com-

2062 407 2519 491 σῦνειλημμένως,
2551 416 2645 470 xu‘t
2670 414 2908 482 ἑνιαίως,
2945 414 3036 468 xz‘t
3063 413 3446 475 ἀπλουστάτως
3475 432 3618 482 συμο

373 532 552 600 plexio
602 529 887 584 bonorum.
943 529 1010 582 Et
1058 525 1222 581 simul
1269 532 1323 578 et
1371 523 1657 578 verissime
1706 521 1948 577 continet

372 623 731 692 quodcunque
773 619 1069 687 excogitari
1113 633 1178 672 ac
1210 617 1314 672 dici
1356 625 1531 686 potest
1572 614 1636 668 de
1674 615 1788 683 ipsa
1849 611 1945 666 bo-

375 732 523 769 num.
562 715 676 768 Nec
709 713 758 768 id
796 723 1001 768 tantum
1037 711 1126 765 illa
1161 722 1242 766 est
1288 709 1548 780 quidquid
1581 722 1706 761 vere
1749 705 1950 775 cogita-

373 816 463 859 tur
491 809 556 858 ab
587 807 716 874 ipsis
745 803 1011 872 theologis
1044 803 1239 871 quibus
1264 804 1478 856 animus
1508 799 1648 854 inest
1679 798 1771 852 Dei
1798 797 1951 866 saga-

371 898 625 952 cissimns
669 905 718 948 et
765 896 943 964 lingua
996 894 1188 961 spiritu
1242 893 1530 955 instincta;
1584 891 1710 954 sed,
1764 897 1948 957 utpote

373 986 664 1040 iueﬂabilis
711 997 765 1040 et
810 984 1398 1050 incomprehensibilis,
1446 997 1607 1050 supra
1658 979 1788 1034 illud
1841 989 1944 1041 εει,

373 1093 475 1132 nec
504 1078 572 1132 ab
607 1079 814 1132 unitate
843 1092 904 1131 ac
938 1076 1338 1145 supernatnrali
1368 1074 1712 1142 simplicitate
1743 1072 1946 1134 deﬁcit,

373 1170 467 1224 sed
505 1185 610 1223 una
662 1179 746 1223 est
790 1178 848 1223 et
897 1169 1332 1236 superexccllens
1382 1167 1615 1221 bonitas.
1665 1165 1756 1219 Sic
1801 1164 1946 1218 enim

373 1265 638 1315 duntaxat
675 1261 992 1330 intelligitur
1043 1271 1096 1313 et
1147 1269 1412 1322 vocatur,
1466 1268 1520 1311 et
1575 1257 1655 1312 sic
1703 1271 1770 1310 ex
1818 1255 1950 1310 solis

374 1350 810 1420 competentibus
864 1350 1130 1403 creationi
1201 1348 1604 1414 operationibus
1670 1345 1845 1415 opifex
1897 1357 1950 1398 et

374 1443 639 1496 Dominus
693 1443 986 1497 Creatiouis
1062 1443 1408 1509 cognoscitur
1461 1450 1554 1494 aut
1607 1438 1946 1500 ostenditur.

378 1547 638 1604 tanquam
686 1535 897 1589 scilicet
930 1533 1129 1600 optima
1163 1543 1216 1586 et
1247 1532 1682 1600 superexcellens
1713 1529 1948 1590 bonitas,

374 1628 665 1682 essentiam
718 1625 943 1699 habens
980 1625 1296 1678 bonitatem.
1347 1626 1689 1692 Quapropter
1735 1633 1950 1674 contra-

376 1719 515 1771 rium
554 1717 656 1771 sibi
709 1715 846 1769 nihil
901 1730 1122 1784 prorsus
1174 1731 1411 1782 unquam
1462 1728 1657 1782 capere
1705 1720 1880 1779 potest
1935 1727 1949 1766 :

378 1809 524 1864 tmlla
555 1810 698 1863 enim
729 1809 962 1862 essentia
996 1808 1329 1861 contrarium
1363 1806 1465 1860 sibi
1493 1805 1626 1873 quid
1655 1806 1878 1874 patitur.

450 2073 542 2128 55.
564 2072 777 2142 Optima
803 2071 891 2125 illa
915 2077 968 2123 et
994 2067 1427 2136 supcrexceflens
1453 2066 1665 2121 bonitas
1681 2076 1766 2121 est
1788 2065 1950 2120 etiam

379 2169 503 2222 fons
549 2165 828 2220 bonitatis.
859 2162 1104 2230 Namque
1143 2160 1195 2215 id
1221 2171 1304 2214 est
1345 2159 1572 2221 bonum,
1597 2168 1652 2213 et
1685 2159 1949 2214 bonorum

379 2269 676 2320 summum,
751 2271 851 2309 nec
909 2255 1100 2309 deesse
1162 2260 1336 2322 potest
1386 2250 1642 2321 perfectae
1699 2251 1951 2305 bonitati.

380 2351 518 2418 Quia
543 2359 720 2404 autem
757 2346 1070 2401 intellectus
1104 2353 1187 2398 est
1210 2343 1448 2413 perfecta
1471 2353 1524 2395 et
1559 2341 1952 2410 perfectissima

380 2444 617 2518 bonitas,
647 2441 774 2509 quid
809 2440 1000 2492 melius
1029 2453 1092 2491 ex
1132 2452 1194 2490 ea
1220 2436 1368 2489 Velut
1403 2450 1468 2489 ex
1500 2433 1649 2488 fonte
1683 2443 1950 2496 manaret,

381 2546 543 2604 quam
598 2527 868 2583 verbum?
897 2537 950 2580 et
977 2527 1192 2596 quidem
1224 2540 1348 2600 .non
1411 2524 1589 2578 simile
1624 2523 1774 2576 verbi
1811 2524 1954 2591 quod

381 2641 485 2682 nos
516 2621 865 2693 proferimus,
898 2619 1003 2674 boc
1029 2620 1178 2673 enim
1215 2633 1322 2672 non
1351 2626 1438 2672 est
1479 2615 1810 2682 intellectus.
1857 2614 1951 2669 sed

382 2717 629 2786 corporis
684 2715 960 2769 intellectu
995 2712 1171 2776 moti;
1206 2725 1306 2764 nec
1372 2709 1552 2764 simile
1622 2709 1766 2762 verbi
1805 2709 1950 2777 quod

382 2825 484 2865 nos
515 2810 660 2861 intus
687 2805 1091 2873 componimus,
1125 2803 1226 2856 hoc
1251 2802 1395 2857 enim
1420 2815 1607 2854 vocem
1634 2798 1789 2868 quasi
1816 2800 1954 2868 typis

383 2901 438 2955 in
470 2900 625 2955 nobis
653 2896 898 2952 etl'ormat
924 2914 940 2963 ;
993 2910 1093 2949 nec
1117 2895 1294 2948 simile
1329 2895 1474 2948 verbi
1502 2893 1641 2960 quod
1681 2906 1780 2944 nos
1811 2891 1959 2958 cogi-

387 3008 583 3054 tamus,
645 2992 772 3045 licet
809 2992 932 3046 sine
963 3004 1093 3044 voce
1117 2989 1187 3042 sit
1220 3003 1282 3040 ac
1331 2988 1566 3040 motibus
1597 2984 1822 3038 omnino
1876 2983 1960 3034 in-

385 3087 666 3155 corporeis
688 3085 983 3137 «inritatum
1010 3099 1025 3149 ;
1074 3083 1173 3134 hoc
1205 3081 1346 3134 enim
1377 3088 1456 3132 CaI
1487 3077 1642 3130 nobis
1671 3075 1958 3144 posterius,
1986 3111 2032 3174 Ο

385 3189 441 3234 et
464 3175 994 3247 requiritintervalla
1017 3184 1070 3228 et
1099 3188 1205 3227 non
1234 3186 1403 3240 pauca
1429 3177 1737 3237 temporum
1764 3166 1959 3234 spatia,

389 3273 640 3324 discursu
699 3269 1010 3338 procedens
1062 3276 1116 3319 et
1147 3279 1215 3318 ex
1251 3261 1516 3332 principio
1543 3257 1862 3327 imperfecto
1893 3255 1960 3310 ad

391 3363 692 3432 perfectum
760 3357 1116 3428 progrediens
1158 3355 1554 3409 coosectarium
1594 3350 1736 3417 ;sed
1787 3348 1966 3403 simile

391 3455 544 3509 verbi
577 3451 922 3513 naturaliter,
948 3463 1013 3504 ex
1043 3462 1150 3517 quo
1182 3461 1279 3499 nos
1306 3455 1522 3498 creator
1551 3444 1619 3497 ad
1649 3457 1803 3495 suam
1835 3440 1967 3494 fecit

397 3548 711 3615 imaginem,
767 3543 1065 3598 intellectui
1099 3551 1287 3594 nostro
1321 3538 1493 3600 insiti,
1549 3551 1744 3603 nempe
1779 3535 1968 3587 innua-

395 3640 571 3694 nentis
613 3652 828 3705 semper
875 3636 999 3690 huic
1034 3634 1377 3704 cognition's.
1409 3630 1541 3695 Quae
1602 3627 1838 3682 maxime
1885 3635 1968 3679 est

399 3734 452 3784 in
499 3744 755 3800 supremo
795 3727 1070 3782 intellectu
1131 3723 1386 3796 perfectae
1441 3737 1506 3775 ac
1557 3717 1969 3789 perfectissima}

397 3823 681 3887 bonitatis,
717 3820 858 3887 apud
888 3834 1048 3888 quam
1085 3818 1266 3872 omnia
1293 3815 1515 3868 minime
1557 3821 1681 3865 sunt
1709 3808 1970 3875 imperfe-

397 3927 484 3971 rta
507 3955 523 3980 ,
554 3924 784 3984 excepto
839 3911 988 3982 quod
1022 3911 1091 3965 ab
1141 3925 1204 3964 ea
1243 3908 1376 3971 sint,
1409 3905 1502 3961 sed
1535 3912 1663 3960 sunt
1714 3900 1970 3956 indiscri-

398 4008 645 4062 minatim
675 4005 940 4076 quidquid
977 4005 1092 4073 ipsa
1114 4011 1218 4057 est.
1247 4001 1429 4070 Itaque
1447 3997 1617 4052 Filius
1655 4007 1970 4064 supremum

399 4098 638 4154 Verbum
670 4108 753 4152 est
785 4109 894 4150 eta
921 4095 1103 4162 .nobis
1149 4101 1398 4156 vocatur,
1452 4099 1512 4143 ut
1553 4089 1795 4144 sciamus
1845 4097 1969 4139 eum

398 4207 519 4245 esse
575 4188 902 4260 perfectura,
935 4189 989 4240 in
1051 4184 1288 4253 perlecta
1345 4191 1401 4235 et
1458 4179 1677 4250 propria
1719 4189 1972 4246 persona,

397 4285 527 4354 quia
565 4299 634 4338 ea
677 4281 835 4335 Patre
867 4287 971 4338 est,
1026 4285 1083 4328 et
1142 4273 1279 4326 nihil
1307 4287 1338 4326 a
1388 4279 1612 4340 paterna
1667 4267 1972 4340 substantia

399 4376 610 4436 ὤσει-ι,
649 4370 744 4426 sed
780 4379 865 4424 est
893 4362 1378 4420 indiscriminatim
1402 4359 1548 4415 idem
1583 4373 1648 4412 ac
1679 4358 1815 4426 ipse,
1858 4370 1969 4410 non

404 4479 585 4520 tamen
629 4474 882 4532 persona,
935 4470 1058 4527 qua:
1105 4453 1268 4508 docet
1302 4454 1369 4506 ab
1398 4467 1463 4506 eo
1499 4449 1686 4505 divine
1730 4447 1970 4518 genitum

400 4571 524 4611 esse
555 4553 814 4608 Verbum.

473 4727 563 4782 36.
596 4724 818 4780 Bonitas
848 4737 912 4778 ex
947 4719 1195 4777 bonitate
1231 4713 1589 4773 intellectuali
1623 4721 1878 4779 tanquam
1909 4723 1975 4761 ex

411 4820 560 4873 fonte
589 4832 685 4888 per
719 4813 1127 4887 generationem
1165 4821 1416 4870 manans,
1451 4819 1574 4859 cum
1608 4799 1850 4856 Verbum
1878 4799 1972 4861 sit,

406 4911 637 4966 verbum
675 4919 853 4962 autem
890 4907 1008 4961 sine
1059 4901 1267 4972 Spiritu
1300 4913 1462 4952 nemo
1491 4895 1824 4949 intellectum
1880 4890 1978 4942 ha-

410 4985 543 5056 bens
564 5000 857 5067 concipere
893 4997 1092 5066 possit,
1141 4993 1266 5048 ideo
1300 5000 1356 5045 et
1411 4988 1676 5057 Spiritum
1729 4992 1979 5036 sanctum

408 5091 554 5146 Deus
587 5088 680 5142 Dei
710 5084 950 5140 Verbum
979 5085 1144 5138 habet
1169 5095 1356 5147 secum
1388 5093 1450 5131 ex
1487 5075 1644 5127 Patre
1679 5070 1981 5140 proceden-

409 5195 517 5237 tem
551 5199 566 5236 :
598 5179 849 5250 spiritum
877 5190 1040 5246 porro
1069 5188 1176 5227 non
1207 5169 1440 5226 similem
1463 5165 1687 5234 spiritus
1714 5163 1983 5214 comitan-

410 5279 480 5331 tis
533 5277 762 5327 verbum
819 5267 1025 5322 nostris
1059 5264 1220 5317 labiis
1281 5260 1574 5331 prolatum,
1611 5270 1712 5308 nec
1746 5253 1982 5306 similem

2058 513 2374 583 περιϐάλλει
2402 527 2416 542 ο
2457 511 2553 564 καὶ
2605 511 2667 562 ἐκ
2726 509 2943 561 πάντων
2992 510 3191 560 νοεῖται
3232 507 3324 558 καὶ
3371 506 3620 558 καλεῖται

2057 608 2164 660 τῶν
2191 604 2432 673 ἀγαθῶν.
2466 604 2571 656 Καὶ
2606 602 2663 654 ἒν
2687 601 2778 654 καὶ
2797 599 2994 670 ἀληθές
3015 600 3180 663 ἐστιν,
3234 599 3370 668 ὅπερ
3422 597 3487 649 ἀν
3535 613 3622 659 τις

2059 702 2334 770 ἑννοήσειε
2355 696 2450 750 καὶ
2471 695 2603 766 εἴπῃ
2635 694 2762 762 περὶ
2817 693 2986 760 αὐτῆς
3017 690 3240 758 ἀγαθόν.
3303 689 3517 758 Ἐκείνη
3562 687 3620 740 δὲ

2047 795 2107 844 οὐ
2133 791 2290 844 τοῦτό
2317 791 2431 841 ἐστι
2471 788 2648 856 μόνον,
2676 787 2812 854 ὅπερ
2840 782 3053 854 άληθῶς
3079 785 3299 844 νοεῖται,
3352 779 3446 832 καὶ
3478 779 3615 848 παρ’

2045 881 2226 933 αὐτῶν
2251 879 2361 932 τῶν
2374 877 2612 944 θεοσόφῳ
2627 875 2702 942 νῷ
2717 873 3000 934 νοούντων,
3015 870 3106 923 καὶ
3127 871 3617 938 πνευματοκινήτφ

2045 970 2264 1040 γλώσσῃ
2341 966 2770 1034 θεολογοιΣιντωνο
2837 965 2950 1016 ἀλλ’
2981 963 3059 1026 ὡς
3111 963 3347 1034 ἄρρητός
3387 978 3447 1013 τε
3521 963 3620 1013 καὶ

2034 1062 2426 1131 κάπερινόητος,
2461 1057 2556 1110 xui.
2589 1056 2728 1126 ὑπὲρ
2758 1055 2930 1108 ταῦτά
2953 1057 3088 1116 ἐστι,
3122 1055 3217 1107 καὶ
3267 1051 3360 1105 τοῦ
3409 1051 3619 1106 ἑνιαίου

2047 1151 2138 1202 καὶ
2162 1149 2258 1217 τῆς
2285 1145 2599 1216 ὑπερφυοῦς
2617 1145 2916 1211 ἁπλότητος
2949 1145 3048 1197 οὐκ
3096 1144 3447 1198 ἀπολείπεται
3474 1159 3486 1172 ·
3517 1142 3622 1211 μία

2047 1233 2183 1290 οὖσα
2214 1235 2530 1303 πανάγαθος
2560 1235 2652 1286 καὶ
2701 1233 3052 1302 ὑπεράγαθος
3108 1231 3414 1301 άγαθὸτης·
3473 1232 3622 1282 κατὰ

1999 1355 2005 1361 -
2046 1328 2206 1382 τοῦτο
2236 1327 2344 1397 γὰρ
2375 1328 2533 1397 μόνον
2560 1327 2654 1378 καλ.
2687 1328 2890 1378 νοεῖται
2927 1326 3019 1378 καὶ
3047 1326 3314 1388 καλεῖται,
3342 1323 3436 1376 καὶ
3473 1324 3624 1375 κατὰ

2048 1420 2206 1472 τοῦτο
2231 1419 2381 1488 παρά
2425 1419 2600 1486 μόνων
2655 1418 2765 1469 τῶν
2823 1417 2960 1486 πρὸς
3017 1417 3118 1484 τὴν
3172 1417 3348 1468 κτίσιν
3402 1413 3624 1467 οἰκείων

2050 1509 2342 1580 ἐνεργειῶν
2395 1509 2424 1560 ό
2475 1505 2709 1576 Ποιητὴς
2759 1508 2856 1560 καὶ
2906 1506 3181 1574 Δεσπότης
3240 1505 3339 1573 τῆς
3385 1505 3627 1565 κτίσεως

2051 1599 2162 1670 [τσ,
2187 1599 2401 1663 λείπει,
2427 1599 2776 1669 γνωρίζεται,
2805 1597 2867 1665 ἣ,
2903 1597 3170 1666 φαίνεται,
3197 1595 3326 1664 ἤτοι
3361 1593 3625 1664 τοιοῦτο]

2051 1693 2132 1744 ὅτι
2168 1690 2284 1744 ἐστι
2311 1689 2646 1757 πανάγαθος,
2667 1691 2762 1743 καὶ
2812 1689 3158 1759 ὑπεράγαθος
3205 1687 3494 1756 ἀγαθότης,
3525 1687 3625 1738 οὐ·

1982 1784 2023 1838 Β
2056 1784 2175 1835 σίαν
2195 1781 2331 1851 ἔχων
2356 1783 2454 1851 τὴν
2489 1781 2819 1851 ἀγαθὸτητα.
2855 1781 2980 1834 Δι’δ
3013 1783 3105 1833 καὶ
3122 1780 3220 1848 τῆς
3266 1780 3401 1849 πρὸς
3451 1780 3626 1846 αὐτὴν

2054 1875 2450 1942 ἐναντιότητος,
2477 1873 2653 1944 πάντη
2691 1890 2750 1925 τε
2804 1873 2895 1924 καὶ
2937 1873 3154 1934 πάντως
3185 1872 3331 1924 ἐστὶν
3379 1870 3627 1924 ἀνεπίδε-

2053 1981 2216 2029 κτος·
2249 1965 2371 2017 οὐδὲ
2421 1968 2530 2035 γὰρ
2552 1964 2778 2034 οὐδεμιᾷ
2805 1964 3045 2016 ἐναντίον
3085 1963 3243 2034 οὐσίᾳ
3271 1963 3440 2015 ἐστίν.

2119 2055 2218 2108 λε’.
2249 2054 2312 2109 Ἦ
2337 2054 2650 2124 πανάγαθος
2679 2053 2818 2123 αὕτη
2850 2055 2943 2107 καὶ
2969 2054 3313 2124 ὑπεράγαθος
3331 2053 3631 2122 άγαθότης.

2053 2147 2148 2201 καὶ
2165 2147 2313 2218 πηγή
2328 2147 2473 2200 ἐστιν
2488 2147 2840 2217 ἀγαθότητος.
2859 2148 2964 2200 Καὶ
2979 2145 3136 2199 τοῦτο
3151 2146 3260 2215 γάρ
3277 2146 3483 2213 ἀγαθὸν
3497 2191 3509 2208 ,
3525 2147 3626 2199 καὶ

2051 2237 2272 2305 ἀγαθῶν
2297 2237 2357 2289 τὺ
2389 2237 2686 2307 ἀκρότατον
2703 2253 2718 2267 ο
2740 2237 2832 2290 καὶ
2859 2238 2956 2289 οὐκ
2987 2233 3055 2307 ἦν
3072 2239 3289 2290 ἀπεῖναι
3311 2240 3410 2304 τῆς
3430 2253 3633 2288 παντε-

2051 2328 2178 2391 λοῦς
2209 2329 2565 2398 ἀγαθότητος.
2612 2329 2768 2381 Ἐπεὶ
2809 2329 2866 2381 δὲ
2897 2329 3020 2392 νοῦς
3075 2331 3222 2381 ἐστιν
3253 2330 3284 2398 ἡ
3318 2329 3632 2399 ὑπερτελὴς

2058 2420 2154 2474 καὶ
2213 2420 2481 2491 παντελὴς
2537 2420 2832 2490 ἀγαοότης,
2899 2419 2950 2471 τί
2991 2419 3110 2472 ποτ’
3167 2419 3235 2472 ἂν
3291 2418 3481 2486 ἕτερον
3539 2403 3633 2486 εἴη

2053 2512 2112 2563 τὸ
2164 2511 2484 2580 πιράὒτῆς
2537 2511 2610 2573 ὼς
2651 2513 2712 2563 ὲκ
2768 2513 2950 2581 πηγῆς
3007 2510 3278 2580 προῖδν,ἧ
3312 2509 3496 2576 λόγος,
3524 2512 3630 2562 καὶ

2054 2600 2211 2667 λόγος
2240 2600 2300 2654 οὗ
2351 2601 2490 2653 κατά
2525 2599 2614 2652 τὸν
2639 2599 2904 2669 ἡμέτερον
2934 2601 3268 2670 προφορικὸν
3323 2601 3522 2668 λόγον;
3554 2602 3636 2655 Οὐ

2057 2692 2148 2746 νοῦ
2197 2692 2306 2760 γὰρ
2325 2686 2498 2754 οὗτος,
2555 2691 2689 2743 ἀλλὰ
2731 2690 2980 2760 σώματος
3029 2691 3106 2760 νῷ
3162 2693 3480 2759 κινουμένου
3508 2708 3521 2723 ·
3569 2695 3638 2745 οὐ

2056 2782 2197 2834 κατὰ
2226 2781 2315 2833 τὸν
2341 2781 2611 2851 ἡμέτερον
2641 2781 2942 2834 ἐνδιάθετον
2973 2781 3132 2848 λόγον
3165 2797 3180 2811 υ
3243 2782 3479 2850 φθόγγον
3521 2783 3640 2853 γάρ

2057 2869 2223 2922 οἱονεὶ
2252 2868 2445 2928 τύποις
2479 2871 2732 2932 κάκεῖνος
2761 2871 2818 2922 ὲν
2841 2870 2973 2939 ἡμῖν
2989 2869 3359 2940 διατιθέμενος
3388 2871 3602 2938 γίνεται
3621 2887 3636 2900 °

2058 2960 2175 3013 ἀλλ’
2200 2960 2322 3013 οὐδὲ
2342 2960 2485 3012 κατὰ
2510 2959 2600 3013 τὸν
2624 2961 2891 3031 ἡμέτερον
2952 2961 3012 3016 ἑν
3043 2960 3251 3031 διανοίᾳ
3309 2961 3490 3030 λόγον,
3527 2962 3641 3016 κᾶν

2060 3051 2229 3121 χωρὶς
2252 3051 2504 3120 φθόγγων
2529 3047 2582 3126 ᾖ,
2619 3052 2895 3116 ἐπιϐολαῖς
2914 3053 3225 3120 ἀσωμάτοις
3275 3054 3454 3124 πάντη
3491 3071 3607 3123 συμ
3623 3084 3642 3095 -

2060 3143 2496 3214 περαιούμενοςο
2559 3145 2812 3207 κάκεῖνος
2846 3143 2953 3215 γὰρ
3001 3145 3122 3214 μεθ’
3164 3147 3310 3215 ἡμᾶς
3341 3147 3480 3210 ἐστι,
3536 3147 3646 3200 καὶ

2061 3234 2469 3305 διαλειμμάτων
2493 3236 2686 3301 δεῖται,
2711 3237 2807 3290 καὶ
2831 3237 3099 3306 χρονικῶν
3124 3237 3222 3292 οὐκ
3261 3237 3459 3306 ὀλίγων
3513 3238 3643 3292 διαε-

2064 3343 2162 3397 στη
2173 3327 2376 3395 μάτων,
2405 3327 2712 3392 διεξοδικῶς
2736 3329 2964 3399 προῖὼν,
2995 3329 3088 3383 καὶ
3118 3329 3177 3393 ἐξ
3194 3331 3368 3400 ἀρχῆς
3390 3330 3644 3394 ἀτελοῦς,

2065 3411 2201 3481 πρὸς
2233 3410 2295 3464 τὸ
2323 3414 2537 3477 ἐντελὲς
2602 3418 2974 3486 συμπέρασμα
3036 3418 3410 3488 προαγόμενος
3435 3435 3451 3450 ο
3500 3419 3646 3473 ἀλλὰ

2065 3503 2204 3557 κατά
2229 3504 2318 3556 τὸν
2349 3506 2603 3576 ὲμιρύτως
2627 3510 2783 3577 ἡμῖν,
2809 3509 2867 3575 ἐξ
2893 3504 2954 3562 οὗ
2977 3510 3285 3579 γεγόναμεν
3341 3509 3493 3580 παρᾶ
3539 3509 3642 3565 τοῦ

2067 3597 2354 3659 κτίσαντος
2385 3599 2533 3669 ἡμᾶς
2554 3600 2675 3651 κατ’
2715 3600 2900 3652 είκόνα
2947 3601 3174 3666 οἰκείαν,
3217 3601 3650 3670 ὲναποκείμενον

2065 3687 2144 3755 τῷ
2170 3687 2246 3758 νῷ
2265 3687 2440 3755 λόγον,
2469 3689 2566 3760 τὴν
2591 3691 2676 3742 ἀεὶ
2708 3691 3161 3761 συνυπάρχουσαν
3219 3692 3368 3762 αὐτῷ
3417 3693 3650 3759 γνῶσιν,

2066 3779 2186 3847 ἥτις
2214 3779 2306 3831 καὶ
2330 3779 2564 3846 μάλιστα
2617 3782 2733 3834 ἐκεῖ
2791 3784 2883 3834 ἐπὶ
2930 3783 3022 3835 τοῦ
3080 3783 3337 3836 ἀνωτάτω
3392 3782 3485 3835 νοῦ
3543 3787 3654 3850 τῆς

2069 3869 2364 3933 παντελοῦς
2393 3874 2486 3924 καὶ
2513 3873 2845 3942 ὑπερτελοῦς
2878 3874 3234 3943 ἀγαθότητος,
3255 3874 3391 3944 ,παρ’
3477 3875 3653 3943 μηδὲν

2069 3959 2278 4023 ἀτελὲς,
2329 3963 2470 4030 πλὴν
2521 3957 2616 4016 τοῦ
2668 3965 2726 4030 ἐξ
2785 3965 2952 4034 αὐτῆς
3015 3961 3177 4027 εἶναι,
3252 3967 3432 4017 πάντα
3495 3967 3654 4019 ἐστὶν

2069 4050 2506 4122 ἀπαραλλάκτως
2527 4054 2624 4108 ὃσα
2653 4055 2858 4125 ἐκείνη.
2885 4057 2962 4108 Δι’
2993 4055 3022 4108 δ
3045 4056 3140 4108 xui.
3183 4055 3309 4118 Υἱὸς
3331 4057 3358 4107 ὁ
3385 4054 3654 4107 ἀνωτάτω

2071 4141 2243 4208 Λόγος
2270 4143 2383 4196 ἐστι
2415 4161 2474 4196 τε
2497 4145 2590 4197 καὶ
2615 4146 2749 4215 παρ’
2778 4147 2934 4215 ἡμῶν
2953 4146 3216 4222 καλεῖται·
3235 4145 3300 4198 ἵν’
3331 4144 3656 4212 ὲπιγνῶμεν

2071 4233 2234 4286 αὐτὸν
2268 4235 2395 4288 ὄντα
2417 4236 2642 4297 τέλειον,
2678 4239 2736 4289 ὲν
2761 4238 3053 4290 ὑποστάσει
3081 4237 3262 4307 τελείᾳ
3298 4253 3356 4288 τε
3401 4237 3492 4288 καὶ
3513 4235 3654 4305 ἰδίᾳ,

2073 4325 2149 4387 ὼς
2171 4325 2233 4377 ὲκ
2266 4325 2360 4378 τοῦ
2397 4326 2613 4397 Πατρδς
2628 4327 2778 4391 ὄντα,
2823 4329 2914 4380 καὶ
2954 4324 3095 4380 κατά
3127 4326 3294 4395 μηδὲν
3318 4325 3655 4393 λειπόμενον

2003 4439 2049 4496 D
2072 4418 2171 4487 τῆς
2203 4420 2475 4490 πατρικῆς
2498 4421 2706 4484 οὐσίας,
2732 4418 2847 4473 ἀλλ’
2891 4417 3325 4488 ἀπαραλλάκτως
3359 4415 3453 4468 τὸν
3485 4415 3656 4467 αὐτὸν

2077 4509 2267 4580 ἐκείνῳ
2293 4511 2441 4577 ὄντα,
2462 4513 2509 4565 εἰ
2530 4510 2624 4565 καὶ
2639 4513 2711 4581 μὴ
2737 4509 3190 4570 καθ’ὑπόστασιν,
3212 4509 3244 4577 ἡ
3274 4507 3335 4560 τὸ
3351 4507 3410 4571 ἑξ
3437 4504 3656 4559 ἐκείνου

2073 4605 2344 4675 γεννητῶς
2374 4604 2692 4672 θεοπρεπῶς
2720 4599 2856 4655 εἶναι
2889 4601 3184 4672 παρίστησι
3221 4601 3312 4653 τον
3346 4600 3542 4666 Λόγον.

2141 4693 2249 4761 λς’.
2292 4693 2356 4746 'H
2387 4693 2683 4761 ἀγαθότης.
2715 4695 2748 4761 ἡ
2780 4691 2855 4753 ὡς
2881 4690 3062 4761 πηγῆς
3093 4691 3191 4758 τῆς
3227 4689 3419 4758 νοερᾶς
3443 4686 3658 4754 ἀγιιθό⁹

2073 4804 2231 4860 τητος
2260 4782 2850 4856 προῖοῦσα,γεννητῶς,
2881 4783 3003 4833 ἐπεὶ
3054 4781 3209 4848 λόγος
3241 4780 3374 4843 ἐστὶ,
3410 4779 3568 4846 λόγον

2076 4858 2386 4950 πνεύματος
2415 4877 2586 4949 χωρὶς
2613 4877 2713 4928 οὐκ
2742 4875 2808 4929 ἀν
2828 4892 2911 4938 τις
2941 4873 3065 4926 νοῦν
3114 4873 3251 4942 ἔχων
3310 4870 3620 4939 ἐννοήσειεν
3639 4858 3658 4897 ³

2075 4976 2162 5030 διὰ
2191 4973 2348 5026 τοῦτο
2376 4971 2468 5024 καὶ
2494 4971 2555 5022 τὸ
2591 4966 2812 5036 Πνεῦμα
2841 4966 2903 5018 τὸ
2949 4965 3102 5033 ἆγιον
3141 4967 3169 5019 ὁ
3214 4965 3278 5016 ὲκ
3322 4959 3456 5013 Θεοῦ
3519 4958 3662 5022 Θεὸς

2027 5063 2029 5066 ⁴
2078 5067 2248 5135 Λόγος
2282 5060 2582 5132 συμπροῖὸν
2619 5061 2684 5110 ὲκ
2725 5056 2821 5109 τοῦ
2867 5041 3077 5125 Πατρός
3112 5054 3245 5123 ἔχει.
3304 5049 3527 5118 Πνεῦμα
3575 5047 3662 5114 δὲ,

2078 5161 2138 5213 οὐ
2173 5157 2312 5211 κατά
2333 5155 2392 5207 τὸ
2420 5153 2576 5206 συνὸν
2606 5151 2683 5220 τῷ
2712 5149 2964 5220 ἡμετέρῳ
2992 5147 3076 5201 διὰ
3108 5146 3215 5198 τῶν
3239 5142 3459 5214 χειλέων
3487 5140 3663 5208 λόγῳ,

2079 5249 2192 5304 ἀλλ’
2223 5247 2344 5300 οὐδὲ
2371 5243 2514 5299 κατά
2535 5243 2595 5296 τὸ
2632 5243 2810 5303 συνὸν,
2835 5241 2883 5292 εί
2933 5240 3027 5292 καὶ
3061 5237 3388 5306 ἁσωμάτως,
3423 5231 3500 5300 τῷ
3531 5231 3663 5284 καθ’

409 5366 632 5434 spiritus
668 5362 748 5416 vel
778 5354 1137 5423 incorporalis
1162 5351 1440 5421 conjuncti
1477 5347 1641 5402 verbo
1664 5345 1809 5416 quod
1839 5345 1954 5398 iulu

2079 5342 2227 5412 ἡμᾶς
2290 5336 2579 5404 ὲνδιαθέτῳ
2646 5332 2740 5386 καὶ
2819 5332 2960 5384 κατὰ
3018 5329 3255 5383 διάνοιαν
3320 5326 3501 5394 λόγῳ·
3559 5323 3666 5374 κά-

411 5455 788 5525 componimus
817 5461 908 5504 aut
951 5449 1094 5518 quod
1141 5446 1465 5514 cogitamus,
1500 5456 1627 5495 nam
1691 5440 1795 5492 iste
1820 5439 1983 5491 etiam

411 5557 494 5603 est
527 5554 755 5601 conatus
780 5543 1000 5610 quidam
1039 5538 1346 5594 intellectus
1397 5548 1522 5587 cum
1575 5529 1744 5584 verbo
1791 5539 1981 5582 nostro

414 5636 758 5691 collaboraus
779 5630 1176 5701 temporaliter,
1202 5627 1508 5696 iisdemque
1531 5621 1786 5688 indigens
1813 5619 1984 5672 inter-

417 5725 597 5793 vallis,
628 5737 681 5781 et
707 5741 772 5781 ex
803 5723 1124 5794 imperfecto
1160 5720 1228 5776 ad
1261 5721 1562 5791 perfectum
1597 5701 1981 5783 progrediens.

2082 5436 2229 5487 κεῖνο
2257 5430 2366 5499 γὰρ
2393 5429 2537 5497 ὁρμή
2571 5425 2651 5488 τίς
2685 5426 2798 5477 ἐστι
2827 5424 2923 5476 τοῦ
2959 5421 3072 5485 νοῦ,
3107 5418 3183 5483 τῷ
3216 5416 3470 5487 ἡμετέρῳ
3513 5413 3667 5483 λόγῳ

2086 5521 2561 5588 συνδιατεινομένη
2601 5515 2892 5587 χρονικῶς,
2958 5514 3052 5566 καὶ
3109 5508 3492 5577 διαστημάτων
3540 5505 3667 5556 δεοο

2089 5620 2223 5687 μένη
2253 5612 2358 5666 τῶν
2387 5611 2592 5673 αὐτῶν,
2627 5609 2722 5661 καὶ
2752 5607 2811 5670 ἐξ
2840 5604 3061 5664 ἀτελοῦς
3083 5601 3315 5674 πρῖοῦσα
3342 5601 3421 5660 είς
3449 5595 3672 5648 τελείω-

2089 5725 2193 5762 σιν.
2237 5705 2444 5759 Ἐκεῖνο
2463 5702 2517 5756 δὲ
2555 5700 2614 5755 τὸ
2652 5697 2874 5764 Πνεῦμα
2908 5696 2997 5751 τοῦ
3025 5695 3284 5750 ἀνωτάτω
3315 5690 3515 5747 Λόγου,
3549 5681 3668 5740 οἷόν
