3962 6208
352 314 493 380 1145

1260 314 1532 374 CAPITA
1584 318 1925 392 PHYSlCA,
1969 321 2476 391 TIIEOLOGICA,
2506 320 2668 381 ETC.

3461 314 3593 380 1146

357 449 439 493 τις
466 432 600 499 ἔρως
635 428 1111 503 ἐστὶθάπόρῤητος
1146 430 1239 484 τοῦ
1274 432 1599 503 Γεννήτορος
1642 430 1776 499 πρὸς
1830 430 1912 482 οὐ·

2021 430 2109 484 llle
2127 440 2306 484 autem
2334 428 2561 498 spiritus
2585 426 2828 497 supremi
2852 426 3000 480 verbi
3022 426 3275 482 est’velut
3300 426 3593 480 inell'abilis

358 526 448 576 τὸν
476 521 564 574 τὸν
603 521 930 592 ἀπορῤήτως
959 524 1288 593 γεννηθέντα
1314 526 1487 591 Λόγον
1513 540 1527 554 ⁸
1554 517 1598 589 ᾧ
1642 524 1732 574 καλ⁵
1760 519 1924 583 αὐτὸς

355 613 384 664 ὁ
415 609 505 663 τοῦ
530 609 741 678 Πατρδς
772 611 1068 680 ἐπέραστος
1100 612 1256 678 λόγος
1288 614 1382 666 καὶ
1405 614 1530 676 Υἱὸς
1552 611 1754 681 χρῆται
1785 611 1922 679 πρὶς

353 702 447 755 τὸν
463 701 769 771 Γεννήτορα
798 717 813 731 ·
844 701 960 755 ἀλλ’
990 703 1065 766 ὡς
1092 704 1156 757 ἐκ
1188 704 1284 757 τοῦ
1318 705 1529 774 Πατρὸς
1572 704 1712 773 ἔχων
1760 701 1920 754 αὐτὸν

354 806 826 874 συμπροελθόντα,
861 808 954 859 καὶ
981 809 1242 875 συμφυῶς
1267 810 1324 861 ὲν
1376 810 1525 880 αὐτῷ
1569 812 1923 882 ἀναπαυόμε-

348 913 462 949 νον.
494 892 708 964 Παρόὗ
746 898 924 963 Λόγου
954 899 1041 950 διὰ
1101 900 1299 967 σαρκὸς
1360 902 1722 971 ὁμιλήσαντος
1768 906 1920 973 ἡμῖν,

350 985 447 1037 xxi
467 985 527 1037 τὸ
554 986 721 1053 ὖνομα
748 990 844 1053 τῆς
876 988 1134 1057 διαφόρου
1170 990 1322 1059 παρὰ
1350 990 1445 1044 τοῦ
1500 992 1711 1061 Πατρὸς
1749 994 1923 1063 ὑπάρ-

349 1076 486 1139 ξεως
523 1075 881 1146 ἐδιδάχθημεν
906 1081 998 1128 τοῦ
1036 1079 1351 1147 Πνεύματος
1382 1097 1394 1110 ·
1421 1085 1513 1133 καὶ
1553 1082 1627 1150 μὴ
1658 1083 1752 1135 τοῦ
1815 1085 1923 1136 Πα-

351 1162 478 1231 τρός
509 1160 649 1216 εἶναι
681 1164 839 1217 τοῦτο
866 1167 1049 1233 μόνον,
1089 1167 1223 1220 ἀλλά
1245 1170 1338 1219 καὶ
1359 1169 1545 1222 αὐτοῦ.
1579 1171 1651 1221 Τὸ
1700 1171 1923 1240 Πνεῦμα

350 1254 477 1324 γὰρ,
510 1255 663 1323 φησι,
691 1256 788 1322 τῆς
817 1255 1098 1324 ἀληθείας,
1126 1257 1153 1308 ὃ
1176 1259 1328 1326 παρὰ
1359 1259 1451 1310 τοῦ
1498 1254 1715 1330 Πατρὸς
1753 1261 1919 1312 ἐκπο-

355 1342 593 1412 ρεύεται,
631 1343 708 1394 ἵν’
735 1345 894 1413 ἡμεῖς
923 1345 1236 1413 ἐπιγνῶμεν
1273 1346 1333 1398 ού
1373 1347 1546 1413 Λόγον
1581 1347 1763 1417 μόνον,
1788 1348 1921 1400 ἀλλὰ

350 1436 445 1487 καὶ
472 1434 693 1504 Πνεῦμα
736 1436 800 1487 ὲκ
840 1434 933 1487 τοῦ
988 1436 1217 1506 Πατρός,
1276 1437 1336 1489 οὐ
1392 1438 1749 1506 γεννώμενον,
1805 1437 1918 1491 ἀλλ’

302 1558 309 1563 -
350 1525 807 1595 ἐκπορευόμενον,
859 1524 918 1576 ὃν
951 1524 1005 1577 δὲ
1035 1524 1128 1577 τοῦ
1177 1525 1327 1590 Υἱοῦ,
1351 1526 1500 1595 παρά
1561 1527 1652 1579 τοῦ
1687 1527 1918 1597 ,Πατρός

348 1614 493 1665 τοῦτ’
526 1615 759 1683 ἔχοντος,
788 1614 865 1677 ὡς
912 1613 1186 1680 ἀληθείας,
1219 1615 1310 1667 καὶ
1361 1616 1569 1682 σοφίας,
1615 1617 1709 1668 καὶ
1759 1616 1916 1684 λόγου

348 1705 592 1772 Πνεῦμα.
617 1706 790 1772 Λόγος
829 1706 936 1774 γὰρ
963 1707 998 1774 η
1027 1706 1250 1775 ἀλήθεια
1273 1703 1365 1757 καὶ
1404 1708 1436 1776 ἡ
1491 1707 1649 1774 σοφία
1678 1707 1755 1776 τῷ
1789 1709 1935 1759 Γενοι

346 1805 534 1875 νήτορι
562 1803 917 1873 κατάλληλος,
954 1803 1010 1865 ὃς
1044 1804 1119 1873 τῷ
1150 1805 1325 1874 Πατρὶ
1351 1804 1435 1856 ἐπ’
1468 1805 1617 1873 αὐτῷ
1650 1805 1913 1874 χαίροντι,
1940 1802 1947 1879 ξ

349 1894 546 1962 συγχαί
556 1911 659 1963 ρει,
691 1894 831 1945 κατὰ
859 1894 918 1945 τὸ
958 1893 1087 1961 παρ’
1119 1893 1282 1947 αὐτοῦ
1315 1894 1402 1947 διά
1441 1894 1536 1947 τοῦ
1572 1895 1915 1964 Σολομῶντος

348 1986 674 2053 εἰρημένον*
739 1999 757 2033 ι
805 1980 946 2050 Ἐγὼ
1006 1984 1173 2052 ήμην,
1227 1987 1260 2052 ἢ
1325 1984 1640 2054 συνέχαιρον
1688 1985 1853 2054 αὐτῷ.
1889 2004 1907 2034 ι

344 2076 460 2128 Οὐκ
489 2073 728 2143 ἔχαιρον,
761 2072 932 2136 εἶπεν,
969 2072 1103 2125 ἀλλὰ
1154 2074 1467 2143 συνέχαιρον
1489 2092 1502 2105 ’
1559 2074 1695 2141 αὕτη
1744 2075 1849 2145 γὰρ
1875 2077 1909 2143 ἡ

343 2166 559 2235 Πατρός
579 2182 637 2217 τε
672 2165 768 2218 καὶ
800 2164 927 2216 Υἰοῦ
966 2162 1286 2234 προαιὼνιος
1314 2166 1477 2234 χαρὰ,
1503 2165 1562 2217 τὸ
1592 2165 1813 2235 Πνεῦμα
1851 2168 1912 2219 τὸ

342 2257 496 2326 ἅγιόν
529 2260 697 2321 ἐστιν,
736 2257 810 2320 ὡς
833 2258 1007 2311 κοινὸν
1043 2258 1140 2328 μὲν
1171 2258 1353 2320 αὐτοῖς
1386 2259 1525 2311 κατὰ
1571 2259 1668 2327 τὴν
1717 2261 1911 2330 χρῆσιν

347 2351 439 2415 (δι’
460 2349 489 2400 ὃ
513 2349 640 2418 παρ’
669 2350 995 2418 ἀμφοτέρων
1029 2350 1123 2401 καὶ
1158 2352 1293 2420 πρὸς
1318 2350 1443 2412 τοὺς
1476 2350 1660 2415 ἀξίους
1694 2353 1911 2421 πέμπε-

340 2437 477 2508 ται)·
500 2439 657 2509 μόνου
684 2440 739 2492 δὲ
762 2439 855 2490 τοῦ
891 2436 1255 2508 Πατρὸς’καθ’
1284 2440 1518 2511 ὓπαρξιν
1543 2443 1811 2514 ὑπάρχον,
1840 2444 1908 2497 δι’

341 2530 373 2583 ὃ
402 2532 498 2584 καὶ
524 2532 653 2600 παρ’
675 2530 839 2584 αὐτοῦ
883 2531 1045 2600 μόνου
1074 2531 1450 2599 ἑκπορεύεται;
1490 2532 1609 2585 καθ’
1646 2531 1903 2601 ὓπαρξιν.

412 2619 511 2684 λζ’.
542 2619 745 2672 Τούτου
782 2619 875 2673 τοῦ
907 2620 1166 2673 ἀνωτάτω
1193 2620 1392 2691 ἔρωτος
1424 2622 1522 2692 τὴν
1547 2624 1749 2688 εἰκόνα,
1772 2624 1864 2676 καὶ
1883 2624 1911 2675 ό

341 2715 464 2766 κατ’
489 2713 671 2764 εἰκόνα
688 2711 781 2764 τοῦ
805 2712 939 2764 Θεοῦ
964 2712 1205 2775 κτισθεὶς
1239 2716 1271 2783 ἡ
1282 2713 1396 2782 μῶν
1427 2714 1539 2783 ἔχει
1587 2714 1729 2779 νοῦς,
1775 2716 1911 2782 πρὸς

341 2806 442 2872 τὴν
469 2804 599 2872 παρ’
633 2804 797 2857 αὑτοῦ
836 2807 926 2856 καὶ
961 2807 1019 2855 ὲν
1046 2805 1191 2875 αὐτῷ
1244 2807 1506 2875 διηνεκῶς
1562 2808 1910 2879 ὑπάρχουσαν

341 2892 565 2959 γνῶσιν.
593 2894 727 2962 Παρ’
753 2894 918 2947 αὑτοῦ
946 2895 1037 2946 καὶ
1065 2897 1121 2946 ὲν
1170 2897 1316 2965 αὐτῷ
1370 2898 1465 2951 καὶ
1519 2898 1706 2954 τοῦτον
1759 2898 1906 2961 ὄντα,

341 2982 437 3036 καὶ
505 2985 873 3054 συμπροῖόντα
938 2987 1070 3056 παρ’
1087 2986 1250 3039 αὐτοῦ
1311 2987 1388 3058 τῷ
1444 2989 1705 3060 ὲνδοτάτῳ
1746 2990 1907 3059 λόγῳ.

342 3076 454 3129 Καὶ
481 3076 672 3129 τούτου
710 3077 907 3146 δεῖγμα
957 3079 1372 3148 ἐναργέστατον,
1416 3081 1663 3150 καὶιτοῖς
1715 3084 1788 3153 μὴ
1844 3084 1908 3135 τὰ
1939 3099 1985 3164 C

343 3167 610 3221 ἐνδοτάτω
636 3169 843 3221 ἑαυτῶν
896 3170 1209 3239 δυναμένοις
1259 3172 1519 3242 καθορᾷν,
1581 3175 1613 3242 ἡ
1664 3176 1797 3243 πρὸς
1850 3173 1911 3226 τὸ

342 3258 541 3311 εἰδέναι
587 3259 694 3311 τῶν
758 3258 1060 3327 ἀνθρώπων
1113 3260 1406 3330 ἀκόρεστος
1446 3262 1666 3329 ἔφεσις·
1711 3264 1905 3315 ἀλλ’ἑν

339 3348 532 3419 ἐκείνῳ
555 3348 633 3418 τῷ
665 3349 955 3419 ἀρχετύπῳ
984 3365 998 3381 ·
1024 3352 1082 3402 ὲν
1125 3352 1308 3422 ἐκείνη
1359 3355 1423 3421 τῇ
1464 3352 1765 3421 παντελείῳ
1814 3353 1904 3405 καὶ

342 3428 630 3504 ὑπερτελεί
654 3437 974 3505 ἀγαθότητι,
1028 3439 1159 3508 παρ’
1286 3441 1451 3510 μηδὲν
1497 3440 1685 3503 ἀτελές
1722 3458 1736 3472 ο
1768 3442 1906 3511 πλὴν

337 3527 434 3579 τοῦ
468 3527 528 3591 ἐξ
554 3528 725 3597 αὐτῆς
771 3524 931 3593 εἶναι,
992 3530 1170 3582 πάντα
1219 3529 1372 3582 ἐστὶν
1420 3531 1908 3601 ἀπαραλλάκτωςό

341 3617 483 3681 θεῖος
507 3618 644 3690 ἔρως
671 3620 772 3673 ὅσα
797 3618 979 3687 ἐκείνη
1011 3636 1025 3651 ·
1064 3619 1133 3672 δι’
1160 3620 1188 3672 ὃ
1247 3621 1340 3673 καὶ
1378 3620 1597 3689 Πνεῦμα
1622 3621 1793 3689 ἅγιον,
1814 3620 1907 3673 καὶ

342 3709 699 3779 Παράκλητος
726 3710 903 3774 ἀλλος,
929 3706 1079 3773 οὗτος
1102 3710 1213 3762 ἔστι
1244 3727 1300 3763 τε
1341 3711 1434 3763 καὶ
1462 3712 1590 3780 παρ’
1610 3711 1769 3779 ἡμῶν
1813 3727 1909 3763 κα-

339 3797 533 3864 λεῖται,
588 3800 661 3862 ὡς
720 3804 796 3869 τῷ
839 3801 999 3868 Λόγῳ
1067 3803 1581 3871 συμπαρομαρτῶνο
1633 3802 1699 3853 ἶν’
1747 3804 1907 3871 ήμεῖς

343 3890 658 3960 ἐπιγνῶμεν
697 3892 822 3944 ὄντα
858 3892 1084 3953 τέλειον,
1114 3895 1171 3944 ὲν
1205 3894 1499 3947 ὑποστάσει
1534 3892 1714 3964 τελεία
1734 3911 1791 3945 τε
1815 3893 1909 3946 καὶ

342 3982 469 4052 ἰδέᾳ,
510 3982 650 4034 κατὰ
679 3982 841 4051 μηδὲν
872 3985 965 4035 καὶ
989 3983 1150 4035 αὑτὸν
1173 3983 1493 4052 λειπόμενον
1540 3985 1637 4053 τῆς
1667 3983 1762 4036 τοῦ
1794 3985 1907 4036 [Ια-

336 4072 466 4141 τρὸς
490 4074 677 4136 οὐσίας
700 4091 715 4105 θ
756 4075 870 4127 ἀλλ’
902 4075 1337 4144 ἀπαραλλάκτως
1357 4075 1483 4128 ὄντα
1518 4076 1610 4129 τὸν
1641 4076 1803 4128 αὑτὸν
1832 4075 1909 4144 τῷ

333 4179 396 4213 τε
428 4163 539 4232 Tit?)
565 4165 654 4215 καὶ
681 4164 758 4233 τῷ
784 4164 979 4234 Πατρὶ,
1028 4166 1075 4216 εἰ
1107 4166 1201 4217 καὶ
1230 4166 1303 4233 μὴ
1352 4165 1475 4217 καθ’
1497 4166 1814 4229 ὑπόστασιν,
1848 4167 1910 4235 ἧ-

335 4264 418 4312 τις
450 4250 516 4303 ἐκ
542 4250 636 4302 τοῦ
667 4250 801 4304 Θεοῦ
827 4251 1144 4322 θεοπρεπῶς
1168 4251 1511 4319 ἐκπορευτῶς
1535 4251 1674 4306 εἶναι
1723 4256 1909 4308 τοῦτον

338 4340 669 4409 παρίστησιν
698 4341 830 4411 ἡμῖν
854 4358 867 4372 ·
898 4342 993 4394 καὶ
1024 4342 1309 4411 σεφθῶμεν
1356 4342 1450 4393 ἕνα
1479 4342 1611 4395 Θεὸν
1645 4340 1817 4414 ἀληθῆ
1848 4362 1907 4396 τε

2018 521 2237 587 quidam
2296 519 2572 573 Genitoris
2604 533 2729 587 erga
2786 516 3137 571 ineffabiliter
3167 518 3409 586 genitum
3460 515 3592 569 illud

2022 612 2254 666 Verlmm
2299 624 2474 671 amor,
2516 625 2624 678 quo
2655 610 2832 679 ipsum
2870 608 3046 661 Patris
3083 608 3315 663 amabile
3344 608 3583 661 Verbum

2017 716 2072 758 et
2128 703 2293 757 Filius
2347 703 2644 771 genitorem
2705 701 2973 764 redamat,
3008 711 3061 753 et
3128 716 3293 768 quem
3330 701 3493 755 habet
3534 709 3593 756 ut

2021 810 2204 849 secum
2230 810 2294 847 ex
2330 795 2489 848 Patre
2542 796 2925 861 procedentem
2974 801 3028 846 et
3074 794 3264 848 intime
3310 792 3363 846 in
3410 794 3594 862 seipso

2021 889 2477 955 requiescentem.
2520 887 2671 953 Quod
2726 887 2945 956 quidem
2980 885 3212 939 Verbum
3292 884 3589 939 carnaliter

2021 980 2179 1034 nobis
2204 990 2580 1035 cmtversatum
2617 994 2718 1033 nos
2750 979 2933 1032 docuit
2966 994 3160 1032 nomen
3197 979 3417 1031 alterius
3466 992 3590 1045 per-

2020 1087 2166 1127 sona:
2198 1074 2340 1127 illius
2388 1088 2416 1124 a
2441 1073 2599 1124 Patre
2630 1072 2994 1141 procedentis.
3059 1071 3276 1125 scilicet
3298 1071 3590 1139 :Spiritus.

2021 1172 2077 1218 et
2105 1166 2245 1216 lnmc
2275 1177 2395 1217 esse
2423 1176 2528 1215 non
2564 1163 2740 1216 solum
2772 1160 2971 1223 Patris.
3037 1160 3133 1214 sed
3195 1169 3250 1212 et
3306 1161 3592 1229 suiipsius.

2022 1252 2166 1306 Dicit
2218 1254 2361 1306 enim
2404 1252 2447 1282 ¹³
2484 1270 2497 1306 :
2531 1270 2547 1303 ι
2606 1251 2865 1320 Spiritum
2903 1250 3183 1309 veritatis,
3242 1252 3332 1317 qui
3367 1267 3393 1301 a
3429 1250 3590 1303 Patre

2023 1347 2293 1414 procedit,
2334 1362 2352 1396 ι
2408 1353 2469 1397 ιιι
2531 1358 2821 1397 nosc:unns
2876 1358 2983 1396 non
3020 1342 3261 1397 Verbum
3300 1342 3589 1402 duntaxat,

2028 1452 2215 1490 verum
2244 1435 2409 1489 etiam
2440 1434 2729 1504 Spiritum,
2765 1435 2855 1501 qui
2889 1449 2955 1485 ex
2983 1434 3144 1485 Patre
3180 1448 3281 1483 non
3328 1441 3409 1484 est
3438 1432 3593 1499 geni—

2025 1536 2134 1593 tus,
2169 1528 2260 1581 sed
2290 1527 2555 1595 procedit,
2610 1534 2664 1579 et
2692 1525 2783 1594 qui
2814 1533 2895 1578 est
2939 1526 3106 1579 etiam
3162 1522 3304 1585 Filii,
3362 1524 3535 1585 ipsum
3563 1537 3590 1573 a

2024 1618 2181 1672 Patre
2215 1618 2489 1681 habentis,
2547 1625 2604 1671 ut
2635 1616 2876 1670 veritatis
2910 1616 3298 1684 sapientiaeque
3331 1625 3383 1666 et
3422 1612 3588 1666 Verbi

2024 1706 2311 1773 Spiritum.
2361 1706 2492 1759 Nam
2557 1706 2759 1760 veritas
2797 1706 3170 1774 sapientiaque
3222 1716 3304 1758 est
3356 1704 3589 1757 Verbum

2021 1798 2265 1852 Genitori
2323 1799 2791 1861 consimillimum,
2828 1798 2971 1864 quod
3021 1797 3166 1851 Patri
3199 1797 3267 1851 de
3304 1802 3421 1864 ipso
3459 1812 3592 1866 gan-

2020 1891 2166 1943 deuti
2208 1891 2539 1959 congaudet,
2572 1888 2721 1956 juxta
2761 1888 2895 1942 illud
2948 1890 3014 1941 ab
3049 1889 3164 1955 ipso
3220 1903 3314 1955 per
3344 1888 3595 1940 Salomo-

2022 1995 2145 2032 nmn
2176 1980 2378 2034 dictum
2411 1997 2425 2032 :
2469 1998 2486 2029 ι
2529 1978 2640 2049 Εςο
2679 1994 2826 2033 eram
2856 1994 2975 2048 qua:
3007 1995 3132 2033 cum
3192 1995 3254 2033 eo
3285 1980 3593 2046 congaude-

2021 2073 2166 2126 bam.
2206 2091 2221 2121 ι
2260 2070 2373 2125 Non
2411 2073 2485 2124 ait
2535 2071 2847 2139 gaudebam,
2892 2071 2983 2123 sed
3019 2073 3404 2140 congaudebam
3436 2082 3455 2131 ς
3490 2068 3593 2121 hoc

2019 2167 2167 2219 enim
2197 2162 2373 2216 Patris
2408 2172 2462 2216 et
2488 2160 2607 2215 Filii
2646 2172 2775 2217 ante
2809 2162 3006 2217 saecula
3047 2162 3323 2231 gaudium,
3354 2169 3436 2215 est
3471 2159 3595 2229 Spi-

2022 2256 2161 2308 ritus
2193 2261 2435 2317 sanctus,
2461 2269 2568 2320 quo
2603 2252 2676 2306 illi
2705 2244 3070 2306 communiter
3092 2260 3413 2315 coutnntur,
3446 2251 3593 2303 unde

2018 2349 2085 2399 ab
2112 2356 2345 2412 utroque
2388 2343 2627 2397 mittitur
2679 2345 2747 2398 ad
2778 2344 3129 2413 dignos;sed
3163 2343 3230 2396 ab
3272 2359 3378 2395 uno
3430 2340 3592 2395 Patre

2019 2435 2287 2503 originem
2343 2434 2515 2500 ducit,
2570 2434 2804 2504 ideoque
2862 2433 2933 2487 ab
2985 2447 3052 2489 eo
3088 2433 3205 2488 solo
3234 2432 3594 2502 personaliter

2019 2526 2287 2594 procedit.

2087 2620 2171 2673 '57.
2211 2617 2359 2672 lllius
2393 2618 2636 2686 supremi
2672 2618 2877 2672 amoris
2924 2617 3215 2687 imaginem
3263 2625 3478 2670 creatus
3524 2614 3593 2669 ad

2018 2710 2309 2778 imaginem
2346 2710 2438 2763 Dei
2477 2710 2783 2763 intellectus
2811 2719 2998 2763 noster
3028 2708 3214 2770 habet,
3241 2723 3373 2777 erga
3406 2708 3593 2776 cogni-

2018 2802 2223 2855 tionem
2249 2816 2278 2855 a
2301 2816 2359 2857 se
2393 2810 2446 2856 et
2471 2802 2521 2855 in
2545 2817 2603 2855 se
2627 2802 2825 2871 iugiter
2861 2812 3212 2869 conceptam.
3243 2800 3304 2853 Et
3328 2802 3417 2853 hic
3437 2812 3592 2852 amor

2018 2896 2084 2947 ab
2114 2909 2177 2947 eo
2224 2903 2277 2948 et
2310 2893 2363 2947 in
2420 2910 2484 2947 eo
2511 2903 2613 2959 est,
2663 2894 2731 2947 ab
2765 2908 2940 2962 eoque
2991 2893 3235 2961 procedit
3269 2892 3429 2946 simul
3468 2907 3591 2943 cum

2019 2984 2213 3039 intimo
2246 2984 2438 3038 verbo.
2501 2985 2764 3038 Eumdem
2812 2984 2959 3039 clare
3013 2982 3336 3036 manifestat
3397 2983 3463 3036 iis
3496 2982 3593 3051 qui

2019 3077 2276 3130 interiora
2306 3093 2404 3131 sua
2438 3076 2712 3146 inspicere
2742 3086 3057 3145 ,nequeunt,
3118 3074 3441 3129 insatiabilis
3490 3073 3593 3126 ho-

2022 3171 2227 3223 minum
2258 3169 2324 3222 ad
2358 3170 2635 3223 sciendum
2669 3169 2973 3237 appetitus.
3000 3165 3106 3221 Sed
3138 3167 3189 3219 in
3221 3165 3310 3219 illo
3341 3164 3596 3234 archety-

2020 3277 2107 3331 po,
2142 3261 2194 3314 in
2231 3261 2318 3314 illa
2349 3259 2671 3330 perfecta'et
2704 3259 3105 3329 perfectissima
3147 3258 3415 3322 bonitate,
3450 3254 3593 3326 apud

2019 3368 2179 3420 quam
2215 3353 2349 3406 nihil
2382 3351 2781 3420 imperlcctum,
2839 3357 3066 3419 excepto
3134 3349 3275 3416 quod
3307 3348 3373 3401 ab
3402 3362 3464 3400 ea
3497 3346 3593 3411 sit,

2018 3441 2491 3496 indiscriminatim
2543 3451 2626 3495 est
2684 3440 2902 3494 divinus
2954 3454 3111 3494 amor
3168 3438 3433 3506 quidquid
3472 3440 3591 3505 ipsa

2019 3535 2117 3579 est.
2183 3527 2479 3596 Propterea
2518 3537 2742 3581 sanctus
2794 3527 2881 3582 hic
2941 3528 3180 3593 Spiritus
3237 3527 3373 3581 alter
3420 3524 3596 3579 Para-

2018 3618 2179 3671 clitus
2198 3630 2279 3671 est
2306 3628 2360 3671 et
2389 3633 2417 3669 a
2452 3618 2606 3671 nobis
2622 3627 2865 3683 vocatur,
2893 3630 3148 3685 tanquam
3184 3615 3348 3672 Verbi
3370 3631 3589 3681 comes;

2019 3718 2077 3762 ut
2107 3724 2203 3761 nos
2232 3710 2468 3763 sciamus
2493 3726 2616 3763 eum
2645 3725 2766 3764 esse
2811 3708 3110 3779 perfectum
3146 3717 3199 3761 et
3242 3708 3295 3761 in
3346 3708 3592 3776 perfecta

2017 3812 2066 3853 et
2096 3801 2314 3870 propria
2375 3816 2629 3869 persona,
2662 3816 2725 3855 ac
2773 3799 2905 3854 nihil
2961 3809 3017 3855 ct
3072 3800 3250 3867 ipsum
3304 3798 3586 3853 dili‘errea

2018 3892 2195 3949 Patris
2229 3893 2558 3955 substantia,
2596 3894 2691 3946 sed
2744 3892 2882 3947 idem
2940 3892 3414 3946 indiscriminatim
3469 3905 3592 3946 esse

2018 4001 2182 4055 quam
2219 3985 2437 4039 Patrem
2503 3995 2557 4038 et
2587 3984 2825 4047 Filium,
2885 3999 2995 4038 non
3056 3994 3233 4036 tamen
3285 3968 3585 4037 secundum

2019 4091 2330 4144 personam,
2358 4092 2478 4146 qum
2508 4075 2686 4145 ipsum
2720 4091 2748 4129 a
2774 4076 2936 4130 Patre
2985 4076 3280 4145 procedere
3304 4074 3463 4128 nobis
3498 4074 3591 4126 deo

2018 4176 2326 4233 monstrat;
2362 4177 2531 4235 utque
2558 4166 2797 4220 colamus
2813 4181 2979 4218 unum
3013 4164 3177 4217 D’enm
3210 4179 3400 4216 verum
3424 4171 3590 4230 atque

2019 4261 2342 4330 perfectum,
2398 4262 2449 4314 in
2489 4262 2665 4314 tribus
2703 4261 2953 4329 personis
2991 4259 3136 4313 veris
3201 4272 3265 4323 ac
3309 4254 3587 4322 perlectis,

2020 4367 2127 4405 non
2158 4351 2447 4420 triplicem,
2479 4349 2641 4411 absit,
2675 4350 2769 4404 sed
2832 4349 3162 4419 simplicem.
3221 4344 3409 4413 Neque
3443 4345 3589 4397 enim

339 4432 434 4481 καὶ
490 4430 716 4497 τέλειον,
774 4434 831 4485 ὲν
860 4432 1040 4501 τρισὶν
1089 4433 1447 4485 ὑποστάσεσιν
1493 4434 1771 4503 ἀληθιναῖς
1817 4436 1908 4487 καὶ

2021 4446 2211 4514 triplex
2262 4456 2348 4499 est
2397 4444 2630 4508 bonitas,
2689 4458 2864 4510 neque
2910 4445 3048 4495 trias
3103 4440 3431 4498 bonitalum,
3492 4437 3589 4491 sed

334 4522 572 4585 τελείαις
603 4538 616 4551 ·
669 4523 728 4574 οὑ
787 4523 1077 4591 τριπλοῦνο
1119 4524 1299 4592 ἄπαγε
1326 4540 1339 4553 ·
1374 4525 1489 4577 ἀλλ’
1543 4526 1763 4578 ἁπλοῦν.
1825 4527 1899 4577 Οὐ

335 4611 445 4682 γὰρ
473 4613 672 4683 τριπλῆ
703 4613 787 4676 τίς
811 4615 957 4667 ἐστιν
981 4616 1014 4684 ἡ
1046 4614 1341 4684 ἀγαθότης,
1371 4616 1494 4669 obde
1547 4619 1703 4685 τριὰς
1763 4618 1900 4683 ἁγα-

334 4706 576 4775 υοτήτων
601 4721 615 4735 ⁸
651 4704 787 4757 ἀλλά
818 4705 1145 4773 Τριάςάγία
1176 4708 1271 4759 καὶ
1297 4708 1569 4776 σεύασμία
1617 4710 1709 4759 καὶ
1736 4723 1903 4777 προσ-

334 4797 564 4865 κυνητὴ,
639 4798 673 4867 η
719 4799 979 4851 ἀνωτάτω
1020 4797 1298 4866 ἀγαθότης
1357 4800 1527 4864 ἐστὶν,
1582 4798 1640 4861 ἐξ
1706 4799 1902 4866 ἑαυτῆς

333 4889 413 4948 εἰς
464 4887 661 4957 ἑαυτὴν
749 4889 982 4959 χεομένη
1053 4890 1392 4961 ὰρρεύστως,
1443 4890 1538 4943 καὶ
1589 4890 1674 4959 ἐφ’
1707 4890 1904 4957 ἑαυτῆς

334 4978 551 5031 ἑστῶσα
590 4980 696 5049 πρὸ
731 4981 943 5034 αἰώνων
1007 4982 1352 5051 θεοπρεπῶς,
1408 4981 1655 5050 ἀόριστός
1686 4999 1745 5032 τε
1774 4982 1907 5035 οὖσα

2019 4544 2204 4588 sancta
2265 4535 2681 4601 venerandaque
2739 4540 2795 4584 et
2850 4532 3125 4585 adoranda
3177 4530 3420 4587 Trinitas
3501 4538 3589 4584 est

2016 4639 2225 4678 suunna
2276 4624 2494 4677 bonitas
2546 4637 2612 4675 ex
2637 4622 2815 4687 seipsa
2853 4622 2904 4672 in
2935 4622 3166 4687 seipsam
3207 4621 3411 4689 jugiter
3470 4619 3591 4673 illa-

2016 4720 2168 4776 bens,
2197 4724 2251 4767 et
2281 4716 2333 4767 in
2366 4714 2541 4781 seipsa
2564 4723 2691 4766 ante
2720 4714 2916 4765 saecula
2936 4712 3117 4765 divine
3136 4713 3470 4776 subsistens,
3500 4711 3589 4764 in-

2018 4808 2166 4859 linita
2205 4814 2259 4859 et
2285 4821 2312 4857 a
2342 4819 2401 4859 se
2428 4820 2533 4858 una
2562 4803 3007 4872 circumscripta,
3050 4812 3104 4856 et
3128 4802 3309 4856 omnia
3349 4804 3586 4857 circum-

2017 4900 2290 4960 sciibcns,
2322 4908 2379 4951 et
2411 4912 2574 4966 super
2606 4896 2864 4951 omnibus
2887 4903 3135 4961 extensa,
3164 4904 3219 4950 et
3274 4894 3411 4949 nihil
3435 4904 3588 4950 extra

2016 4987 2369 5054 settlelipsutli
2392 5000 2514 5040 esse
2536 4985 2770 5055 patiens.

336 5055 437 5108 xui
472 5046 831 5127 παραμόνης
857 5061 1061 5129 ἑαυτῆς
1090 5046 1403 5132 ὡρισμένη,
1439 5046 1533 5115 καὶ
1557 5072 1625 5115 τα
1659 5066 1839 5119 πάντα
1865 5046 2151 5137 ὁρίζουσα,
2189 5046 2285 5122 καὶ
2324 5046 2553 5122 πάντων
2583 5058 3114 5135 ὑπερεκτεινομένη,
3155 5062 3248 5116 καὶ
3284 5061 3453 5134 μηδὲν
3486 5046 3595 5114 τῶν

333 5143 511 5197 ὄντων
541 5146 696 5207 ὲκτδς
719 5149 921 5215 ἑαυτῆς
954 5149 1123 5203 ἐῶσα.

405 5226 509 5295 λη’.
538 5228 689 5295 Ἔχει
715 5229 813 5296 μὲν
834 5225 925 5279 οὖν
964 5234 1056 5280 καὶ
1095 5230 1128 5297 ἡ
1185 5228 1293 5281 τῶν
1338 5227 1584 5295 ἀγγέλων
1615 5245 1774 5297 νοερα
1812 5246 1907 5283 και

332 5316 526 5386 λογικὴ
557 5320 717 5386 φύσις
750 5320 873 5370 νοῦν
899 5334 957 5370 τε
988 5321 1081 5371 καλ⁸
1125 5318 1283 5385 λόγον
1309 5320 1370 5369 ὲκ
1391 5318 1482 5370 τοῦ
1502 5318 1612 5382 νοῦ,
1648 5320 1741 5372 καὶ
1770 5321 1907 5391 πρὸς

333 5407 426 5459 τὸν
456 5407 611 5475 λόγον
640 5408 817 5477 ἔρωτα
868 5408 963 5462 τοῦ
1020 5409 1111 5462 νοῦ
1143 5426 1156 5440 ο
1190 5410 1247 5472 ὃς
1300 5410 1394 5463 καὶ
1430 5412 1590 5474 αὑτός
1638 5413 1787 5465 ἐστιν
1842 5416 1905 5466 ὲκ

334 5498 429 5549 τοῦ
464 5499 576 5560 νοῦ,
606 5500 699 5551 καὶ.
753 5499 1004 5552 σύνεστιν
1035 5500 1121 5554 ἀεὶ
1153 5500 1229 5570 τῷ
1258 5518 1315 5553 τε
1367 5502 1506 5571 λόγῳ
1550 5505 1643 5556 καὶ
1698 5503 1775 5573 τῷ
1807 5506 1902 5572 νῷ,

335 5589 433 5640 καὶ
460 5589 676 5658 πνεῦμα
711 5591 777 5642 ἂν
805 5590 1042 5657 καλοῖτο,
1082 5591 1155 5655 ὡς
1184 5592 1262 5663 τῷ
1291 5592 1433 5663 λόγῳ
1464 5595 1621 5663 φύσει
1651 5611 1904 5665 συμπαρο

334 5678 615 5748 ομαρτῶν.
666 5679 818 5731 Ἀλλ’
846 5681 947 5734 οὐκ
1004 5682 1117 5751 ἔχει
1147 5682 1241 5737 καὶ
1297 5680 1560 5746 ζωοποιόν
1588 5685 1647 5737 τὸ
1687 5685 1905 5755 πιεῦμα

416 5795 457 5827 ⁸⁸
480 5796 635 5851 Joan.
672 5814 759 5866 xv,
783 5800 873 5856 26.

2080 5227 2166 5281 58.
2196 5226 2370 5284 Habet
2392 5230 2605 5299 quidem
2656 5231 2969 5297 angelorum
2998 5246 3211 5299 quoque
3238 5227 3578 5282 intellectua-

2010 5319 2076 5373 lis
2108 5328 2161 5373 et
2193 5322 2476 5375 rationalis
2512 5330 2705 5373 natura
2738 5323 3096 5387 intellectum,
3133 5330 3270 5375 etex
3302 5317 3578 5373 intellectu

2012 5413 2258 5478 verbum,
2293 5423 2348 5466 et
2383 5414 2689 5467 intellectus
2737 5416 2789 5468 in
2824 5416 3047 5469 verbum
3101 5428 3363 5479 amorem,
3405 5412 3497 5480 qui
3530 5419 3588 5465 et

2012 5505 2125 5572 ipse
2155 5519 2218 5557 ex
2258 5505 2531 5559 intellectu
2601 5516 2708 5571 est,
2745 5516 2799 5560 et
2838 5508 3080 5561 adhaeret
3111 5520 3326 5573 semper
3373 5503 3586 5557 intelle-

2012 5596 2122 5650 ctui
2158 5605 2215 5650 et
2259 5598 2445 5662 verbo,
2475 5608 2530 5652 et
2584 5600 2814 5668 spiritus
2861 5600 3044 5653 vocari
3075 5607 3281 5669 posset,
3316 5607 3374 5652 ut
3432 5596 3586 5651 verbi

2013 5688 2332 5744 naturaliter
2355 5704 2561 5746 comes.
2629 5692 2734 5747 Sed
2774 5692 3017 5749 viviticus
3050 5707 3156 5751 non
3189 5702 3272 5749 cst
3295 5692 3383 5749 hic
3417 5692 3591 5766 spiri-
3672 5748 3673 5751 η
