3962 6208
405 298 534 362 lilii

1627 299 2008 363 GREGORII
2052 303 2379 372 PALAMdlI

3516 323 3659 391 1152

405 412 544 463 malo
587 406 780 473 subjici
825 414 880 462 et
913 405 980 461 iis
1015 407 1276 459 inservire
1315 421 1541 474 quorum
1580 408 1805 477 imperio
1833 411 1979 480 dign:

2087 426 2173 461 ται
2204 410 2301 478 τὴν
2338 406 2637 461 ἀκούουσαν
2666 426 2677 438 ·
2716 409 2800 461 ἵνα
2838 409 3092 482 γυμνάσῃ
3126 409 3327 481 ταύτην
3359 412 3544 477 εὐθὺς,
3568 424 3657 468 εν-

405 508 539 561 erat,
574 506 759 563 utpote
788 498 901 550 sola
932 511 994 549 ex
1018 496 1342 549 sensualiter
1367 498 1671 552 viventibus
1699 512 1863 552 manu
1893 499 1988 554 Dei

404 588 631 640 formata
656 588 992 656 rationisque
1025 602 1247 657 compos
1301 597 1358 642 et
1401 588 1466 641 ad
1518 588 1807 657 imaginem
1846 592 1985 646 facta

404 678 704 733 Creatoris.
736 676 867 730 Illud
894 687 1071 731 autem
1100 678 1345 747 permisit
1366 680 1523 745 Deus,
1543 688 1602 733 ut
1628 680 1818 733 videns
1850 695 1985 735 con-

404 771 576 825 silium
595 772 752 823 bomo
770 770 955 822 datum
975 770 1042 823 ab
1059 770 1317 826 inferiore
1337 772 1562 841 (quanto
1586 773 1727 826 enim
1751 774 1988 826 deterior

404 863 618 916 homine
645 878 868 929 serpens
891 862 931 931 l)
982 879 1141 932 quam
1165 864 1485 919 rharissime
1504 864 1829 933 intelligeret
1855 864 1983 918 illud

403 955 709 1008 nullatenus
726 969 868 1015 esse,
888 970 951 1007 ac
967 955 1349 1024 dedignaretur
1362 971 1419 1010 se
1438 956 1717 1010 manifeste
1737 955 1982 1009 inferiori

402 1048 747 1110 submittere,
778 1056 832 1100 et
859 1057 1106 1101 servaret
1145 1048 1301 1101 ﬁdem
1336 1048 1605 1112 Creatori,
1655 1049 2001 1105 custodiens.

404 1138 522 1203 ejus
555 1139 894 1203 mandatum,
925 1150 979 1194 et
1008 1140 1166 1193 lacilc
1199 1140 1444 1193 vinceret
1477 1139 1751 1209 delapsum
1778 1155 1807 1193 a
1852 1154 1979 1193 vera

401 1232 533 1295 vita,
585 1242 639 1285 et
678 1232 901 1285 meritus
946 1232 1214 1299 acciperet
1244 1231 1977 1295 beatamimmortalitatem,

403 1332 569 1390 atque
614 1333 998 1392 permanenter
1046 1324 1250 1378 viveret
1315 1324 1367 1377 in
1438 1334 1703 1378 mternum
1764 1325 1982 1379 deilica-

404 1422 514 1469 tus.

480 1685 571 1739 45.
608 1684 750 1738 Nihil
790 1686 860 1738 ita
886 1694 969 1737 est
999 1683 1220 1738 homine
1252 1683 1502 1752 superius
1535 1693 1592 1736 ut
1626 1685 1674 1737 ei
1708 1684 1934 1738 consilio
1964 1720 1967 1721 ν

406 1782 903 1846 tnr‘proponatque
937 1777 1259 1831 sententiam
1301 1787 1355 1829 et
1385 1777 1511 1830 inde
1554 1776 1711 1830 utilia
1729 1786 1982 1844 suggerat

409 1880 461 1924 et
492 1878 773 1939 procurret,
813 1869 971 1922 modo
999 1868 1086 1923 ille
1117 1884 1272 1922 suum
1306 1879 1483 1923 servet
1503 1869 1767 1933 ordinem,
1790 1879 1836 1921 et
1863 1884 1982 1923 sese

403 1971 720 2029 cognoscat,
747 1972 801 2015 et
835 1963 1113 2015 cusmdiat.
1147 1978 1264 2031 qua:
1293 1979 1319 2015 a
1351 1963 1558 2016 caelesti
1582 1964 1867 2030 superiore
1898 1962 1979 2014 di-

405 2054 558 2115 dicit,
603 2054 655 2107 iu
692 2055 775 2108 his
803 2070 930 2111 vero
964 2069 1083 2122 quae
1116 2055 1352 2109 nomium
1390 2056 1457 2107 ab
1501 2068 1563 2106 eo
1599 2054 1807 2118 didit-il.
1839 2054 1982 2121 el'ls‘

405 2146 529 2197 dem
576 2147 748 2200 solius
781 2145 1010 2200 consilia
1074 2145 1346 2200 admittat.
1388 2144 1520 2198 Nam
1558 2145 1733 2213 angeli
1767 2160 1983 2214 quoque

406 2236 533 2291 licet
584 2238 740 2292 nobis
786 2237 1052 2309 dignitate
1093 2238 1424 2304 superiores,
1452 2248 1575 2289 sunt
1628 2249 1683 2291 ct
1714 2238 1813 2303 ipsi
1849 2252 1981 2288 con-

408 2329 658 2383 siliorum
690 2329 810 2398 ejus
845 2333 910 2383 de
944 2328 1103 2383 nobis
1137 2327 1393 2388 ministri.
1448 2328 1601 2382 missi
1640 2340 1857 2397 propter
1886 2344 1981 2381 eos

402 2421 495 2489 qui
522 2420 891 2474 liaereditatem
910 2420 1124 2489 capient
1146 2419 1338 2474 salutis
1356 2421 1543 2487 ",uon
1563 2432 1740 2473 tanien
1768 2435 1981 2484 omnes,

404 2513 498 2566 sed
525 2512 615 2580 qui
645 2512 767 2566 boni
795 2521 848 2565 et
879 2512 930 2564 in
964 2511 1157 2565 ordine
1188 2525 1287 2565 suo
1316 2520 1697 2565 remanserunt
1734 2529 1747 2566 :
1781 2512 1981 2566 habent

404 2605 551 2659 enim
584 2605 794 2673 ipsimet
820 2618 849 2656 a
875 2603 981 2657 lico
1003 2602 1360 2669 intellectum,
1385 2605 1606 2657 verbum
1630 2616 1679 2659 ei
1702 2605 1977 2672 spirizum,

404 2708 459 2749 et
497 2695 765 2758 Creatori,
804 2695 892 2763 qui
926 2706 1012 2749 est
1045 2694 1355 2749 intellectus
1381 2695 1610 2749 Verbum
1641 2702 1694 2748 et
1722 2694 1979 2763 Spiritus,

406 2789 606 2844 debent
633 2790 775 2841 sicut
805 2802 903 2841 nos
936 2786 1163 2841 obedire
1204 2805 1219 2841 :
1251 2797 1304 2840 et
1358 2801 1455 2840 nos
1512 2786 1564 2839 iu
1598 2786 1781 2839 multis
1832 2798 1982 2841 ante-

405 2880 625 2943 cedunt,
672 2880 764 2933 sed
809 2879 860 2930 in
888 2878 1214 2945 quibusdam
1246 2877 1402 2931 nobis
1439 2878 1663 2940 cedunt,
1698 2888 1749 2929 ut
1774 2877 1979 2945 praefati

405 2986 597 3026 sumus
645 2981 807 3039 atque
836 2970 1103 3032 dicemus,
1136 2970 1399 3038 nempeiu
1429 2971 1784 3039 exprimenda
1811 2968 1978 3024 Crea-

2012 1742 2059 1803 Β

2084 500 2274 553 τεῦθεν
2324 501 2436 561 τοῖς
2471 500 2710 570 χείροσιν
2769 500 3192 567 ὑποτάσσεσθαι,
3249 506 3343 557 καὶ
3380 506 3659 561 δουλεύειν

2085 592 2335 654 ἐκείνοις,
2375 584 2450 645 ὧν
2481 590 2783 660 βασιλεύειν
2815 592 2982 656 ἀξίως
3012 593 3223 663 ἔλαχεν,
3252 596 3328 658 ὡς
3361 597 3497 667 μόνη
3550 600 3662 650 τῶν

2085 686 2205 738 κατ’
2235 684 2490 753 αἴσθησιν
2517 683 2756 747 ζώντων,
2794 686 2936 753 χειρὶ
2971 685 3105 737 Θεοῦ
3152 688 3246 740 xui.
3271 688 3412 757 λόγῳ
3437 706 3662 759 τετιμη-

2087 776 2245 844 μένη,
2278 774 2372 828 καὶ
2402 775 2521 827 κατ’
2552 776 2734 826 είκόνα
2772 780 3037 845 γενομένη
3066 776 3157 828 τοῦ
3210 780 3515 841 κτίσαντος.
3546 783 3661 833 Ἐν-

2083 866 2264 919 δίδωσι
2291 865 2346 918 δὲ
2375 865 2404 915 ὁ
2431 864 2581 926 Θεὸς,
2612 865 2679 915 ἶν’
2722 865 2842 917 ίδὼν
2866 869 2892 918 ὁ
2928 868 3210 937 ἄνθρωπος
3236 872 3660 939 προσαγομένην

2082 956 2179 1024 τὴν
2214 953 2523 1022 συμϐουλὴν
2544 955 2607 1005 ὲκ
2637 954 2730 1006 τοῦ
2760 956 2997 1025 χείρονος
3035 958 3219 1026 (πόσον
3253 962 3360 1027 γὰρ
3395 960 3596 1027 χείρων
3630 963 3660 1013 ὁ

2081 1045 2203 1113 ὄφις
2234 1046 2520 1115 ἀνθρώπου
2543 1043 2605 1114 ί),
2640 1047 2731 1097 καὶ
2755 1047 2903 1113 πόσῳ
2922 1050 3105 1115 σαφῶς
3127 1052 3258 1118 συνῇ
3285 1050 3548 1119 μηδαμῶς
3573 1047 3659 1104 οὗ·

2084 1153 2185 1189 σαν
2211 1137 2486 1206 λυσιτελῆ,
2535 1139 2628 1191 xul
2658 1138 3065 1208 ἀναξιοπαθήσῃ
3093 1140 3188 1208 τὴν
3221 1141 3356 1212 πρὸς
3399 1143 3457 1193 τὸ
3485 1159 3654 1210 φανε-

2085 1227 2399 1303 ρῶςλχεῖρον
2429 1228 2726 1299 ὑποταγὴν,
2760 1227 2853 1281 καὶ
2878 1230 3084 1299 φυλάξῃ
3116 1230 3248 1299 πρὸς
3271 1232 3359 1284 τὸν
3388 1234 3661 1289 κτίσαντα

2085 1319 2286 1384 πίστιν,
2320 1320 2418 1389 τὴν
2451 1321 2666 1374 ἐκείνου
2698 1322 2875 1390 τηριῖλν
2899 1322 3117 1390 ἐντολήν
3140 1338 3156 1352 ο
3189 1324 3527 1392 καὶνικητὴς
3552 1327 3657 1393 ρᾳ-

2082 1412 2207 1466 δίως
2226 1413 2416 1484 τελέσῃ
2444 1413 2536 1466 τοῦ
2570 1414 2887 1475 ἐκπεσόντος
2913 1415 3008 1480 τῆς
3030 1415 3197 1477 ὅντως
3224 1414 3386 1483 ζωῆς,
3401 1418 3493 1467 καὶ
3511 1416 3657 1486 λάϐῃ

2083 1504 2306 1567 δικαίως
2341 1506 2438 1576 τὴν
2492 1505 2768 1575 μακαρίαν
2805 1506 3121 1569 ἀθανασίαν,
3158 1506 3252 1557 καί
3283 1506 3513 1577 διαμένῃ
3544 1508 3655 1571 ζῶν

2083 1595 2261 1657 ἔνθεος
2284 1597 2361 1658 είς
2389 1599 2513 1659 τοὺς
2542 1599 2763 1661 αἰῶνας.

2155 1684 2263 1753 μγ’.
2296 1686 2457 1739 Οὐδὲν
2478 1688 2761 1756 ἀνθρώπου
2790 1693 3054 1759 κρεῖττον,
3078 1690 3215 1743 ὥστε
3245 1689 3648 1758 βουλεύσασθαι

2083 1777 2176 1827 xu".
2208 1776 2434 1846 γνώμην
2485 1780 2841 1845 εἰσενεγκεῖν,
2896 1782 2989 1832 xui.
3016 1780 3082 1832 δι’
3122 1781 3288 1850 αὐτῆς
3316 1781 3519 1846 γνῶναι
3553 1785 3651 1834 καὶ

2081 1868 2415 1936 πορίσασθαι
2451 1869 2511 1920 τὸ
2552 1875 2820 1922 συνοίσον’
2852 1873 3011 1940 μόνον
3034 1873 3081 1923 εί
3123 1872 3379 1939 φυλάττει
3403 1872 3498 1941 τὴν
3521 1874 3651 1925 ἐαυ-

2079 1959 2170 2008 τοῦ
2196 1959 2368 2021 τάξιν,
2397 1961 2489 2011 καὶ
2510 1960 2766 2027 γινώσκει
2796 1962 3006 2023 ἑαυτὸν,
3031 1962 3124 2014 καὶ
3150 1964 3239 2014 τὸν
3262 1963 3421 2029 μόνον
3451 1963 3650 2016 ἑαυτοῦ

2083 2048 2333 2115 κρείττω,
2377 2051 2470 2101 καὶ
2502 2052 2693 2120 τηροίη
2731 2052 2827 2118 μὲν
2871 2052 2905 2103 ἃ
2933 2053 3066 2121 παρ’
3104 2051 3313 2104 ἐκείνου
3350 2054 3514 2122 μάθοι
3552 2054 3651 2106 τοῦ

2081 2139 2410 2207 κρείττονος,
2434 2142 2512 2203 είς
2534 2142 2567 2194 ἃ
2593 2142 2648 2194 δὲ
2679 2141 2752 2211 μὴ
2782 2144 2910 2212 παρ’
2945 2142 3151 2195 ἐκείνου
3180 2143 3363 2211 μάθοι,
3406 2145 3647 2212 σύμϐουο

2079 2229 2167 2282 λον
2208 2234 2412 2284 ἐκεῖνον
2445 2234 2603 2301 μόνον
2638 2235 3166 2304 συμπαραλαμϐάνοι
3212 2236 3503 2305 βουλεύων.
3541 2237 3652 2289 Καὶ

2078 2324 2126 2373 oi
2172 2321 2389 2388 ἄγγελοι
2439 2324 2567 2395 γὰρ,
2600 2326 2649 2376 εί
2707 2326 2799 2377 καὶ
2828 2326 2965 2395 ὑπὲρ
2994 2328 3141 2395 ἡμᾶς
3200 2327 3309 2378 είσι
3338 2328 3437 2396 την
3467 2328 3649 2393 σξίαν.

2077 2410 2190 2464 ἀλλ’
2214 2413 2613 2482 ὑπηρετοῦνται
2640 2415 2733 2465 καὶ
2771 2409 2915 2468 οὑτοι.
2946 2419 3055 2476 τοῖς
3095 2417 3233 2484 ὑπὲρ
3254 2419 3412 2485 ἡμῶν
3438 2420 3655 2469 ἐκείνου

2078 2504 2460 2574 βουλεύμασιν,
2512 2506 2970 2575 ἀποστελλόμενοι
3016 2506 3104 2559 διὰ
3153 2510 3278 2571 τοὺς
3348 2508 3651 2576 μέλλοντας

2076 2600 2432 2668 κληρονομεῖν
2460 2600 2763 2668 σωτηρίανο
2808 2598 3007 2669 μᾶλλον
3044 2599 3098 2651 δὲ
3150 2598 3210 2650 οὑ
3240 2600 3463 2663 πάντες,
3508 2600 3655 2653 ἀλλὰ

2075 2688 2342 2742 κάκείνων
2361 2690 2409 2742 oi
2434 2690 2627 2757 ἀγαθοὶ
2647 2692 2741 2742 καὶ
2763 2689 3093 2759 φυλάξαντες
3114 2689 3211 2759 τὴν
3230 2690 3438 2743 ἑαυτῶν
3458 2691 3612 2755 τάξιν
3628 2706 3649 2720 ⁵

2076 2780 2252 2847 ἔχουσι
2286 2782 2393 2848 γὰρ
2438 2783 2677 2834 κάκεῖνοι
2729 2781 2879 2851 παρὰ
2925 2782 3061 2834 Θεοῦ
3122 2781 3269 2846 νοῦν,
3313 2782 3494 2849 λόγον,
3553 2784 3651 2834 καὶ

2077 2871 2309 2939 πνεῦμα,
2346 2874 2565 2942 συμφυῆ
2594 2872 2662 2924 τὰ
2693 2874 2816 2943 τρία
2856 2873 3026 2926 ταῦτα
3048 2890 3062 2903 ·
3100 2875 3195 2927 καὶ
3219 2874 3296 2943 τῷ
3324 2875 3652 2943 δημιουργῷ

2072 2960 2188 3030 Νῷ,
2222 2963 2317 3014 καὶ
2367 2963 2545 3033 Λόγῳ,
2577 2963 2673 3015 xui.
2702 2963 2979 3033 Πνεύματι
3036 2964 3159 3018 καθ’
3187 2967 3333 3035 ἡμᾶς
3371 2966 3651 3033 ὀφείλουσι

406 3062 543 3115 turis
570 3062 826 3132 imagine,
849 3062 970 3130 quia
1007 3075 1101 3114 nos
1120 3061 1290 3129 magis
1317 3075 1479 3129 quant
1511 3061 1586 3113 illi
1620 3062 1684 3114 ad
1716 3059 1808 3113 Dei
1842 3062 1976 3114 ima-

2083 3051 2395 3104 πείθεσθαι·
2445 3052 2540 3105 xui.
2570 3053 2955 3106 πλεονεκτοῦσι
2989 3054 3087 3123 μὲν
3121 3053 3276 3124 ἡμῶν
3304 3055 3363 3107 ἐν
3399 3056 3645 3119 πολλοῖς,

2083 3130 2087 3139 .
2213 3130 2254 3145 ..
2298 3133 2309 3145 .
2378 3132 2392 3145 .
2432 3126 2460 3145 ς·
2544 3137 2557 3145 .
2625 3136 2650 3145 ..
2734 3139 2746 3145 -
2839 3140 2887 3145 μ
3121 3143 3131 3145 μ
3238 3144 3243 3145 ,
3389 3144 3396 3145 ,

404 3155 584 3222 ginem
615 3153 740 3208 lacti
775 3167 986 3207 sumus.

2064 3130 2187 3184 εστ-ι
2207 3130 2265 3185 δὲ
2293 3132 2392 3202 ἐφ’
2426 3126 2500 3189 ὧν
2534 3136 2691 3207 ἡμῶν
2723 3139 3072 3206 ἀποδέουσιν,
3104 3143 3178 3205 ῶς
3220 3144 3432 3213 ἔφημεν
3455 3160 3515 3209 τε
3546 3146 3651 3196 καί

407 3239 659 3313 λέξομεν,
692 3239 830 3313 πρὸς
860 3240 920 3295 τὸ
946 3240 1119 3295 τελεῖν
1142 3234 1262 3289 κατ’
1294 3235 1481 3289 εἰκόνα
1517 3236 1613 3289 τοῦ
1646 3239 1935 3300 κτίσαντος
1958 3255 1974 3271 ο
2031 3239 2099 3293 δι’
2126 3239 2162 3293 ἃ
2189 3240 2282 3292 καὶ
2324 3239 2526 3310 μᾶλλον
2563 3237 2791 3292 ἐκείνων
2849 3239 3012 3309 ἡμεῖς
3058 3238 3179 3292 κατ’
3229 3238 3418 3291 εἰκόνα
3474 3232 3643 3299 Θεοῦ,

412 3340 738 3410 γεγόναμεν.

469 3421 561 3474 44.
584 3419 842 3485 Quamvis
889 3417 1064 3484 angeli
1110 3418 1178 3470 ad
1208 3414 1454 3470 Creatori
1491 3429 1587 3485 pro
1613 3414 1818 3469 viribus
1867 3414 1972 3469 mi-

400 3513 743 3566 nistrandnm
801 3509 1087 3564 constituti
1155 3507 1285 3573 sint,
1346 3518 1400 3561 et
1444 3506 1748 3561 obediendo
1797 3508 1970 3561 solum

403 3602 682 3664 destinati,
712 3599 860 3653 haud
916 3613 1047 3652 vero
1079 3597 1279 3651 addicti
1318 3596 1571 3667 regendis
1621 3598 1973 3651 interioribus

402 3694 538 3756 suis,
568 3692 669 3746 nisi
709 3691 773 3744 ad
812 3691 913 3744 hoc
968 3689 1308 3743 mitterentur
1338 3687 1406 3741 ab
1438 3686 1681 3741 omnium
1710 3686 1973 3754 Domino;

408 3783 577 3837 Satan
610 3781 877 3837 dominari
911 3781 1142 3850 superbe
1171 3777 1445 3834 affectavit
1480 3788 1670 3831 contra
1701 3777 1976 3834 Creatoris

403 3882 703 3937 decretum,
734 3884 787 3928 et
818 3888 975 3927 suum
1013 3872 1260 3927 ordinent
1285 3887 1408 3926 cum
1442 3870 1649 3939 angelis
1690 3878 1977 3939 coaposta-

406 3968 474 4022 tis
537 3977 935 4035 transgressus,
991 3966 1188 4018 merito
1247 3965 1454 4034 eiectus
1485 3970 1572 4017 est
1625 3976 1823 4015 averte
1852 3961 1977 4015 vita:

405 4074 469 4112 ac
534 4059 669 4113 lucis
720 4060 901 4121 lonte,
948 4065 1003 4111 et
1058 4065 1288 4111 mortem
1348 4053 1519 4109 induit
1583 4053 1978 4122 caliginemque

403 4160 683 4204 aeternam.
756 4149 891 4214 Quia
954 4142 1136 4202 autet'n
1200 4146 1364 4201 homo
1422 4159 1525 4198 non
1587 4143 1655 4197 ad
1718 4144 1977 4199 obedien-

404 4241 533 4293 dum
559 4241 720 4294 modo
756 4246 989 4292 statutus
1027 4246 1133 4302 est,
1164 4236 1256 4291 sed
1292 4236 1455 4289 etiam
1490 4234 1556 4289 ad
1603 4234 1977 4303 imperandum

404 4331 661 4387 omnibus
706 4345 828 4399 qua:
876 4344 1040 4398 super
1069 4341 1215 4381 terra
1243 4336 1392 4391 sunt,
1427 4326 1626 4380 invidis
1654 4340 1779 4379 eum
1802 4326 1978 4381 oculis

405 4424 708 4492 suspiciens
774 4430 963 4474 auctor
1023 4419 1169 4485 mali,
1237 4433 1451 4474 omnem
1511 4417 1735 4473 adhibet
1799 4428 1976 4474 artem
2011 4404 2054 4458 ί)

409 4524 468 4566 ιιι
520 4528 641 4566 eum
672 4526 840 4581 regno
877 4509 1175 4569 detrudat:
1204 4509 1347 4579 quod
1379 4509 1427 4563 vi
1460 4524 1569 4563 non
1600 4509 1809 4579 valens,
1840 4526 1976 4580 qua-

407 4614 567 4658 tenus
612 4603 901 4672 impeditus
968 4602 1037 4657 ab
1094 4603 1337 4657 omnium
1378 4600 1628 4665 Domino,
1670 4604 1760 4671 qui
1818 4606 1977 4659 ratio-

408 4697 586 4751 nalem
623 4708 866 4750 naturam
895 4695 1097 4750 creavit
1132 4694 1356 4749 liberam
1398 4702 1452 4748 et
1487 4693 1753 4764 suijuris,
1788 4696 1976 4753 dolose

408 4787 614 4842 homini
644 4788 880 4858 suggerit
908 4788 1132 4843 consilia
1153 4800 1274 4841 eum
1301 4800 1465 4855 regno
1482 4787 1800 4856 spoliatura,
1822 4788 1979 4859 eique

409 4880 593 4935 furtim
648 4882 841 4938 suadet
877 4889 934 4936 ut
981 4880 1238 4949 negligat,
1279 4887 1330 4933 et
1366 4894 1466 4947 pro
1523 4879 1693 4933 nihilo
1746 4888 1976 4948 reputet,

409 4984 829 5043 etaspernetur,
893 4988 991 5029 seu
1024 4974 1204 5044 potius
1262 4971 1591 5026 adversetur
1631 4981 1685 5026 et
1708 4983 1980 5041 oppugnet

411 5068 535 5117 data
574 5078 604 5117 a
635 5065 919 5134 superiore
949 5073 1223 5132 praecepta
1276 5072 1330 5115 et
1377 5059 1627 5124 consilia,
1656 5061 1728 5114 ita
1776 5072 1834 5115 ut
1860 5064 1978 5131 ejus

410 5154 687 5210 rebellioni
708 5154 1079 5220 consociatus,
1109 5154 1456 5208 consociatur
1482 5150 1646 5205 etiam
1679 5150 1795 5219 ejus
1817 5162 1978 5207 aeter-

355 5273 372 5291 ·
406 5265 488 5302 tta:
519 5248 713 5319 caligui
739 5256 792 5302 et
825 5248 1002 5302 tuOt'ti.

472 5514 564 5569 45.
626 5515 793 5570 l‘orro
849 5517 1087 5571 animam
1118 5515 1442 5572 rationalem
1492 5514 1782 5586 aliquando
1815 5518 1973 5586 mori,

473 5702 515 5734 ιο
538 5702 701 5757 Hebr.
738 5720 772 5773 ι,
807 5705 889 5760 ιι.

2144 3432 2246 3504 μδ’.
2286 3431 2610 3501 Ὑπηρετεῖν
2639 3429 2959 3498 ὡρισμένων
2988 3424 3223 3485 δυνατῶς
3250 3424 3357 3474 τῶν
3390 3421 3639 3487 ἀγγέλων

2071 3524 2147 3592 τῷ
2177 3524 2453 3587 Κτίσαντι,
2500 3523 2595 3574 xui.
2654 3520 2815 3589 μόνον
2865 3518 3127 3588 ἄρχεσθαι
3176 3512 3637 3585 κληρωσαμένων,

2072 3621 2261 3689 ἄρχειν
2289 3618 2343 3670 δὲ
2372 3618 2479 3669 τῶν
2503 3616 2619 3684 μετ’
2648 3616 2844 3677 αὐτοὺς
2871 3614 2930 3665 οὑ
2968 3611 3294 3681 ταχθέντων,
3340 3611 3390 3660 εί
3421 3607 3495 3675 μὴ
3534 3607 3648 3673 ἄρα

2074 3709 2369 3777 πεμφθεῖεν
2393 3709 2472 3770 είς
2496 3707 2655 3760 τοῦτο
2684 3706 2831 3771 παρὰ
2859 3703 2949 3756 τοῦ
2976 3701 3301 3771 κρατοῦντος
3326 3698 3437 3751 τῶν
3463 3698 3604 3749 ὅλων
3625 3710 3643 3729 ο

2075 3801 2102 3851 ὁ
2156 3801 2329 3851 Σατᾶν
2399 3800 2587 3868 ἄρχειν
2664 3794 3010 3863 ἐπεθύμησεν
3071 3790 3435 3859 ὑπερηφάνως
3492 3786 3649 3857 παρὰ

2075 3891 2307 3960 γνώμην
2346 3889 2437 3957 τοῦ
2479 3888 2794 3948 κτίσαντος·
2830 3886 2923 3938 καὶ
2955 3884 3054 3953 τὴν
3091 3881 3287 3935 ἑαυτοῦ
3316 3880 3469 3943 τάξιν
3505 3877 3651 3947 μετὰ

2076 3982 2184 4035 τῶν
2217 3980 2633 4034 συναποστατῶν
2660 3978 2907 4045 ἀγγέλων
2956 3972 3258 4037 ἀπολιπὼν,
3302 3970 3648 4038 ὲγκαταλιμ-

2080 4075 2309 4147 πάνεται
2332 4073 2555 4134 δικαίως
2590 4073 2741 4140 παρὰ
2764 4070 2860 4139 τῆς
2890 4069 3057 4131 ὅντως
3086 4066 3323 4134 ζωτικῆς
3348 4066 3440 4117 καὶ
3476 4082 3651 4131 φωτι-

2080 4164 2274 4233 στικῆς
2307 4164 2520 4231 πηγῆς’
2548 4162 2642 4215 καὶ
2662 4161 2888 4213 θάνατον
2915 4158 3178 4222 ἐνδύεται,
3205 4158 3300 4209 καὶ
3334 4156 3494 4223 ζόφον
3517 4156 3654 4207 uid:-

2078 4276 2208 4313 νιον.
2259 4259 2410 4311 Ἐπεὶ
2463 4256 2519 4308 δὲ
2574 4258 2603 4307 ὁ
2635 4254 2940 4323 ἄνθρωπος,
2977 4251 3076 4304 οὑκ
3133 4249 3394 4320 ἄρχεσθαι
3460 4249 3650 4316 μόνον,

2078 4351 2215 4403 ἀλλὰ
2247 4349 2341 4404 καὶ
2370 4351 2556 4418 ἄρχειν
2613 4345 2873 4398 τέτακται
2928 4343 3039 4396 τῶν
3092 4341 3185 4394 ἐπὶ
3213 4342 3315 4409 γῆς
3349 4341 3614 4392 ἁπάντων
3634 4356 3650 4369 ·

2081 4442 2371 4514 βασκάνοις
2430 4438 2639 4508 ὄμμασι
2682 4436 2868 4488 τοῦτον
2925 4432 3192 4503 προσιδὼν
3250 4432 3278 4483 ὁ
3313 4430 3650 4499 ἁρχέκακος,

2080 4537 2226 4604 πάσῃ
2261 4533 2476 4602 μηχανῇ
2509 4531 2728 4600 χρῆται,
2781 4525 2967 4579 τοῦτον
2995 4524 3095 4592 τῆς
3146 4523 3319 4593 ἀρχῆς
3363 4520 3651 4573 καθελεῖν·

2082 4627 2173 4696 βίᾳ
2200 4624 2256 4676 δὲ
2282 4625 2382 4676 οὑκ
2414 4623 2572 4692 ἔχων,
2602 4621 2699 4674 ἆτε
2729 4617 3067 4686 κωλυόμενος
3101 4615 3251 4685 παρὰ
3301 4611 3396 4664 τοῦ
3432 4613 3657 4664 πάντων

2079 4718 2427 4787 κρατοῦντος,
2442 4714 2498 4777 ὃς
2521 4712 2616 4783 τὴν
2636 4710 2855 4781 λογικὴν
2878 4708 3034 4776 φύσιν
3055 4704 3483 4773 ἐδημιούργησεν
3501 4702 3656 4753 Elati-

2080 4808 2235 4879 θερόν
2270 4824 2328 4858 τε
2365 4807 2458 4859 καὶ
2491 4802 2858 4866 αὐτεξούσιον,
2895 4801 2991 4853 σὺν
3047 4797 3180 4861 δόλῳ
3234 4796 3503 4865 προσάγει
3554 4793 3655 4862 τὴν

2078 4899 2521 4968 καθαιρήσουσαν
2570 4895 2669 4962 τῆς
2700 4893 2871 4963 ἀρχῆς
2907 4889 3234 4956 συμϐουλὴν,
3277 4887 3369 4937 καὶ
3400 4886 3656 4947 κλέπτει,

2083 4988 2279 5058 μᾶλλον
2309 4988 2364 5039 δὲ
2389 4986 2563 5038 πείθει
2591 4986 2713 5045 τοὺς
2745 4981 3066 5051 ἀνθρώπους
3101 4977 3360 5047 περιιδεῖν
3414 4975 3516 5044 μὲν
3559 4978 3660 5027 καὶ

2079 5081 2211 5150 παρ’
2229 5079 2379 5133 οὐδὲν
2415 5077 2605 5130 θέσθαι
2636 5076 2731 5128 καὶ
2761 5074 3042 5140 ἀθετῆσαι,
3074 5071 3273 5140 μᾶλλον
3288 5070 3346 5120 δὲ
3379 5069 3478 5119 καὶ
3506 5069 3665 5119 ἀντι-

2080 5171 2363 5235 τάξασθαι,
2394 5171 2487 5222 xui.
2519 5166 2779 5221 τάναντία
2811 5164 3013 5233 πρᾶξαι
3042 5163 3135 5230 τῆς
3170 5162 3320 5230 παρὰ
3347 5160 3439 5210 τοῦ
3464 5160 3661 5228 κρείτο

2078 5280 2227 5325 τονος
2250 5260 2541 5329 δεδομένης
2573 5257 2790 5325 ἐντολῆς
2824 5272 2882 5306 τε
2929 5255 3020 5307 καὶ
3074 5249 3405 5319 συμϐουλῆς,
3454 5250 3552 5301 καὶ
3585 5249 3663 5309 ῶς

2079 5354 2484 5421 κοινωνήσαντα
2531 5349 2628 5419 τῆς
2660 5346 3017 5407 ἁποστασίας,
3056 5343 3381 5409 κοινωνῆσαι
3434 5340 3531 5392 καὶ
3566 5336 3663 5390 τεῦ

2081 5447 2202 5500 καθ’
2233 5446 2426 5499 ἑαυτὸν
2451 5445 2669 5499 αἰωνίου
2702 5440 2893 5511 ζόφου,
2927 5439 3020 5493 καὶ
3051 5438 3145 5506 τῆς
3180 5432 3530 5504 νεκρώσεως.

2141 5537 2245 5601 με’.
2282 5535 2403 5586 Ὀτι
2438 5533 2495 5584 δὲ
2530 5534 2622 5584 καί
2651 5536 2681 5602 ἡ
2714 5535 2903 5604 λογικη
2939 5534 3084 5605 ψυχὴ
3110 5536 3258 5587 ἐστιν
3286 5533 3363 5597 ὡς
3422 5535 3657 5606 νεκροῦ-
