3962 6208
325 258 464 331 1153

1240 268 1508 328 CAPITA
1560 265 1901 338 PHYSICA,
1942 267 2452 336 THEOLOGICA.
2497 272 2657 335 ETC.
2734 312 2738 317 -

3429 269 3564 338 1154

324 377 435 421 ται,
469 357 646 411 καίτοι
702 358 845 429 ζωὴν
882 359 1075 429 ἔχουσα
1124 364 1181 413 τὸ
1212 362 1371 425 εἶναι,
1409 364 1612 425 Παῦλος
1644 366 1672 415 6
1720 363 1890 433 μέγας
1920 414 1927 432 γ

2016 376 2120 429 iret
2164 378 2328 430 vitam
2391 379 2757 433 essentialiter
2815 376 3036 443 habeat,
3100 394 3328 448 magnus
3362 383 3564 437 Paulus

323 452 470 519 ἡμᾶς
504 449 705 515 ἐδίδαξε
736 452 960 520 γράφων
987 469 999 482 ο
1046 471 1062 501 ι
1090 453 1148 504 'H
1189 454 1517 507 σπαταλῶσα
1555 457 1695 526 χήρα
1745 455 1893 518 ζῶσα

323 540 606 605 τέθνηκεν.
650 556 668 589 ι
718 539 983 608 Είρῆσθαι
1014 541 1111 609 μὲν
1128 536 1223 593 οῦν
1249 543 1441 612 ἐκείνῳ
1471 544 1629 595 τοῦτο
1657 545 1895 614 καὶπερὶ

322 628 417 681 τοῦ
447 629 809 700 προκειμένου
842 630 935 682 νῦν
960 632 1057 699 τῆς
1090 630 1316 701 λογικῆς
1347 633 1587 702 δηλονότι
1611 633 1810 702 ψυχῆς,
1832 635 1892 685 οὐ

322 720 502 787 χεῖρον
536 718 601 770 ἂν
634 720 810 770 εἰπεῖν
846 720 967 788 εἴη’
1023 722 1055 790 ἡ
1090 722 1198 790 γὰρ
1223 724 1561 793 ἐστερημένη
1609 723 1703 775 τοῦ
1736 740 1898 776 πνευ-

328 809 557 879 ματικοῦ
622 811 858 879 νυμφίου
915 812 1083 880 ψυχὴ,
1122 815 1168 864 εἰ
1214 812 1287 883 μὴ
1336 814 1740 885 συνεσταλμένη
1804 815 1898 867 καὶ

327 900 597 953 πενθοῦσα
629 902 735 969 εἰη,
798 902 892 953 καὶ
926 903 1017 953 τὸν
1053 904 1240 954 στενὸν
1271 905 1363 955 καὶ
1393 903 1751 973 τεθλιμμένον
1783 905 1898 975 βίον

321 993 419 1060 τῆς
450 993 740 1054 μετανοίας
791 991 1054 1058 ἀνύουσα,
1091 994 1225 1046 ἀλλὰ
1269 995 1616 1065 διαχεομένη,
1658 1000 1753 1051 καὶ
1782 1002 1899 1062 ταῖς

320 1082 538 1151 ἡδοναῖς
570 1082 781 1153 ἑαυτὴν
809 1084 1029 1151 ὲφιεῖσα
1062 1085 1155 1137 καὶ
1190 1082 1522 1140 σπαταλῶσα
1546 1125 1562 1151 ,
1598 1087 1746 1150 ζῶσα
1782 1088 1899 1158 (καὶ

323 1172 433 1242 γὰρ
460 1174 577 1226 κατ’
604 1173 794 1224 οὐσίαν
822 1174 971 1225 ἐστὶν
1003 1174 1292 1244 ἀθάνατος)
1325 1178 1553 1246 τέθνηκε
1578 1194 1591 1207 ·
1640 1178 1732 1229 καὶ
1788 1177 1900 1245 γὰρ

326 1264 446 1314 ἐστι
472 1262 693 1331 δεκτικὴ
722 1264 956 1317 θανάτου
997 1264 1088 1317 τοῦ
1119 1268 1381 1335 χείρονος,
1411 1267 1599 1338 ῶσπερ
1634 1270 1723 1319 καὶ
1756 1270 1899 1339 ζωῆς

326 1356 424 1423 τῆς
456 1355 758 1423 ἀμείνονος.
791 1357 851 1408 El
886 1356 1054 1409 δὲκαὶ
1087 1359 1259 1427 χήραν
1294 1359 1444 1426 λέγει
1474 1360 1571 1429 τὴν
1601 1361 1893 1429 ἐστερημέ-

324 1456 425 1509 νην
458 1445 551 1493 τοῦ
606 1444 919 1511 σωματικοῦ
952 1448 1208 1514 νυμφίου,
1261 1448 1590 1500 σπαταλῶσα
1628 1450 1722 1501 καὶ
1751 1451 1901 1509 ζῶσα

326 1533 467 1584 κατὰ
515 1534 694 1602 σῶμα,
748 1535 965 1598 πάντως
1013 1537 1262 1607 τέθνηκε,
1303 1539 1458 1607 φησὶ,
1511 1545 1649 1594 κατὰ
1700 1542 1900 1611 ψυχήν.

338 1623 490 1676 Ἐπεὶ
522 1626 616 1677 καὶ
646 1626 881 1695 ἀλλαχοῦ
914 1644 1081 1696 φησιν
1111 1630 1137 1680 ὁ
1166 1630 1350 1694 αὐτὸς,
1388 1632 1467 1683 ὅτι
1494 1632 1734 1700 Νεκροὺς
1758 1634 1901 1702 ἡμᾶς

324 1715 485 1777 δντας
511 1717 618 1778 τοῖς
640 1717 1074 1787 παραπτώμασι,
1103 1720 1535 1792 συνεζωοποίησε
1562 1724 1635 1792 τῶ
1660 1725 1900 1793 Χριστῷ.
1928 1715 1964 1766 Β

326 1807 391 1858 Τί
425 1807 480 1859 δὲ
532 1809 560 1859 ὁ
590 1807 782 1873 εἰπὼν,
810 1811 993 1861 Ἔστιν
1036 1812 1279 1879 ἁμαρτία
1312 1813 1441 1882 πρὸς
1471 1813 1705 1867 θάνατον
1727 1834 1739 1880 ;
1765 1816 1904 1869 ἀλλὰ

326 1900 425 1951 καὶ
453 1901 481 1950 ὁ
517 1901 741 1969 Κύριος,
770 1902 988 1969 ἀφεῖναι
1035 1919 1142 1955 τινι
1191 1906 1495 1972 προστάξας
1524 1908 1647 1968 τοὺς
1675 1910 1902 1976 νεκροὺς

328 1990 552 2043 θάπτειν
605 1994 727 2053 τοὺς
778 1996 1029 2065 νεκροὺς,
1084 1997 1209 2058 τοὺς
1240 1999 1603 2065 ἐνταφιαστὰς
1666 2000 1904 2062 ἐκείνους

328 2083 469 2133 κατὰ
520 2081 680 2152 σῶμα
710 2082 946 2151 ζῶντας,
998 2088 1226 2158 νεκροὺς
1261 2086 1501 2153 πάντως,
1562 2089 1702 2141 κατὰ
1730 2088 1903 2159 ψυχὴν

328 2170 669 2239 ἀπεφήνατο.

407 2266 523 2329 μς.
560 2261 959 2331 Ἐκστήσαντες
988 2264 1205 2328 ἑκόντες
1261 2267 1483 2329 ἑαυτοὺς
1513 2269 1560 2319 οἱ
1594 2268 1685 2320 τοῦ
1716 2271 1907 2337 γένους

330 2353 677 2422 προπάτορες
707 2354 806 2423 τῆς
835 2353 928 2407 τοῦ
969 2356 1105 2409 Θεοῦ
1141 2359 1361 2429 μνήμης
1397 2363 1489 2412 καὶ
1526 2360 1779 2430 θεωρίας,
1813 2364 1907 2414 κα)⁵

328 2442 432 2509 τῆς
465 2445 676 2497 ἐκεῖθεν
701 2446 916 2514 ἐντολῆς
951 2447 1343 2519 ἀλογήσαντες,
1369 2451 1462 2503 καὶ
1492 2450 1569 2519 τῷ
1608 2452 1785 2520 νεκρῷ
1814 2452 1906 2503 τοῦ

332 2533 511 2587 Σο.τῶ
548 2536 949 2605 ὁμονοήσαντες
978 2543 1273 2610 πνεύματι,
1334 2544 1427 2594 καὶ
1469 2542 1560 2594 τοῦ
1596 2546 1904 2612 ἀπηγορευ-

334 2624 499 2692 μένου
532 2624 687 2688 ξύλου
709 2630 977 2695 φαγόντες
1016 2632 1166 2701 παρὰ
1222 2632 1449 2702 γνώμην
1480 2633 1568 2684 τοῦ
1602 2636 1905 2697 κτίσαντος,

331 2712 711 2783 γυμνωθέντες
744 2718 853 2771 τῶν
902 2721 965 2771 ἐκ
991 2721 1090 2790 τῆς
1143 2722 1348 2774 ἄνωθεν
1393 2724 1583 2790 αἴγλης
1631 2724 1907 2791 φωτεινῶν

332 2810 431 2859 καὶ
462 2808 707 2870 ξωτικῶν
736 2812 1076 2879 ἐνδυμάτων,
1108 2814 1313 2881 νεκροὶ,
1352 2814 1483 2883 φεῦι
1513 2815 1586 2875 ὡς
1638 2819 1664 2868 ὁ
1710 2817 1905 2881 Σατᾶν,

333 2899 430 2950 καὶ
459 2900 612 2952 αὐτοὶ
643 2904 785 2954 κατὰ
815 2903 1029 2973 πνεῦμα
1049 2904 1357 2971 γεγόνασιν.
1402 2907 1551 2959 Ἐπεὶ
1579 2908 1633 2958 δὲ
1658 2910 1683 2959 6
1712 2908 1906 2969 Σατᾶν,

1993 482 2090 520 nos
2140 466 2323 523 docuit
2352 470 2641 524 scribens:
2683 490 2700 522 ι
2746 469 2920 524 Vidua
2976 485 3099 539 quae
3154 472 3206 525 in
3240 472 3451 528 deliciis
3479 487 3564 528 est

1992 559 2200 624 vivens,
2229 570 2440 614 mortua
2471 571 2554 615 est
2582 562 2646 615 ὀ.
2683 580 2700 614 ι
2747 560 2805 615 1d
2862 571 3040 615 autem
3072 562 3141 617 ab
3168 563 3261 617 illo
3307 578 3431 619 esse
3482 566 3566 619 di-

1990 662 2140 705 ctum
2173 652 2238 706 de
2273 668 2333 708 re
2360 654 2516 708 nobis
2574 669 2721 709 nunc
2751 653 3049 723 proposita,
3096 655 3163 709 de
3210 656 3391 709 anima
3420 658 3567 711 scili-

1990 753 2077 796 cet
2110 744 2380 808 rationali,
2418 760 2521 799 non
2552 746 2688 801 male
2745 756 3086 802 assereretur
3122 761 3138 802 :
3171 746 3388 801 viduata
3418 748 3563 802 enim

1992 836 2263 902 spirituali
2294 851 2494 905 sponso
2525 839 2731 903 anima,
2759 838 2803 893 si
2839 852 2945 892 nou
2974 838 3135 892 anxia
3167 838 3241 892 sit
3268 849 3323 893 et
3350 839 3565 903 lugens,

1993 937 2046 981 et
2093 938 2299 980 arctam
2368 927 2734 999 aﬂlictamque
2778 930 2935 1000 degat
2976 930 3311 999 paenitentiae
3371 933 3564 994 vitam,

1994 1018 2086 1071 sed
2122 1017 2326 1073 diffluat
2362 1020 2732 1089 voluptatihus
2758 1030 2812 1075 et
2842 1021 3118 1091 indulgeat
3140 1022 3367 1087 deliciis,
3395 1038 3564 1090 quan—

1992 1126 2152 1179 quam
2208 1113 2418 1175 vivens,
2439 1122 2621 1179 utpote
2650 1128 2744 1179 per
2775 1114 3063 1167 essentiam
3093 1123 3175 1168 est
3215 1113 3561 1175 immortalis,

1996 1212 2207 1255 mortua
2241 1210 2419 1255 tamen
2462 1212 2543 1256 est
2573 1220 2589 1257 :
2620 1203 2821 1271 quippe
2872 1218 3042 1273 capax
3073 1214 3158 1258 est
3199 1205 3408 1265 mortis,
3445 1220 3567 1273 quae

1992 1302 2077 1347 est
2126 1294 2350 1358 malum,
2413 1294 2495 1347 vel
2555 1295 2700 1356 vitae,
2743 1310 2863 1361 qua:
2895 1303 2982 1349 est
3024 1295 3247 1348 bonum.
3294 1294 3350 1348 Si
3384 1304 3565 1349 autem

1996 1384 2085 1440 ille
2138 1384 2378 1454 loquitur
2434 1386 2502 1439 de
2554 1385 2713 1440 vidua
2749 1386 3020 1454 corporali
3074 1386 3303 1456 conjuge
3350 1387 3565 1448 orhata,

1994 1476 2074 1530 sic
2096 1475 2475 1546 intelligendus
2525 1486 2657 1531 est:
2700 1490 2821 1545 quae
2882 1476 2933 1528 in
2968 1475 3181 1530 deliciis
3203 1486 3305 1539 est,
3344 1474 3445 1528 etsi
3488 1476 3568 1528 vi-

1997 1582 2131 1621 vens
2185 1583 2436 1637 corpore,
2495 1583 2720 1637 prorsus
2783 1577 2993 1622 mortua
3054 1577 3138 1623 est
3192 1569 3396 1621 anima.
3432 1566 3566 1621 Nam

1996 1660 2136 1712 idem
2173 1660 2300 1713 alibi
2340 1660 2517 1713 dicit:
2560 1678 2578 1711 ι
2607 1659 2740 1714 Cum
2772 1674 3021 1714 essemus
3065 1660 3256 1712 mortui
3310 1660 3567 1727 peccatis,

1996 1750 2393 1803 conviviiicavit
2428 1766 2526 1805 nos
2581 1751 2631 1804 iu
2684 1751 2903 1803 Christo
2930 1751 2995 1805 “.
3042 1769 3061 1801 ι
3095 1749 3221 1803 Item
3253 1750 3343 1814 qui
3384 1750 3517 1802 dixit
3548 1763 3568 1804 :

2002 1859 2019 1891 ι
2066 1840 2154 1895 Εει
2196 1852 2471 1908 peccatum
2522 1841 2585 1893 ad
2634 1852 2860 1895 mortem
2928 1842 2996 1894 ²’.
3059 1859 3077 1892 ι
3144 1841 3265 1909 Ipse
3310 1841 3571 1893 Dominus

1996 1936 2206 1984 cuidam
2249 1914 2567 2001 prmcipieus
2608 1941 2661 1982 ut
2696 1933 2989 1985 dimitteret
3036 1942 3279 1985 mortuos
3334 1930 3570 1997 sepelire

2004 2041 2246 2082 mortuus
2272 2042 2422 2090 suos,
2458 2026 2760 2096 sepultores
2790 2027 2912 2081 illos
2937 2040 3167 2095 corpore
3183 2026 3427 2081 viventes
3448 2037 3573 2081 esse

2002 2133 2224 2185 prorsus
2264 2124 2511 2171 mortuos
2541 2115 2723 2170 anima
2750 2113 3165 2169 demonstravit.

2082 2260 2172 2314 46.
2209 2260 2302 2315 υιιί
2373 2263 2515 2315 ultro
2561 2263 2886 2316 destiterunt
2938 2262 3159 2313 humani
3201 2261 3417 2330 generis
3463 2275 3586 2327 pro-

2010 2355 2093 2406 avi
2142 2369 2169 2405 a
2225 2353 2314 2405 Dei
2372 2354 2631 2406 memoria
2718 2363 2767 2408 et
2830 2353 3313 2419 contemplatione,
3357 2352 3584 2419 ejusque

2012 2445 2320 2497 lltatltfalllm
2354 2456 2696 2513 spreverunt,
2725 2454 2779 2499 et
2823 2455 3035 2499 mortuo
3081 2444 3299 2497 Satanae
3352 2459 3584 2498 consen-

2010 2544 2203 2589 Seruut
2260 2534 2498 2601 spiritui.
2552 2549 2614 2588 ac
2668 2537 2733 2589 de
2776 2535 2955 2589 fructu
3016 2534 3187 2587 vetito
3234 2532 3588 2588 comederunt

2011 2636 2196 2678 contra
2238 2624 2516 2680 Creatoris
2568 2635 2855 2683 statutum.
2912 2626 3097 2678 nudati
3159 2625 3466 2693 splendoris
3493 2639 3588 2678 su-

2012 2716 2177 2783 premi
2219 2716 2411 2771 lucidis
2460 2725 2516 2770 et
2563 2716 2816 2769 vitalibus
2878 2715 3233 2776 indumentis,
3267 2724 3321 2767 et
3371 2712 3587 2767 Sataute

2012 2807 2182 2860 instar
2234 2818 2289 2861 et
2344 2808 2466 2875 ipsi,
2520 2807 2654 2860 heu!
2702 2808 2893 2876 spiritu
2928 2808 3125 2861 mortui
3172 2816 3321 2861 sunt.
3358 2808 3427 2859 At
3459 2808 3587 2875 quia

2012 2898 2248 2952 Satanas
2308 2915 2416 2951 non
2469 2909 2713 2951 mortuus
2767 2898 2940 2952 solum
2974 2909 3056 2951 est
3114 2899 3360 2966 spiritus.
3397 2896 3489 2952 scd
3533 2906 3589 2951 et

332 2990 394 3041 οὑ
424 2992 617 3059 νεκρόν
650 2994 765 3043 ἐστι
799 2992 1018 3062 πνεῦμα
1047 2994 1229 3062 μόνον,
1258 2995 1395 3046 ἀλλὰ
1418 2997 1508 3047 καὶ
1538 2996 1766 3066 νεκροῦν
1786 2999 1909 3061 τοὺς

2013 2990 2172 3042 morti
2204 2990 2342 3043 dans
2374 2991 2437 3042 ad
2496 3004 2553 3044 se
2584 2993 2933 3055 accedentes,
2964 2991 3123 3044 istius
3155 3000 3332 3043 autem
3367 2990 3588 3058 partici-

338 3079 677 3145 ἐγγίζοντας,
706 3083 815 3143 τοῖς
849 3082 903 3134 δὲ
943 3083 1273 3152 μετασχοῦσι
1303 3084 1401 3152 τῆς
1462 3086 1669 3139 ἐκείνου
1703 3087 1907 3155 νεκρῶ-

340 3186 478 3232 σεως
500 3173 590 3223 καὶ
624 3172 782 3241 σῶμα
810 3176 1011 3244 παρῆν,
1044 3174 1112 3226 δι’
1138 3170 1198 3228 οὗ
1227 3176 1318 3226 κοιλ⁵
1352 3177 1724 3246 συνεπερὰνθη
1772 3178 1910 3247 πρὸς

342 3263 504 3332 εργον
525 3262 752 3316 ἐλθοῦσα
780 3267 812 3333 ἠ
850 3265 1168 3334 νεκροποιὸς
1210 3265 1515 3335 συμϐουλὴ,
1544 3268 1909 3335 μεταδιδόασι,

341 3352 481 3419 φεῦι
516 3356 610 3407 καλ⁸
643 3357 754 3417 τοῖς
778 3355 999 3418 οἰκείοις
1023 3354 1260 3426 σώμασι,
1303 3359 1372 3409 τὰ
1402 3359 1572 3427 νεκρὰ
1601 3359 1695 3410 καὶ
1729 3376 1916 3429 νεκρο-

339 3445 472 3496 ποιὰ
499 3447 683 3497 ἐκεῖνα
710 3445 1001 3516 πνεύματα
1030 3448 1128 3513 τῆς
1170 3450 1511 3520 νεκρώσεως,
1547 3449 1648 3500 κᾶν
1694 3448 1912 3517 διελύθη

338 3538 596 3605 παραυτά
617 3539 752 3607 πρὸς
780 3542 885 3607 γῆν
903 3538 1235 3608 ἐπιστρέψαι)
1253 3539 1375 3591 ὅθεν
1397 3538 1604 3608 ἐληφθη
1632 3538 1690 3590 τὸ
1712 3539 1917 3608 ἀνθρώ⁴

340 3646 497 3682 πινον
529 3629 686 3699 σῶμα
708 3645 723 3659 ⁸
762 3633 809 3683 εἰ
838 3631 912 3699 μὴ
942 3631 1272 3701 προμηθείᾳ,
1311 3632 1403 3683 καὶ
1438 3629 1664 3698 δυνάμει
1693 3630 1914 3698 συνεχό-

343 3738 505 3791 μενον
542 3722 833 3793 κρείττονι,
862 3724 960 3791 τὴν
998 3723 1275 3790 ἀπόφασιν
1306 3722 1623 3791 ἐκαρτέρει·
1670 3720 1765 3771 τοῦ
1821 3721 1915 3790 ῥή-

347 3831 478 3882 ματι
518 3815 663 3884 μόνῳ
709 3816 779 3866 τὰ
807 3816 984 3866 πάντα
1021 3813 1275 3882 φέροντος
1296 3829 1309 3843 ·
1349 3809 1417 3882 ἦς
1440 3814 1608 3881 χωρὶς
1639 3811 1789 3863 οὐδὲν
1823 3815 1916 3863 ἐκ·

340 3907 578 3960 τελεῖται
608 3906 715 3956 τῶν
742 3904 1098 3974 τελουμένων.
1143 3903 1467 3972 Ἐκφέρεται
1501 3902 1543 3953 δ’
1600 3902 1783 3967 ἐκείνη
1821 3902 1917 3953 σὺν

342 3997 468 4065 δίκῃ
504 3996 759 4054 πάντοτε,
785 3997 1003 4059 Δίκαιος
1030 3998 1135 4067 γὰρ
1157 3999 1186 4048 6
1223 3996 1447 4062 Κύριος,
1488 3994 1628 4045 κατὰ
1662 3994 1750 4045 τὸν
1776 3993 1917 4044 θεῖον

341 4086 649 4156 Ψαλμῳδον
680 4089 873 4150 εἰπεῖν,
906 4089 999 4139 καὶ
1032 4087 1378 4148 δικαιοσύνας
1409 4087 1719 4155 ἠγάπησεν.

424 4174 529 4244 μζκ
578 4177 637 4227 '0
666 4177 796 4239 Θεὸς
827 4177 1055 4230 θάνατον
1097 4180 1196 4231 οὐκ
1230 4179 1475 4249 ἐποίησε,
1515 4179 1654 4230 κατὰ
1706 4178 1769 4229 τὸ
1822 4194 1917 4246 γε·

345 4268 667 4337 γραμμένον
689 4284 701 4297 ·
741 4270 878 4322 ἀλλὰ
905 4272 997 4322 καὶ⁸
1022 4271 1273 4337 γενέσθαι
1296 4271 1482 4324 τοῦτον
1512 4271 1806 4335 ἐκώλυσεν,
1836 4272 1921 4339 ἐφ’

2017 3080 2174 3148 pibus
2207 3082 2367 3134 etiam
2396 3096 2591 3148 corpus
2624 3083 2796 3135 inerat
2840 3096 2935 3150 per
2998 3081 3139 3147 quod
3208 3089 3589 3134 consmumata

2013 3179 2175 3224 estet
2226 3171 2383 3225 ducta
2428 3173 2494 3225 ad
2548 3186 2683 3239 opus
2734 3171 3007 3225 mortifera
3060 3172 3270 3233 suasio,
3335 3180 3586 3236 mortem,

2016 3262 2156 3315 heul
2189 3263 2438 3329 ipsismet
2475 3263 2794 3332 corporibus
2847 3264 2926 3317 illi
2990 3264 3187 3316 mortui
3222 3273 3277 3318 et
3322 3260 3591 3317 mortiferi

2022 3354 2245 3420 spiritus
2294 3357 2855 3420 communicaverunt,
2912 3365 2966 3408 et
3023 3355 3205 3410 statim
3265 3355 3588 3408 dissolutum

2018 3446 2269 3501 rediissct
2323 3447 2376 3499 in
2445 3458 2643 3500 terram
2697 3448 2839 3501 unde
2901 3458 3233 3515 assumptum
3282 3456 3367 3500 est
3403 3446 3593 3498 huma-

2017 3551 2143 3590 num
2195 3551 2415 3603 corpus,
2436 3536 2478 3590 si
2542 3552 2645 3589 non
2715 3537 3051 3605 providentia
3093 3545 3147 3589 et
3200 3534 3439 3602 potentia
3496 3533 3589 3587 Dei

2015 3628 2202 3697 Optimi
2231 3636 2631 3690 conservatum,
2653 3628 2768 3696 ejus
2790 3627 2880 3695 qui
2903 3627 3079 3679 omnia
3094 3641 3201 3679 uno
3224 3626 3387 3679 verbo
3405 3624 3590 3686 Sztlltil,

2020 3722 2345 3774 sententiam
2380 3723 2743 3789 opperiretur,
2790 3721 2910 3772 siue
2965 3734 3068 3787 qua
3106 3717 3240 3771 nihil
3288 3719 3346 3770 lit
3400 3730 3589 3771 eorum

2018 3826 2138 3878 quae
2193 3812 2346 3872 (lunt,
2402 3820 2453 3864 et
2488 3826 2607 3878 quae
2669 3808 2843 3863 fertur
2878 3808 3025 3877 juste
3079 3822 3321 3874 semper,
3357 3820 3592 3873 namque

2016 3903 2165 3971 juxta
2200 3903 2378 3955 divum
2412 3900 2748 3955 Psalmistaut
2781 3900 2831 3930 "
2862 3915 2876 3951 :
2924 3916 2942 3948 ι
2980 3897 3164 3951 Justus
3218 3896 3499 3964 Dominus,
3539 3906 3594 3952 et

2015 3992 2259 4061 justitias
2294 3990 2503 4045 dilexit.
2548 4010 2568 4042 ι

2092 4173 2183 4227 «l7.
2216 4171 2354 4224 Dens
2391 4180 2617 4223 mortem
2652 4184 2759 4223 non
2813 4168 2958 4231 fecit,
3008 4179 3064 4222 ut
3095 4168 3360 4235 scriptum
3417 4178 3497 4221 est
3523 4167 3594 4231 ",

2021 4265 2114 4317 sed
2141 4261 2267 4331 quin
2303 4262 2453 4315 ﬁeret
2486 4260 2747 4327 impediit,
2780 4266 3040 4327 quantum
3097 4260 3380 4325 oportebat
3410 4266 3462 4311 et
3509 4257 3595 4322 iu-

346 4362 474 4413 ὅσον
508 4361 697 4430 ἐχρῆν,
731 4363 823 4413 καὶ
856 4362 993 4430 μετὰ
1015 4361 1360 4431 δικαιοσύνης
1388 4363 1514 4430 ἐξῆν
1538 4361 1766 4414 κωλύειν
1798 4360 1921 4424 τοὺς

2023 4354 2172 4409 stitia
2202 4353 2395 4406 licebat
2428 4352 2692 4421 impedire
2733 4350 2929 4404 liberos
2958 4350 3024 4402 ab
3063 4349 3181 4418 ipso
3238 4349 3429 4402 factos.
3461 4346 3596 4400 Nam

346 4450 731 4514 αὐτεξουσίους
788 4454 919 4522 παρ’
964 4451 1129 4505 αὑτοῦ
1180 4454 1492 4520 γεγονότας.
1522 4454 1922 4522 Προεισήνεγκε

347 4543 460 4613 γὰρ
492 4544 685 4613 βουλὴν
739 4542 1273 4606 ἁπαθανατίζουσαν,
1304 4546 1396 4595 καὶ
1444 4544 1922 4612 προασφαλιζόμε-

350 4652 440 4694 νος
491 4634 630 4701 ἄγαν
660 4636 757 4704 τὴν
784 4633 1045 4697 ζωοποιδν
1070 4634 1398 4704 συμϐουλὴν,
1430 4635 1635 4687 οἰκείαν
1667 4636 1924 4704 ἐποίησεν

350 4727 606 4797 ἐντολήν·
641 4730 733 4780 καὶ
780 4728 1150 4795 προηγόρευσε
1192 4728 1443 4796 φανερῶς
1492 4730 1586 4779 καὶ
1637 4727 1923 4797 ἠπείλησε,

353 4818 581 4869 θάνατον
637 4815 777 4870 εἶναι
810 4820 1212 4886 διατεινάμενος
1258 4819 1355 4886 τῆς
1421 4818 1665 4888 ζωούσης
1706 4820 1927 4887 ἐντολῆς

351 4911 454 4975 τὴν
483 4907 771 4978 ἀθέτησινο
804 4909 876 4971 ώς
914 4910 978 4962 ἂν
1006 4912 1036 4980 ἢ
1070 4912 1239 4981 πόθῳ,
1273 4912 1305 4981 ἦ
1338 4912 1561 4978 γνώσει,
1592 4914 1625 4981 ἢ
1658 4912 1806 4981 φόϐῳ
1827 4916 1925 4981 τὴν

357 4997 450 5049 τοῦ
485 4998 716 5051 θανάτου
748 5004 941 5069 πεῖραν
962 5001 1317 5067 φυλάξωνται.
1344 5004 1415 5053 Τὸ
1441 5004 1549 5071 γὰρ
1570 5004 1800 5056 ἑκάστου
1822 5008 1927 5056 mw

358 5093 677 5159 κτισμάτων
706 5093 987 5160 συμφέρον
1012 5094 1039 5143 ὁ
1065 5091 1196 5154 Θεὸς
1222 5094 1383 5159 φιλεῖ,
1414 5096 1507 5145 καὶ
1533 5096 1811 5159 γινώσκει,
1838 5097 1931 5148 καὶ

355 5181 601 5235 δύναται.
636 5184 697 5235 Εἰ
732 5185 828 5251 μὲν
861 5181 952 5236 οὖν
993 5185 1255 5251 ἐγίνωσκε
1285 5187 1467 5254 μόνον.
1517 5187 1617 5237 οὐκ
1646 5187 1819 5253 ἐφίλει
1849 5188 1929 5251 δὲ,

356 5274 479 5344 τάχ’
539 5275 604 5328 ἂν
655 5277 816 5338 αὐτὸς
875 5278 1095 5347 εἴργων,
1150 5277 1432 5332 ἀτέλεστον
1474 5278 1607 5347 ἠφίη
1661 5280 1719 5330 τὸ
1751 5280 1928 5342 καλῶς

2028 4444 2283 4512 primitus
2317 4441 2463 4495 dedit
2491 4440 2779 4495 consilium
2810 4452 2917 4502 quo
2945 4436 3330 4490 immortalitas
3364 4433 3600 4489 conferri

2027 4543 2229 4602 posset,
2259 4541 2312 4586 et
2347 4532 2521 4585 valide
2568 4530 2941 4600 pnenmuiens
2984 4528 3260 4580 viviﬁcqu
3292 4527 3391 4579 hoc
3419 4526 3602 4580 cousi-

2028 4624 2162 4677 lium
2195 4664 2208 4686 ,
2264 4623 2541 4691 peculiare
2593 4623 2799 4675 addidit
2834 4620 3176 4681 mandatum,
3230 4628 3283 4672 et
3320 4628 3505 4683 aperte
3530 4620 3604 4672 si-

2024 4720 2301 4786 guilicavit
2369 4728 2529 4785 atque
2584 4718 2823 4769 minatus
2875 4726 2981 4775 est.
3037 4723 3267 4767 mortem
3305 4712 3418 4764 fore
3453 4710 3601 4763 amr-

2028 4828 2180 4865 mans
2222 4810 2545 4864 viviﬁcautis
2578 4813 2829 4878 praecepti
2860 4807 3374 4875 transgressionem,
3402 4813 3459 4856 ut
3488 4804 3604 4858 sive

2028 4920 2233 4965 amore,
2265 4907 2381 4957 sive
2418 4903 2673 4965 scientia,
2730 4904 2844 4957 sive
2907 4908 3049 4951 metu
3117 4913 3143 4949 a
3204 4898 3391 4949 mortis
3436 4912 3604 4964 expe-

2030 4995 2224 5050 rientia
2252 5004 2525 5049 caverent.
2564 4994 2695 5048 Nam
2732 4991 3162 5058 uniuscujusque
3218 4998 3603 5042 creaturarum

2029 5088 2374 5143 commodum
2411 5085 2551 5141 Deus
2580 5094 2724 5138 amat
2757 5083 2968 5150 scitque
3001 5092 3053 5136 et
3092 5091 3287 5151 potest.
3345 5080 3401 5135 Si
3456 5082 3602 5136 enim

2026 5191 2381 5253 cognosceret
2453 5188 2682 5240 tantum,
2727 5175 2865 5229 haud
2899 5190 3029 5228 vero
3075 5175 3344 5245 diligeret,
3376 5172 3603 5227 forsitan

2022 5275 2140 5343 ipse
2199 5272 2511 5341 impediret.
2567 5284 2666 5323 nec
2710 5268 2823 5321 ﬁeri
2886 5270 3090 5323 sineret
3119 5268 3257 5335 quod
3323 5267 3459 5319 bene
3507 5280 3601 5318 co-

360 5368 764 5437 γινωσκὸμενον
792 5386 805 5400 ’
840 5372 887 5421 εἰ
911 5372 952 5422 δ’
984 5372 1212 5439 ἀγαπῶν
1244 5372 1343 5423 οὐκ
1400 5372 1711 5438 ἐγίνωσκεν,
1749 5373 1781 5442 ἢ
1834 5375 1927 5425 οὐκ

2021 5364 2253 5435 gnoscit.
2287 5362 2343 5415 Si
2397 5375 2527 5414 vero
2583 5374 2774 5433 amans
2829 5375 2933 5413 non
2979 5366 3325 5424 cognosceret
3358 5366 3449 5408 aut
3496 5369 3601 5408 non

363 5457 610 5522 ἐδύνατο,
642 5460 761 5529 τάχ’
789 5460 854 5513 ἂν
874 5462 968 5513 καὶ
995 5464 1067 5529 μὴ
1094 5462 1283 5515 τούτου
1310 5464 1524 5525 ἑκόντος
1557 5461 1692 5517 εἶναι
1719 5466 1777 5515 τὸ
1804 5482 1874 5517 πα
1888 5466 1931 5533 ρ’

440 5651 484 5681 ¹⁰
518 5650 536 5704 ι
567 5652 704 5705 Tim.
741 5668 791 5716 v,
830 5651 881 5703 6.
961 5651 1002 5681 ¹¹
1032 5648 1226 5718 Epltcs.
1268 5663 1327 5713 ll,
1362 5646 1413 5699 5.

1494 5645 1537 5677 “
1562 5644 1578 5697 ι
1607 5644 1739 5698 Joau
1771 5659 1818 5707 ν,
1860 5644 1938 5699 l6.

2021 5465 2225 5526 posset.
2258 5454 2510 5515 fortasse,
2564 5455 2679 5521 ipso
2731 5454 2888 5507 etiam
2940 5450 3126 5513 iuvitn,
3163 5448 3302 5517 quod
3358 5456 3502 5500 amat
3537 5460 3602 5501 ac

2028 5641 2074 5671 υ
2097 5636 2239 5691 Psal.
2286 5652 2338 5697 κ,
2373 5635 2423 5689 8.
2507 5634 2548 5667 "
2590 5633 2716 5702 Sap.
2749 5647 2785 5697 l,
2826 5632 2908 5684 l5.
