3962 6208
313 252 452 320 11η

309 466 486 532 ginem
545 475 706 517 etiam
765 482 906 518 nunc
959 467 1150 530 simus,
1212 467 1276 520 ad
1332 466 1421 520 Dei
1472 466 1882 520 similitudinem

313 558 481 609 multo
512 557 708 617 minus,
741 565 793 609 et
847 557 1146 624 praesertim
1176 572 1342 622 nunc,
1373 573 1565 612 sumus
1591 573 1750 624 quam
1785 575 1883 610 an-

307 662 338 712 g
377 646 411 698 li
462 648 606 700 Doni.
642 647 907 716 Nnnqne,
939 657 998 700 ut
1050 657 1245 703 caetera
1281 665 1424 703 nunc
1452 649 1719 714 omittam,
1756 664 1880 716 per-

311 740 446 790 fecta
497 738 590 790 Dei
623 739 920 794 similitudo
957 740 1011 794 iit
1045 755 1276 809 superna
1306 741 1400 795 Dei
1440 741 1833 796 illuminatione
1863 756 1882 799 :

310 849 411 892 qua
450 835 688 898 ι›ι·ἱν.ιιοε
721 850 839 889 esse
873 836 1048 891 malos
1081 838 1322 906 angelos,
1356 837 1480 905 quia
1512 838 1610 892 sub
1644 837 1880 892 tenebris

311 932 456 984 sunt,
497 923 757 977 ctnnnlari
791 941 916 980 vero
951 926 1163 981 divinos
1194 930 1417 997 spiritus
1447 944 1530 994 ea,
1570 944 1688 998 qua:
1718 946 1877 985 νουσα

311 1024 395 1064 tur
430 1017 660 1067 secunda
697 1018 784 1070 lux
832 1029 885 1071 et
937 1020 1123 1087 primae
1169 1019 1304 1075 locis
1335 1021 1628 1088 ellluvium,
1683 1023 1877 1084 nescit,

313 1116 367 1157 nt
402 1107 659 1174 :nbitror,
713 1125 874 1164 nemo
919 1126 1108 1165 eorum
1153 1113 1246 1181 qui
1295 1124 1550 1167 accurate
1585 1114 1878 1180 percallent

309 1198 572 1266 inspirata
611 1202 866 1256 divinitus
913 1203 1147 1270 eloquia.
1196 1203 1409 1257 Habent
1460 1221 1622 1274 porro
1657 1209 1707 1258 in
1761 1207 1880 1260 luce

307 1290 410 1342 hac
452 1291 576 1344 boni
626 1293 802 1360 angeli
847 1293 1010 1347 etiam
1062 1295 1405 1360 sensibilium
1464 1296 1875 1366 cognitionem:

308 1396 480 1448 neque
528 1384 789 1438 sensitiva
838 1393 932 1438 aut
981 1386 1213 1439 naturali
1251 1386 1507 1440 facultate
1555 1390 1666 1442 hinc
1700 1387 1879 1458 perci-

307 1473 480 1536 pittttl,
511 1474 602 1526 sed
631 1489 696 1528 ea
731 1487 1061 1544 cognoscunt
1089 1478 1268 1532 divina
1302 1481 1525 1545 virtute,
1555 1495 1717 1549 quam
1747 1482 1877 1536 nihil

309 1567 578 1620 ullatenus
619 1570 986 1635 praesentium,
1026 1573 1490 1640 praeteritornmve
1528 1584 1619 1627 aut
1663 1575 1877 1631 futuro-

309 1672 430 1710 t‘utn
457 1660 624 1712 lalcre
655 1670 854 1729 potesl.

371 1929 462 1982 65.
499 1928 659 1983 Lucis
702 1930 866 2000 hujus
905 1933 1212 2002 participes,
1246 1950 1366 1990 cum
1399 1953 1516 1992 eam
1549 1940 1615 1994 ad
1659 1955 1877 1996 menSu-

311 2036 421 2073 ram
487 2023 752 2090 ltaln‘uttl,
808 2024 932 2077 huic
999 2041 1263 2080 mensura:
1323 2044 1616 2100 congruam
1676 2035 1876 2088 habent

304 2114 588 2164 scientiam
616 2105 830 2165 ‘rernm.
881 2113 1027 2166 lllant
1064 2131 1225 2183 porro
1255 2119 1463 2188 angelis
1507 2119 1782 2190 δαρεικοί-ε,
1821 2133 1876 2176 et

299 2220 419 2256 esse
452 2207 766 2268 inci-catam,
803 2220 902 2259 nec
935 2215 1110 2262 tamen
1139 2224 1261 2264 esse
1296 2210 1529 2266 divinam
1559 2215 1871 2277 essentiam,

300 2298 480 2350 scin..t
528 2299 849 2366 quicunque
901 2297 954 2351 in
1005 2299 1144 2354 divis
1193 2302 1452 2370 apostolis
1503 2319 1565 2359 ac
1607 2305 1874 2378 theologis

300 2392 436 2443 scite
471 2400 776 2444 versantur.
825 2390 928 2446 Sed
977 2392 1359 2449 dissentientes
1409 2396 1780 2466 blasphemani
1817 2400 1870 2453 in

300 2483 534 2536 divinam
567 2484 704 2536 hanc.
725 2483 921 2548 lucem,
948 2500 1066 2539 eam
1097 2497 1188 2539 aut
1209 2497 1536 2550 creaturam,
1565 2500 1656 2545 aut
1681 2508 1871 2548 esseu-

303 2575 428 2625 tiam
462 2573 553 2628 Dei
592 2591 712 2630 esse
743 2577 1151 2632 contendentes.
1179 2575 1312 2631 Cum
1342 2593 1506 2648 porro
1532 2596 1650 2636 eam
1683 2583 1873 2638 dicunt

301 2676 641 2732 rrealurattt,
696 2684 800 2720 non
852 2670 1158 2721 conoednnt
1211 2683 1330 2723 eam
1383 2685 1506 2725 esse
1551 2676 1870 2742 angelorum

300 2759 498 2812 lucem.
557 2760 712 2812 Adsit
770 2777 912 2813 nunc
966 2761 1288 2831 Areopagita
1351 2762 1654 2834 theologus,
1714 2771 1869 2838 quasi

299 2851 614 2905 suunnatim
668 2863 758 2905 ttta
813 2851 900 2904 illa
949 2852 1254 2908 dilucidans
1300 2870 1368 2910 ζ(
1415 2856 1752 2922 Circnlatim,
1787 2861 1869 2914 in-

297 2946 436 3009 quit,
468 2944 578 2996 divi
629 2927 862 3010 Spiritus
902 2945 1053 3010 moti,
1091 2948 1349 3001 uniuntur
1377 2947 1495 3003 sine
1528 2952 1790 3019 principio
1818 2966 1872 3009 et

1523 259 1910 318 GHEGORII
1961 260 2287 324 PALAM/E

380 373 469 424 lii.
506 369 723 436 Verum,
761 372 885 428 licet
913 375 1080 442 magis
1113 387 1270 442 quam
1305 372 1477 442 angeli
1518 377 1582 427 ad
1621 374 1709 427 Dei
1749 375 1879 427 ima-
1912 382 1952 434 Α

1913 1715 1933 1764 Ι

3401 269 3554 333 1¹ί8

2050 387 2138 452 ξδ’.
2191 385 2314 437 Ali.”
2347 388 2394 435 εί
2427 381 2516 435 καὶ
2550 382 2607 435 τὸ
2633 384 2752 433 κατ’
2781 383 2962 434 εἰκόνα
2994 382 3192 450 μᾶλλον
3247 384 3408 452 ἡμεῖς
3436 385 3549 436 τῶν

1979 477 2222 546 ἀγγέλων
2252 475 2445 544 ἔχομεν
2479 475 2569 526 καὶ
2608 473 2772 542 μέχρι
2804 471 2919 534 νῦν,
2949 468 3084 543 πρδς
3117 472 3176 525 τὸ
3198 471 3317 525 καθ’
3347 475 3549 541 ὁμοίω-

1977 584 2061 620 σιν
2083 563 2219 618 εἶναι
2242 567 2337 617 τοῦ
2370 563 2528 626 Θεοῦ,
2552 563 2732 632 πολλῷ
2764 561 3155 632 ἐλαττούμεθα,
3188 567 3278 616 καὶ
3311 566 3550 634 μάλιστα

1976 655 2092 720 νῦν,
2139 655 2250 708 τῶν
2285 653 2502 722 ἀγαθῶν
2549 652 2819 720 ἀγγέλων.
2857 653 2974 704 Ἵνα
3023 654 3132 724 γὰρ
3163 653 3231 705 τὰ
3287 654 3423 707 ἄλλα
3455 654 3555 705 νῦν

1974 747 2174 817 ἀφῶ,ή
2203 744 2481 807 τελείωσις
2506 743 2597 796 τοῦ
2628 741 2750 796 καθ’
2795 742 3053 812 ὁμοίωσιν
3088 739 3226 796 εῖναι
3251 744 3348 796 τοῦ
3389 744 3552 804 Θεοῦ.

1972 839 2061 890 διὰ
2080 837 2177 905 τῆς
2206 838 2270 889 ἐκ
2299 835 2431 888 Θεοῦ
2471 833 2620 896 Θείας
2651 832 2966 902 ἐλλάμψεως
3009 834 3264 892 τελεῖται.
3296 831 3364 904 ἧς
3393 837 3555 888 ἐστε-

1977 930 2174 1001 ρῆσθαι
2233 928 2330 998 μὲν
2370 927 2495 989 τοὺς
2531 926 2797 996 πονηροὺς
2849 925 3138 992 ἀγγέλους,
3191 926 3273 978 διδ
3305 927 3400 979 καὶ
3447 928 3557 980 ὑπὸ

1976 1022 2137 1090 ζόφον
2170 1019 2495 1089 γεγενῆσθαι
2515 1035 2528 1047 ⁸
2559 1017 2916 1088 ἐμεορεῖσθαι
2943 1016 2999 1069 δὲ
3024 1019 3146 1078 τοὺς
3169 1017 3348 1082 θείους
3384 1020 3515 1082 νόας
3535 1037 3552 1049 ο

1975 1115 2054 1168 διὸ
2088 1113 2183 1167 καὶ
2216 1113 2471 1184 δεύτερον
2515 1110 2796 1165 καλεῖσθαι
2843 1110 2992 1178 φῶς,
3047 1112 3142 1163 καὶ
3181 1111 3275 1164 τοῦ
3329 1112 3558 1184 πρώτου

1977 1207 2152 1277 φωτὸς
2177 1205 2478 1278 ἀπορροὴν,
2503 1203 2694 1256 οὐδένα
2729 1203 2795 1256 ἂν
2823 1198 2976 1273 οἶμαι
3003 1205 3246 1270 ἀγνοεῖν,
3294 1203 3402 1256 τῶν
3425 1204 3557 1256 ἐπι-

1980 1296 2158 1368 μελῶς
2206 1297 2300 1348 καὶ
2346 1295 2484 1368 μετὰ
2519 1293 2791 1357 συνέσεως
2825 1295 3261 1362 ἐντυγχανόντων
3290 1295 3400 1357 τοις
3433 1296 3560 1347 Oso-

1978 1388 2267 1449 πνεύστοις
2294 1386 2516 1454 λογίοις.
2548 1387 2771 1453 Ἔχουσι
2795 1385 2853 1438 δὲ
2873 1385 3123 1438 ἐντεῦθεν
3147 1387 3197 1438 oi
3218 1386 3414 1454 ἀγαθοὶ
3441 1388 3557 1440 τῶν

1978 1476 2226 1545 ἀγγέλων
2249 1477 2344 1529 καὶ
2373 1476 2471 1546 τὴν
2496 1475 2605 1528 τῶν
2638 1475 2912 1544 αἰσθητῶν
2945 1475 3145 1542 γνῶσιν
3173 1491 3185 1504 ·
3217 1476 3282 1528 οὐ
3321 1476 3431 1547 γὰρ
3461 1479 3555 1530 αἱ·

1982 1566 2211 1638 σθητικῇ
2245 1569 2336 1620 καὶ
2391 1568 2595 1634 φυσικῇ
2622 1565 2854 1634 δυνάμει
2893 1564 3099 1618 τούτων
3120 1565 3556 1633 ἀντιλαμϐάνον-

1979 1674 2094 1723 ται,
2119 1658 2256 1712 ἁλλὰ
2286 1656 2511 1710 θεοειδεῖ
2529 1656 2754 1726 δυνάμει
2772 1655 3131 1724 γινώσκουσιν
3158 1658 3295 1710 αύτᾶ
3313 1674 3328 1687 ·
3354 1652 3422 1729 ἧς
3445 1675 3558 1729 μη-

1938 1718 1951 1763 ,
1980 1718 2090 1802 δένν
2117 1749 2226 1803 τῶν
2272 1749 2624 1820 ὁπωσδήποτε
2664 1718 2947 1818 παρόντων
2975 1749 3007 1817 ἢ
3041 1718 3473 1819 παρῳχηκότων,
3511 1718 3556 1822 ’ἢ

1985 1840 2287 1912 μελλόντων
2315 1839 2761 1911 ἀποκρύπτεσθαι
2784 1840 3026 1894 δύναται.

2055 1932 2146 1998 ξε’.
2180 1931 2395 2000 Ταύτης
2425 1932 2524 2002 τῆς
2559 1931 2874 2002 ἐλλάμψεως
2925 1935 2974 1985 οί
3007 1933 3345 2003 μετέχοντες,
3371 1935 3558 2006 μέτρῳ

1983 2023 2187 2093 ταύτην
2225 2023 2460 2092 ἔχοντες,
2482 2021 2762 2089 ἀναλόγως
2790 2021 2869 2091 τῷ
2901 2023 3104 2093 μέτρῳ,
3161 2024 3257 2077 καὶ
3279 2024 3379 2094 τὴν
3411 2027 3557 2093 γνῶ-

1987 2133 2070 2168 σιν
2103 2114 2285 2185 ἔχουσι
2317 2113 2425 2166 τῶν
2459 2113 2646 2167 ὄντων.
2681 2113 2804 2164 Ὀτι
2837 2113 2891 2166 δὲ
2924 2115 3013 2165 καὶ
3054 2114 3104 2166 oi
3155 2115 3375 2182 ἄγγελοι
3424 2133 3559 2184 μετ.

1994 2208 2212 2277 έχουσιν
2238 2205 2431 2276 αὐτῆς,
2464 2207 2557 2260 καὶ
2583 2205 2664 2258 ὅτι
2699 2205 2947 2266 ἅκτιστός
2984 2207 3120 2271 ἐστι,
3139 2208 3231 2258 καὶ
3257 2208 3332 2270 ὼς
3371 2209 3403 2277 ἡ
3431 2207 3559 2260 θεία

1984 2299 2140 2352 οὐσία
2166 2298 2264 2353 οὐκ
2293 2298 2427 2360 ἐστι,
2460 2298 2658 2360 πάντες
2695 2296 2791 2366 μὲν
2823 2297 2998 2348 ἴσασιν
3020 2300 3068 2348 οἱ
3127 2299 3236 2360 τοῖς
3271 2297 3555 2365 θεοσόιροις

1985 2391 2301 2454 ἀποστόλοις
2354 2393 2448 2443 καὶ
2477 2389 2747 2455 θεολόγοις
2797 2388 3054 2458 ἐμμελῶς
3111 2391 3555 2458 ἐντυγχάνοντες.

1998 2485 2152 2538 Ἐπεὶ
2185 2483 2242 2537 δὲ
2293 2484 2343 2537 οί
2375 2483 2442 2536 τὰ
2485 2481 2706 2535 ἐναντία
2759 2481 3102 2552 φρονοῦντες.
3139 2481 3558 2552 βλασφημοῦσιν

1984 2579 2064 2640 είς
2098 2576 2194 2648 τὴν
2240 2576 2390 2630 θείαν
2413 2575 2614 2642 ταύτην
2641 2573 2930 2644 ἐλλαμψιν,
2963 2572 2994 2642 ἢ
3033 2557 3236 2642 κτίσμα
3265 2574 3495 2642 ταύτην,
3517 2575 3552 2645 ἦ

1984 2667 2172 2720 οὐσίαν
2231 2663 2369 2719 εἶναι
2415 2666 2510 2720 τοῦ
2561 2665 2698 2719 Θεοῦ
2728 2662 3117 2730 διατεινάμενοι
3141 2679 3154 2694 ·
3179 2665 3273 2716 καὶ
3296 2666 3460 2732 ἡνίκα
3489 2664 3554 2717 ἂν

1985 2762 2190 2830 κτίσμα
2242 2759 2493 2825 λέγουσιν
2543 2758 2732 2828 αὐτὴν,
2779 2757 2840 2810 ού
2881 2756 3254 2826 συγχωροῦσιν
3281 2754 3554 2809 εἶναιτῶν

1985 2851 2232 2917 ἀγγέλων
2260 2849 2461 2920 ταύτην
2488 2849 2599 2918 φῶς
2619 2865 2634 2880 ·
2660 2848 2870 2918 παρίτω
2894 2843 2990 2898 νῦν
3016 2847 3045 2898 6
3083 2848 3139 2912 ἐξ
3182 2847 3392 2916 ’Λρείου
3450 2847 3555 2898 πᾶ-

1983 2957 2082 3008 γου
2119 2939 2461 3010 θεοφάντωρ,
2493 2933 2574 3002 ὡς’
2599 2941 2656 2991 ἐν
2676 2939 2870 3008 βραχεί
2896 2940 3077 2993 καὶτὰ
3103 2938 3229 3009 τρία
3255 2939 3414 2992 ταυτὶ
3437 2941 3555 2992 δια-

299 3033 406 3085 {ine
442 3031 925 3086 illuminatiouibus
959 3037 1174 3102 pulchri
1202 3047 1256 3092 et
1289 3038 1439 3094 boni.
1475 3059 1493 3092 ι
1525 3041 1870 3114 Div-ovspiri-

1995 3033 2194 3104 ταφῶν.
2252 3032 2541 3096 Κυκλικῶς
2567 3033 2696 3103 γὰρ,
2732 3033 2918 3101 φησὶν,
2974 3035 3023 3086 oi
3069 3033 3201 3086 θεῖοι
3244 3032 3558 3100 κινούμενοι

300 3135 387 3177 tus
431 3133 650 3192 angelos
685 3126 853 3181 honos
884 3127 951 3182 ab
995 3143 1059 3183 eo
1089 3131 1215 3195 dici,
1246 3133 1496 3189 omnibus
1531 3135 1717 3202 liquet,
1747 3139 1867 3206 plu-

302 3214 487 3268 raliter
529 3231 656 3271 vero
703 3216 1122 3274 illumimttioncs
1173 3222 1291 3274 illas
1344 3223 1660 3292 proferens,
1697 3241 1727 3280 a
1773 3226 1866 3282 Dei

296 3305 536 3358 essentia
581 3305 836 3362 discrevit
869 3324 883 3363 :
918 3311 1028 3364 haec
1060 3312 1204 3365 ctum
1256 3329 1358 3366 una
1410 3325 1493 3369 est
1541 3324 1595 3370 et
1643 3319 1866 3373 omnino

300 3401 550 3453 indivisa.
613 3399 716 3456 Eas
765 3400 982 3455 demum
1035 3404 1153 3458 sine
1199 3406 1465 3474 principio
1497 3415 1551 3462 et
1598 3410 1704 3464 line
1748 3426 1866 3464 esse

297 3493 502 3557 dicens,
539 3492 668 3562 quid
717 3492 860 3546 aliud
904 3510 1066 3563 quam
1105 3498 1371 3553 increatas
1408 3501 1562 3555 nobis
1598 3505 1868 3556 ostendit?

1984 3127 2377 3195 νόες,ἐνοῦνται
2409 3129 2526 3189 ταῖς
2555 3125 2810 3194 ἀνάρχοις
2837 3127 2929 3178 καὶ
2963 3126 3341 3194 ἀτελευτήτοις
3365 3125 3558 3192 ἐλλάμ-

1982 3222 2108 3292 ψεσι
2156 3219 2249 3274 τοῦ
2296 3199 2462 3273 καλοῦ
2507 3218 2602 3271 καὶ
2653 3215 2881 3284 ἀγαθοῦ.
2910 3217 3036 3270 Ὅτι
3083 3215 3184 3286 μὲν
3233 3215 3328 3268 οὖν
3376 3215 3555 3277 θείους

1982 3315 2108 3374 νόας
2131 3312 2257 3374 τοὺς
2287 3311 2521 3378 ἀγαθοὺς
2549 3307 2814 3374 ἀγγέλους
2855 3309 3008 3377 φησὶ,
3037 3309 3150 3368 τοῖς
3197 3307 3332 3359 πᾶσι
3361 3305 3520 3374 δῆλον
3538 3321 3553 3334 ’

1985 3402 2364 3473 π).ηθυντικίῖ’ς
2400 3403 2455 3456 δὲ
2487 3401 2689 3463 ταύτας
2717 3402 2814 3464 τὰς
2839 3399 3134 3469 ἐλλάμψεις
3166 3398 3547 3468 προενεγκὼν,

1980 3497 2078 3566 τῆς
2099 3496 2193 3550 τοῦ
2229 3493 2364 3547 Θεοῦ
2395 3492 2685 3546 διέστειλεν
2716 3492 2905 3554 οὐσίας
2925 3508 2939 3522 °
2978 3493 3074 3562 μία
3105 3489 3214 3560 γὰρ
3245 3491 3428 3556 εκείνη
3463 3489 3560 3541 καὶ

307 3581 658 3635 παντάπασιν
695 3582 1018 3654 ἀδιαίρετος.
1062 3583 1360 3656 Ἀνὰρχους
1393 3587 1450 3639 δέ
1483 3589 1578 3642 καὶ
1608 3587 2000 3659 ἀτελευτήτους
2039 3592 2381 3660 προσειπὼν,
2408 3593 2459 3646 τί
2494 3593 2677 3664 ἄλλοῆ
2714 3595 3011 3661 ἀκτίστους
3042 3592 3183 3654 εἶναι
3207 3601 3559 3673 παρέστησεν

305 3676 436 3745 ἡμῖν
455 3691 470 3741 ς

388 3769 475 3821 66.
514 3767 706 3820 Diviuo
736 3767 838 3821 hoc
872 3766 1075 3820 lumine
1105 3777 1160 3820 et
1195 3766 1480 3836 Splendorc
1525 3775 1739 3821 exntam
1797 3785 1889 3836 per

320 3869 595 3927 peccatum
627 3867 868 3913 nostram
908 3867 1179 3922 naturam,
1213 3871 1496 3927 postquam
1531 3859 1891 3914 deformitatis

317 3955 438 4022 ejus
469 3954 752 4006 tnisertum
803 3952 898 4005 Dei
935 3950 1173 4006 Verbum
1215 3965 1308 4020 per
1341 3953 1550 4006 viscera
1585 3953 1893 4008 misericor-

321 4048 421 4099 dia:
451 4045 763 4115 assumpsit,
791 4046 1029 4098 indutam
1063 4043 1315 4112 fulgidins
1346 4043 1399 4097 in
1433 4042 1651 4099 Thabor
1680 4047 1895 4101 selectis

321 4139 602 4206 discipulis
630 4138 867 4192 ostendit
894 4152 913 4192 :
937 4137 1127 4206 quales
1154 4137 1280 4190 olim
1313 4137 1591 4204 fuerimus,
1624 4149 1679 4193 et
1707 4141 1894 4207 quales

321 4237 376 4288 in
408 4233 584 4286 futuro
614 4232 811 4287 smculo
841 4245 939 4284 nos
971 4230 1215 4284 tacturus
1243 4230 1331 4294 sit,
1363 4231 1404 4285 si
1439 4231 1609 4300 ipsius
1639 4247 1736 4302 pro
1766 4234 1896 4286 viri-

323 4325 425 4378 luts
453 4324 656 4377 similes
695 4323 875 4375 vivere
904 4320 1258 4385 voluerimus,
1292 4321 1694 4399 demonstrans,
1729 4335 1788 4378 ut
1823 4325 1894 4378 ait

325 4415 562 4469 Joannes
603 4413 1049 4481 Chrysostomus.

398 4593 489 4648 67.
513 4593 672 4649 illius
709 4595 876 4650 divini
915 4595 1140 4672 luminis
1187 4612 1248 4653 ac
1283 4597 1586 4667 splendoris
1623 4602 1898 4673 particeps

331 4704 456 4747 ante
491 4703 774 4763 peccatum
824 4690 1016 4757 Adam,
1050 4699 1233 4761 utpote
1262 4705 1384 4745 vere
1435 4693 1627 4747 stolam
1682 4695 1901 4750 indutus

330 4786 534 4855 gloriae,
572 4803 676 4840 non
714 4794 832 4839 erat
862 4785 1058 4848 nudus,
1093 4786 1184 4838 sed
1211 4783 1382 4837 multo
1411 4783 1708 4852 pulchrior,
1736 4800 1900 4856 supra

334 4892 496 4946 quam
522 4877 623 4930 dici
651 4877 850 4943 possit,
877 4874 944 4929 iis
969 4875 1058 4944 qui
1083 4889 1228 4930 nunc
1258 4874 1675 4944 t-ircuml'ulgent
1698 4879 1906 4933 ornatis

337 4985 472 5021 auro
537 4967 704 5020 tunlto
761 4975 816 5021 et
868 4981 1203 5035 gemmarum
1256 4967 1430 5020 nitore
1483 4967 1904 5027 diademalibns.

338 5050 486 5116 Illam
511 5059 748 5113 divinam
774 5059 1191 5112 illustrationem
1216 5067 1268 5111 et
1291 5059 1519 5127 gratiatn
1543 5058 1656 5128 ipse
1680 5075 1906 5130 magnus

338 5153 533 5208 l‘aulus
577 5151 856 5207 cmleStem
892 5163 1132 5205 nostram
1181 5151 1571 5205 habitationem
1607 5161 1782 5216 vocat,
1817 5153 1907 5206 di-

337 5261 467 5301 cens
490 5262 506 5301 :
530 5265 547 5296 ι
577 5246 633 5299 la
662 5247 762 5298 hoc
786 5244 1207 5311 ingemiscimns,
1235 5243 1624 5298 habitationem
1647 5255 1909 5310 nOStram,

340 5356 458 5408 qua:
489 5341 554 5392 de
595 5339 738 5392 coelo
769 5347 870 5400 est,
909 5336 1219 5404 superindni
1268 5335 1585 5402 cupientes;
1638 5336 1683 5390 si
1735 5344 1913 5391 tamen

339 5432 540 5495 vestiti,
561 5445 663 5483 non
692 5426 1554 5496 nudi,inveniamur“'"aﬂllius
1584 5425 1917 5481 divinzeillu-

341 5524 650 5579 minationis
678 5532 732 5575 et
763 5520 1058 5575 indumenti
1091 5519 1208 5588 ejus
1247 5525 1464 5573 arrhatn
1514 5519 1654 5574 idem
1722 5519 1918 5575 Paulus

413 5705 528 5737 ωδε
563 5705 604 5758 ιι
640 5707 765 5760 Cur.
809 5721 862 5770 ν,
891 5705 947 5771 2,
979 5705 1033 5758 δ.

2077 3784 2185 3850 ξςῆ
2215 3785 2431 3854 Ταύτης
2456 3785 2555 3855 τῆς
2582 3785 2732 3847 θείας
2760 3781 3078 3852 ἐλλάμψεώς
3103 3797 3162 3833 τε
3212 3781 3306 3833 καὶ
3331 3781 3581 3848 λαμπρό-

2005 3893 2188 3945 τητος,
2231 3876 2663 3946 γεγυμνωμένην
2705 3875 2796 3945 τὴν
2824 3875 2980 3944 ἡμῶν
3021 3872 3181 3942 φύσιν
3227 3873 3292 3924 ἐκ
3335 3874 3585 3940 παραϐά-

2009 3983 2168 4034 σεως.
2201 3973 2300 4037 τῆς
2345 3965 2730 4039 ἀσχημοσύνης
2762 3965 2989 4034 ἐλεήσας
3042 3965 3070 4017 6
3101 3961 3188 4015 τοῦ
3218 3962 3354 4014 Θεοῦ
3382 3963 3577 4028 Λόγος.

2010 4060 2102 4113 καὶ
2129 4058 2218 4112 διὰ
2251 4059 2534 4124 σπλάγχνα
2561 4054 2741 4116 ἐλέους
2776 4050 3200 4120 ἀναλαϐόμενος,
3223 4047 3585 4115 ἐνδεδυμένην

2007 4149 2434 4217 ἐπιφανέστερον
2458 4146 2552 4199 ἐπὶ
2583 4144 2680 4198 τοῦ
2704 4142 3010 4210 Θαϐωρίου,
3045 4141 3150 4193 τῶν
3181 4139 3440 4208 μαθητῶν
3464 4144 3584 4202 τοῖς

2006 4240 2282 4308 ἐγκρίτοις
2313 4237 2476 4303 πάλιν
2520 4235 2793 4299 ὑπέδειξε,
2825 4233 3010 4286 τίποτε
3046 4228 3196 4308 ⁸ἦμεν
3232 4227 3302 4302 ἦν
3331 4231 3420 4284 ὅτε
3442 4247 3454 4258 ·
3486 4233 3586 4283 καὶ

2005 4331 2147 4394 τίνες
2173 4331 2262 4382 ἐπὶ
2284 4327 2376 4382 τοῦ
2411 4325 2694 4398 μέλλοντος
2726 4323 2922 4387 αἰῶνος
2953 4304 3187 4393 ἐσόμεθα
3216 4322 3285 4375 δι’
3316 4320 3512 4382 αὐτοῦ,
3533 4325 3584 4373 εἰ

1930 4395 1974 4449 D
2008 4422 2125 4475 κατ’
2139 4421 2297 4474 αὐτὸν
2311 4395 2616 4482 ὡςδυνατδν
2631 4415 3032 4484 ἐνταῦθαζῆσαι
3049 4412 3414 4483 προελοίμεθα
3437 4429 3558 4482 παρ
3577 4441 3589 4453 ο

2007 4513 2180 4576 ιστάς·
2194 4512 2268 4575 ὡς
2289 4513 2384 4565 καὶ
2399 4513 2426 4564 6
2443 4509 2674 4581 χρυσοῦς
2692 4509 2790 4579 τὴν
2819 4507 3067 4576 γλῶτταν
3085 4505 3335 4573 Ἰωάννης
3355 4503 3546 4572 φησίν.

2083 4604 2180 4670 ξξό
2213 4605 2428 4674 Ταύτης
2461 4605 2558 4673 τῆς
2589 4602 2740 4665 θείας
2774 4597 3094 4670 ἐλλάμψεὼς
3118 4615 3178 4649 τε
3205 4598 3300 4650 καὶ
3325 4595 3586 4663 λαμπρό-

2012 4716 2195 4767 τητος.
2219 4698 2312 4751 καὶ
2340 4698 2368 4749 6
2409 4678 2581 4767 Ἀδὰμ
2614 4696 2839 4764 μέτοχος
2861 4691 3124 4762 ὑπάρχων
3151 4689 3252 4758 πρὸ
3273 4688 3370 4754 τῆς
3403 4702 3589 4755 παρα-

2013 4791 2247 4852 ϐάσεως,
2297 4789 2372 4852 ὼς
2402 4787 2570 4850 ὅντως
2607 4787 2798 4855 στολὴν
2843 4781 3218 4853 ἠμφιεσμένος
3273 4777 3454 4846 δόξης.
3483 4778 3587 4846 οὐχ

2015 4881 2228 4950 ὑπῆρχε
2269 4880 2478 4950 γυμνός
2499 4896 2512 4910 ο
2545 4877 2680 4930 ἀλλὰ
2720 4875 2903 4944 πολλῷ
2931 4870 3302 4940 κοσμιώτερος
3327 4866 3434 4921 οὐδ’
3456 4868 3589 4920 ὅσον

2008 4969 2200 5026 εἰπεῖν,
2231 4964 2338 5015 τῶν
2362 4962 2457 5014 νῦν
2489 4958 2888 5030 περικειμένων
2933 4957 3001 5008 τὰ
3043 4957 3232 5026 χρυσῴ
3256 4957 3461 5027 πολλῷ,
3493 4963 3593 5013 καὶ

1997 5057 2246 5125 διαυγέτι
2270 5053 2438 5116 λίθοις
2461 5049 2812 5120 κοσμούμενα
2840 5046 3168 5118 διαδήματα.
3218 5047 3438 5117 Ταύτην
3483 5052 3591 5121 τὴν

2001 5151 2151 5207 θείαν
2175 5147 2439 5216 ἐλλαμψιν
2462 5145 2557 5197 καὶ
2588 5143 2774 5213 χάριν,
2804 5141 2897 5194 καὶ
2925 5140 2954 5191 6
2987 5141 3158 5209 μέγας
3189 5140 3399 5202 Παῦλος
3423 5143 3596 5214 οὐρά-

2005 5261 2116 5298 νιον
2144 5235 2628 5309 οἰκητήριονὴμῶν
2639 5234 2798 5287 καλεῖ
2816 5231 3010 5300 λέγων,
3041 5250 3060 5282 ι
3089 5232 3176 5284 Ἐν
3189 5232 3365 5303 τούτῳ
3386 5235 3585 5287 στενὰ.

2007 5338 2194 5406 ζομεν,
2218 5332 2280 5385 τὸ
2303 5329 2616 5400 οἰκητήριον
2646 5324 2806 5396 ἡμῶν
2826 5324 2886 5378 τὸ
2905 5323 2964 5388 ἐξ
2997 5322 3231 5392 ούρανοῦ
3255 5323 3596 5378 ἐνδύσασθαι

2009 5423 2395 5483 ἐπιποθοῦντες
2415 5437 2429 5450 ο
2460 5418 2576 5488 εἴγε
2607 5418 2702 5470 καὶ
2753 5414 3127 5483 ἐνδυσάμενοι,
3161 5413 3224 5466 ού
3263 5416 3468 5484 γυμνοὶ
3497 5417 3594 5469 εὑ-

2011 5512 2376 5589 ρεθησόμεθα.
2411 5529 2430 5563 ι
2472 5509 2689 5580 Ταύτης
2716 5507 2814 5577 τῆς
2844 5505 2997 5568 θείας
3029 5505 3352 5577 ἐλλάμψεως
3376 5509 3475 5563 καὶ
3494 5506 3592 5562 τοῦ
