  <div class='ocr_page' id='page_1' title='image "/cluster/home/n/w/nwhite01/storage/ocr_20150623/150/hvd.32044073498826/593.png"; bbox 0 0 3962 6208; ppageno 0'>
   <div class='ocr_carea' id='block_1_1' title="bbox 313 231 450 297">
    <p class='ocr_par' dir='ltr' id='par_1_1' title="bbox 313 231 450 297">
     <span class='ocr_line' id='line_1_1' title="bbox 313 231 450 297; baseline -0.007 0"><span class='ocrx_word' id='word_1_1' title='bbox 313 231 450 297; x_wconf 75' lang='grc'>1175</span> 
     </span>
    </p>
   </div>
   <div class='ocr_carea' id='block_1_2' title="bbox 1552 220 2308 282">
    <p class='ocr_par' dir='ltr' id='par_1_2' title="bbox 1552 220 2308 282">
     <span class='ocr_line' id='line_1_2' title="bbox 1552 220 2308 282; baseline -0.001 -3"><span class='ocrx_word' id='word_1_2' title='bbox 1552 222 1932 282; x_wconf 77' lang='lat' dir='ltr'><strong>GREGORII</strong></span> <span class='ocrx_word' id='word_1_3' title='bbox 1983 220 2308 282; x_wconf 64' lang='grc' dir='ltr'><strong>ΡΑιΑΜΑξ</strong></span> 
     </span>
    </p>
   </div>
   <div class='ocr_carea' id='block_1_3' title="bbox 3417 225 3561 288">
    <p class='ocr_par' dir='ltr' id='par_1_3' title="bbox 3417 225 3561 288">
     <span class='ocr_line' id='line_1_3' title="bbox 3417 225 3561 288; baseline -0.021 -3"><span class='ocrx_word' id='word_1_4' title='bbox 3417 225 3561 288; x_wconf 74' lang='lat' dir='ltr'><strong>il&#39;t&#39;li</strong></span> 
     </span>
    </p>
   </div>
   <div class='ocr_carea' id='block_1_4' title="bbox 307 333 1897 415">
    <p class='ocr_par' dir='ltr' id='par_1_4' title="bbox 307 333 1883 415">
     <span class='ocr_line' id='line_1_4' title="bbox 307 333 1883 415; baseline -0.013 -12"><span class='ocrx_word' id='word_1_5' title='bbox 307 351 392 404; x_wconf 86' lang='lat' dir='ltr'><strong>ria</strong></span> <span class='ocrx_word' id='word_1_6' title='bbox 421 363 484 402; x_wconf 72' lang='lat' dir='ltr'><strong>ex</strong></span> <span class='ocrx_word' id='word_1_7' title='bbox 516 344 690 415; x_wconf 88' lang='lat' dir='ltr'><strong>primo</strong></span> <span class='ocrx_word' id='word_1_8' title='bbox 725 340 954 395; x_wconf 88' lang='lat' dir='ltr'><strong>Lumine</strong></span> <span class='ocrx_word' id='word_1_9' title='bbox 988 337 1242 408; x_wconf 76' lang='lat' dir='ltr'><strong>fulgentia</strong></span> <span class='ocrx_word' id='word_1_10' title='bbox 1297 344 1422 390; x_wconf 89' lang='lat' dir='ltr'><strong>sunt</strong></span> <span class='ocrx_word' id='word_1_11' title='bbox 1457 336 1686 390; x_wconf 82' lang='lat' dir='ltr'><strong>virtutes</strong></span> <span class='ocrx_word' id='word_1_12' title='bbox 1723 333 1883 388; x_wconf 62' lang='lat' dir='ltr'><strong>intcl-</strong></span> 
     </span>
    </p>
   </div>
   <div class='ocr_carea' id='block_1_5' title="bbox 2010 333 3584 415">
    <p class='ocr_par' dir='ltr' id='par_1_5' title="bbox 2010 339 3584 415">
     <span class='ocr_line' id='line_1_5' title="bbox 2010 339 3584 415; baseline -0.004 -17"><span class='ocrx_word' id='word_1_13' title='bbox 2010 345 2220 415; x_wconf 73' lang='grc' dir='ltr'>τουργοὶ</span> <span class='ocrx_word' id='word_1_14' title='bbox 2254 343 2354 411; x_wconf 76' lang='grc' dir='ltr'>τῆς</span> <span class='ocrx_word' id='word_1_15' title='bbox 2412 340 2525 394; x_wconf 75' lang='grc' dir='ltr'><strong>ἄνω</strong></span> <span class='ocrx_word' id='word_1_16' title='bbox 2574 340 2980 412; x_wconf 79' lang='grc' dir='ltr'>λαμπρότητος,</span> <span class='ocrx_word' id='word_1_17' title='bbox 3019 340 3112 393; x_wconf 68' lang='grc' dir='ltr'>καὶ</span> <span class='ocrx_word' id='word_1_18' title='bbox 3160 341 3315 409; x_wconf 84' lang='grc' dir='ltr'>φῶτα</span> <span class='ocrx_word' id='word_1_19' title='bbox 3353 339 3584 410; x_wconf 74' lang='grc' dir='ltr'>δεύτερα</span> 
     </span>
    </p>
   </div>
   <div class='ocr_carea' id='block_1_6' title="bbox 310 427 1884 498">
    <p class='ocr_par' dir='ltr' id='par_1_6' title="bbox 310 427 1884 498">
     <span class='ocr_line' id='line_1_6' title="bbox 310 427 1884 498; baseline -0.013 -2"><span class='ocrx_word' id='word_1_20' title='bbox 310 439 572 496; x_wconf 75' lang='lat' dir='ltr'><strong>lt-ctualcs</strong></span> <span class='ocrx_word' id='word_1_21' title='bbox 627 449 680 490; x_wconf 90' lang='lat' dir='ltr'><strong>et</strong></span> <span class='ocrx_word' id='word_1_22' title='bbox 739 429 1189 488; x_wconf 84' lang='lat' dir='ltr'><strong>administratorii</strong></span> <span class='ocrx_word' id='word_1_23' title='bbox 1243 428 1506 498; x_wconf 86' lang='lat' dir='ltr'><strong>spiritus;</strong></span> <span class='ocrx_word' id='word_1_24' title='bbox 1558 437 1610 481; x_wconf 88' lang='lat' dir='ltr'><strong>et</strong></span> <span class='ocrx_word' id='word_1_25' title='bbox 1662 427 1884 494; x_wconf 79' lang='lat' dir='ltr'><strong>angelus</strong></span> 
     </span>
    </p>
   </div>
   <div class='ocr_carea' id='block_1_7' title="bbox 313 522 1888 608">
    <p class='ocr_par' dir='ltr' id='par_1_7' title="bbox 313 522 1888 608">
     <span class='ocr_line' id='line_1_7' title="bbox 313 522 1888 608; baseline -0.011 -20"><span class='ocrx_word' id='word_1_26' title='bbox 313 535 489 608; x_wconf 89' lang='lat' dir='ltr'><strong>prima</strong></span> <span class='ocrx_word' id='word_1_27' title='bbox 531 540 614 586; x_wconf 90' lang='lat' dir='ltr'><strong>est</strong></span> <span class='ocrx_word' id='word_1_28' title='bbox 643 527 820 583; x_wconf 89' lang='lat' dir='ltr'><strong>lucida</strong></span> <span class='ocrx_word' id='word_1_29' title='bbox 854 539 1044 576; x_wconf 84' lang='lat' dir='ltr'><strong>na&#39;nra</strong></span> <span class='ocrx_word' id='word_1_30' title='bbox 1095 531 1219 592; x_wconf 87' lang='lat' dir='ltr'><strong>post</strong></span> <span class='ocrx_word' id='word_1_31' title='bbox 1265 522 1491 589; x_wconf 79' lang='lat' dir='ltr'><strong>primam</strong></span> <span class='ocrx_word' id='word_1_32' title='bbox 1535 536 1598 574; x_wconf 78' lang='lat' dir='ltr'><strong>ex</strong></span> <span class='ocrx_word' id='word_1_33' title='bbox 1630 536 1736 588; x_wconf 84' lang='lat' dir='ltr'><strong>qua</strong></span> <span class='ocrx_word' id='word_1_34' title='bbox 1773 533 1888 572; x_wconf 90' lang='lat' dir='ltr'><strong>res-</strong></span> 
     </span>
    </p>
   </div>
   <div class='ocr_carea' id='block_1_8' title="bbox 315 611 1883 699">
    <p class='ocr_par' dir='ltr' id='par_1_8' title="bbox 315 611 1883 699">
     <span class='ocr_line' id='line_1_8' title="bbox 315 611 1883 699; baseline -0.01 -19"><span class='ocrx_word' id='word_1_35' title='bbox 315 629 549 699; x_wconf 86' lang='lat' dir='ltr'><strong>plendet,</strong></span> <span class='ocrx_word' id='word_1_36' title='bbox 596 633 649 677; x_wconf 85' lang='lat' dir='ltr'><strong>et</strong></span> <span class='ocrx_word' id='word_1_37' title='bbox 700 618 930 674; x_wconf 85' lang='lat' dir='ltr'><strong>secunda</strong></span> <span class='ocrx_word' id='word_1_38' title='bbox 988 617 1076 669; x_wconf 84' lang='lat' dir='ltr'><strong>lux</strong></span> <span class='ocrx_word' id='word_1_39' title='bbox 1130 629 1194 690; x_wconf 75' lang='lat' dir='ltr'><strong>ex</strong></span> <span class='ocrx_word' id='word_1_40' title='bbox 1253 613 1424 680; x_wconf 85' lang='lat' dir='ltr'><strong>prima</strong></span> <span class='ocrx_word' id='word_1_41' title='bbox 1472 611 1596 665; x_wconf 84' lang='lat' dir='ltr'><strong>luce</strong></span> <span class='ocrx_word' id='word_1_42' title='bbox 1655 611 1883 692; x_wconf 83' lang='lat' dir='ltr'><strong>etllucns</strong></span> 
     </span>
    </p>
   </div>
   <div class='ocr_carea' id='block_1_9' title="bbox 311 701 1885 787">
    <p class='ocr_par' dir='ltr' id='par_1_9' title="bbox 311 701 1885 787">
     <span class='ocr_line' id='line_1_9' title="bbox 311 701 1885 787; baseline -0.013 -11"><span class='ocrx_word' id='word_1_43' title='bbox 311 733 543 787; x_wconf 87' lang='lat' dir='ltr'><strong>eamque</strong></span> <span class='ocrx_word' id='word_1_44' title='bbox 588 712 940 784; x_wconf 88' lang='lat' dir='ltr'><strong>participans.</strong></span> <span class='ocrx_word' id='word_1_45' title='bbox 978 706 1040 758; x_wconf 82' lang='lat' dir='ltr'><strong>Et</strong></span> <span class='ocrx_word' id='word_1_46' title='bbox 1096 703 1397 772; x_wconf 76' lang='lat' dir='ltr'><strong>circulatim</strong></span> <span class='ocrx_word' id='word_1_47' title='bbox 1439 701 1607 756; x_wconf 84' lang='lat' dir='ltr'><strong>divini</strong></span> <span class='ocrx_word' id='word_1_48' title='bbox 1639 701 1885 768; x_wconf 80' lang='lat' dir='ltr'><strong>Spiritus</strong></span> 
     </span>
    </p>
   </div>
   <div class='ocr_carea' id='block_1_10' title="bbox 315 793 1888 878">
    <p class='ocr_par' dir='ltr' id='par_1_10' title="bbox 315 793 1888 878">
     <span class='ocr_line' id='line_1_10' title="bbox 315 793 1888 878; baseline -0.015 -9"><span class='ocrx_word' id='word_1_49' title='bbox 315 815 470 878; x_wconf 88' lang='lat' dir='ltr'><strong>moti,</strong></span> <span class='ocrx_word' id='word_1_50' title='bbox 525 804 776 876; x_wconf 84' lang='lat' dir='ltr'><strong>principii</strong></span> <span class='ocrx_word' id='word_1_51' title='bbox 847 801 1078 868; x_wconf 78' lang='lat' dir='ltr'><strong>ﬁnisque</strong></span> <span class='ocrx_word' id='word_1_52' title='bbox 1143 796 1342 852; x_wconf 77' lang='lat' dir='ltr'><strong>nesciis</strong></span> <span class='ocrx_word' id='word_1_53' title='bbox 1403 793 1888 848; x_wconf 86' lang='lat' dir='ltr'><strong>illuminationihus</strong></span> 
     </span>
    </p>
   </div>
   <div class='ocr_carea' id='block_1_11' title="bbox 311 881 1887 975">
    <p class='ocr_par' dir='ltr' id='par_1_11' title="bbox 311 881 1887 975">
     <span class='ocr_line' id='line_1_11' title="bbox 311 881 1887 975; baseline -0.015 -18"><span class='ocrx_word' id='word_1_54' title='bbox 311 901 522 975; x_wconf 82' lang='lat' dir='ltr'><strong>pulchri</strong></span> <span class='ocrx_word' id='word_1_55' title='bbox 545 909 599 954; x_wconf 91' lang='lat' dir='ltr'><strong>et</strong></span> <span class='ocrx_word' id='word_1_56' title='bbox 629 899 754 952; x_wconf 85' lang='lat' dir='ltr'><strong>boni</strong></span> <span class='ocrx_word' id='word_1_57' title='bbox 778 893 1058 946; x_wconf 87' lang='lat' dir='ltr'><strong>uniuntur.</strong></span> <span class='ocrx_word' id='word_1_58' title='bbox 1085 885 1218 941; x_wconf 86' lang='lat' dir='ltr'><strong>Nam</strong></span> <span class='ocrx_word' id='word_1_59' title='bbox 1237 895 1566 940; x_wconf 69' lang='lat' dir='ltr'><strong>aeternorum</strong></span> <span class='ocrx_word' id='word_1_60' title='bbox 1600 883 1714 952; x_wconf 86' lang='lat' dir='ltr'><strong>ipse</strong></span> <span class='ocrx_word' id='word_1_61' title='bbox 1745 881 1887 975; x_wconf 77' lang='lat' dir='ltr'><strong>Deus</strong></span> 
     </span>
    </p>
   </div>
   <div class='ocr_carea' id='block_1_12' title="bbox 311 971 1885 1056">
    <p class='ocr_par' dir='ltr' id='par_1_12' title="bbox 311 971 1885 1056">
     <span class='ocr_line' id='line_1_12' title="bbox 311 971 1885 1056; baseline -0.015 -8"><span class='ocrx_word' id='word_1_62' title='bbox 311 971 393 1050; x_wconf 75' lang='lat' dir='ltr'><strong>est</strong></span> <span class='ocrx_word' id='word_1_63' title='bbox 433 993 549 1056; x_wconf 78' lang='lat' dir='ltr'><strong>lux,</strong></span> <span class='ocrx_word' id='word_1_64' title='bbox 573 1001 625 1043; x_wconf 92' lang='lat' dir='ltr'><strong>ct</strong></span> <span class='ocrx_word' id='word_1_65' title='bbox 651 1004 754 1040; x_wconf 86' lang='lat' dir='ltr'><strong>non</strong></span> <span class='ocrx_word' id='word_1_66' title='bbox 781 985 924 1038; x_wconf 90' lang='lat' dir='ltr'><strong>aliud</strong></span> <span class='ocrx_word' id='word_1_67' title='bbox 966 998 981 1037; x_wconf 87' lang='lat'><strong>:</strong></span> <span class='ocrx_word' id='word_1_68' title='bbox 1015 991 1069 1036; x_wconf 88' lang='lat' dir='ltr'><strong>et</strong></span> <span class='ocrx_word' id='word_1_69' title='bbox 1099 979 1242 1048; x_wconf 83' lang='lat' dir='ltr'><strong>quod</strong></span> <span class='ocrx_word' id='word_1_70' title='bbox 1273 987 1360 1033; x_wconf 91' lang='lat' dir='ltr'><strong>est</strong></span> <span class='ocrx_word' id='word_1_71' title='bbox 1401 975 1750 1032; x_wconf 74' lang='lat' dir='ltr'><strong>Seiisibilibus</strong></span> <span class='ocrx_word' id='word_1_72' title='bbox 1779 971 1885 1036; x_wconf 88' lang='lat' dir='ltr'><strong>sol,</strong></span> 
     </span>
    </p>
   </div>
   <div class='ocr_carea' id='block_1_13' title="bbox 312 1065 1890 1150">
    <p class='ocr_par' dir='ltr' id='par_1_13' title="bbox 312 1065 1890 1150">
     <span class='ocr_line' id='line_1_13' title="bbox 312 1065 1890 1150; baseline -0.015 -7"><span class='ocrx_word' id='word_1_73' title='bbox 312 1092 417 1143; x_wconf 82' lang='lat' dir='ltr'><strong>hoc</strong></span> <span class='ocrx_word' id='word_1_74' title='bbox 457 1081 909 1150; x_wconf 75' lang='lat' dir='ltr'><strong>intelligibilibus,</strong></span> <span class='ocrx_word' id='word_1_75' title='bbox 943 1078 1107 1138; x_wconf 88' lang='lat' dir='ltr'><strong>Deus,</strong></span> <span class='ocrx_word' id='word_1_76' title='bbox 1158 1082 1213 1128; x_wconf 87' lang='lat' dir='ltr'><strong>et</strong></span> <span class='ocrx_word' id='word_1_77' title='bbox 1247 1073 1360 1140; x_wconf 87' lang='lat' dir='ltr'><strong>ipse</strong></span> <span class='ocrx_word' id='word_1_78' title='bbox 1387 1083 1470 1124; x_wconf 89' lang='lat' dir='ltr'><strong>est</strong></span> <span class='ocrx_word' id='word_1_79' title='bbox 1509 1067 1686 1124; x_wconf 87' lang='lat' dir='ltr'><strong>omnis</strong></span> <span class='ocrx_word' id='word_1_80' title='bbox 1721 1065 1890 1120; x_wconf 85' lang='lat' dir='ltr'><strong>ratio-</strong></span> 
     </span>
    </p>
   </div>
   <div class='ocr_carea' id='block_1_14' title="bbox 314 1156 1886 1237">
    <p class='ocr_par' dir='ltr' id='par_1_14' title="bbox 314 1156 1886 1237">
     <span class='ocr_line' id='line_1_14' title="bbox 314 1156 1886 1237; baseline -0.015 -3"><span class='ocrx_word' id='word_1_81' title='bbox 314 1182 452 1234; x_wconf 88' lang='lat' dir='ltr'><strong>nalis</strong></span> <span class='ocrx_word' id='word_1_82' title='bbox 502 1189 707 1230; x_wconf 76' lang='lat' dir='ltr'><strong>natura:</strong></span> <span class='ocrx_word' id='word_1_83' title='bbox 738 1171 1003 1225; x_wconf 84' lang='lat' dir='ltr'><strong>luminare</strong></span> <span class='ocrx_word' id='word_1_84' title='bbox 1040 1169 1270 1237; x_wconf 88' lang='lat' dir='ltr'><strong>primum</strong></span> <span class='ocrx_word' id='word_1_85' title='bbox 1306 1175 1360 1217; x_wconf 92' lang='lat' dir='ltr'><strong>ct</strong></span> <span class='ocrx_word' id='word_1_86' title='bbox 1391 1177 1600 1218; x_wconf 88' lang='lat' dir='ltr'><strong>summa</strong></span> <span class='ocrx_word' id='word_1_87' title='bbox 1634 1163 1744 1214; x_wconf 79' lang='lat' dir='ltr'><strong>lux.</strong></span> <span class='ocrx_word' id='word_1_88' title='bbox 1776 1177 1795 1210; x_wconf 78' lang='grc' dir='ltr'><strong>ι</strong></span> <span class='ocrx_word' id='word_1_89' title='bbox 1828 1156 1886 1213; x_wconf 89' lang='lat' dir='ltr'><strong>Si</strong></span> 
     </span>
    </p>
   </div>
   <div class='ocr_carea' id='block_1_15' title="bbox 311 1255 1886 1334">
    <p class='ocr_par' dir='ltr' id='par_1_15' title="bbox 311 1255 1886 1334">
     <span class='ocr_line' id='line_1_15' title="bbox 311 1255 1886 1334; baseline -0.015 -7"><span class='ocrx_word' id='word_1_90' title='bbox 311 1270 623 1334; x_wconf 85' lang='lat' dir='ltr'><strong>audiveris,</strong></span> <span class='ocrx_word' id='word_1_91' title='bbox 689 1267 764 1318; x_wconf 89' lang='lat' dir='ltr'><strong>ait</strong></span> <span class='ocrx_word' id='word_1_92' title='bbox 821 1263 1246 1332; x_wconf 77' lang='lat' dir='ltr'><strong>Clirysostomus</strong></span> <span class='ocrx_word' id='word_1_93' title='bbox 1309 1257 1510 1320; x_wconf 80' lang='lat' dir='ltr'><strong>Pater,</strong></span> <span class='ocrx_word' id='word_1_94' title='bbox 1565 1255 1886 1322; x_wconf 82' lang='lat' dir='ltr'><strong>prophetam</strong></span> 
     </span>
    </p>
   </div>
   <div class='ocr_carea' id='block_1_16' title="bbox 313 1350 1889 1421">
    <p class='ocr_par' dir='ltr' id='par_1_16' title="bbox 313 1350 1889 1421">
     <span class='ocr_line' id='line_1_16' title="bbox 313 1350 1889 1421; baseline -0.013 -1"><span class='ocrx_word' id='word_1_95' title='bbox 313 1369 629 1421; x_wconf 90' lang='lat' dir='ltr'><strong>dicentem:</strong></span> <span class='ocrx_word' id='word_1_96' title='bbox 677 1378 695 1411; x_wconf 77' lang='grc' dir='ltr'><strong>ι</strong></span> <span class='ocrx_word' id='word_1_97' title='bbox 735 1355 855 1411; x_wconf 79' lang='lat' dir='ltr'><strong>Vidi</strong></span> <span class='ocrx_word' id='word_1_98' title='bbox 907 1355 1194 1407; x_wconf 89' lang='lat' dir='ltr'><strong>Dominum</strong></span> <span class='ocrx_word' id='word_1_99' title='bbox 1257 1350 1532 1404; x_wconf 88' lang='lat' dir='ltr'><strong>sedentem</strong></span> <span class='ocrx_word' id='word_1_100' title='bbox 1595 1361 1760 1415; x_wconf 87' lang='lat' dir='ltr'><strong>super</strong></span> <span class='ocrx_word' id='word_1_101' title='bbox 1799 1360 1889 1400; x_wconf 83' lang='lat' dir='ltr'><strong>so-</strong></span> 
     </span>
    </p>
   </div>
   <div class='ocr_carea' id='block_1_17' title="bbox 314 1439 1890 1516">
    <p class='ocr_par' dir='ltr' id='par_1_17' title="bbox 314 1439 1890 1516">
     <span class='ocr_line' id='line_1_17' title="bbox 314 1439 1890 1516; baseline -0.014 -3"><span class='ocrx_word' id='word_1_102' title='bbox 314 1461 446 1514; x_wconf 90' lang='lat' dir='ltr'><strong>lium</strong></span> <span class='ocrx_word' id='word_1_103' title='bbox 479 1457 522 1488; x_wconf 83' lang='grc'><strong>³⁸</strong></span> <span class='ocrx_word' id='word_1_104' title='bbox 551 1474 600 1516; x_wconf 73' lang='grc' dir='ltr'><strong>ι,</strong></span> <span class='ocrx_word' id='word_1_105' title='bbox 631 1467 736 1506; x_wconf 85' lang='lat' dir='ltr'><strong>non</strong></span> <span class='ocrx_word' id='word_1_106' title='bbox 787 1446 1150 1516; x_wconf 80' lang='lat' dir='ltr'><strong>suspicaberis</strong></span> <span class='ocrx_word' id='word_1_107' title='bbox 1193 1443 1360 1496; x_wconf 82' lang='lat' dir='ltr'><strong>visam</strong></span> <span class='ocrx_word' id='word_1_108' title='bbox 1413 1443 1481 1495; x_wconf 85' lang='lat' dir='ltr'><strong>ab</strong></span> <span class='ocrx_word' id='word_1_109' title='bbox 1512 1456 1576 1494; x_wconf 86' lang='lat' dir='ltr'><strong>eo</strong></span> <span class='ocrx_word' id='word_1_110' title='bbox 1609 1439 1774 1493; x_wconf 80' lang='lat' dir='ltr'><strong>fuisse</strong></span> <span class='ocrx_word' id='word_1_111' title='bbox 1805 1453 1890 1494; x_wconf 86' lang='lat' dir='ltr'><strong>es-</strong></span> 
     </span>
    </p>
   </div>
   <div class='ocr_carea' id='block_1_18' title="bbox 313 1531 1887 1609">
    <p class='ocr_par' dir='ltr' id='par_1_18' title="bbox 313 1531 1887 1609">
     <span class='ocr_line' id='line_1_18' title="bbox 313 1531 1887 1609; baseline -0.015 -5"><span class='ocrx_word' id='word_1_112' title='bbox 313 1552 567 1609; x_wconf 81' lang='lat' dir='ltr'><strong>sentiam,</strong></span> <span class='ocrx_word' id='word_1_113' title='bbox 627 1545 718 1600; x_wconf 89' lang='lat' dir='ltr'><strong>sed</strong></span> <span class='ocrx_word' id='word_1_114' title='bbox 788 1540 1174 1597; x_wconf 85' lang='lat' dir='ltr'><strong>detnissionent</strong></span> <span class='ocrx_word' id='word_1_115' title='bbox 1227 1536 1509 1596; x_wconf 79' lang='lat' dir='ltr'><strong>divinam,</strong></span> <span class='ocrx_word' id='word_1_116' title='bbox 1567 1542 1620 1586; x_wconf 88' lang='lat' dir='ltr'><strong>et</strong></span> <span class='ocrx_word' id='word_1_117' title='bbox 1670 1531 1887 1601; x_wconf 81' lang='lat' dir='ltr'><strong>quidem</strong></span> 
     </span>
    </p>
   </div>
   <div class='ocr_carea' id='block_1_19' title="bbox 314 1620 1886 1704">
    <p class='ocr_par' dir='ltr' id='par_1_19' title="bbox 314 1620 1886 1704">
     <span class='ocr_line' id='line_1_19' title="bbox 314 1620 1886 1704; baseline -0.014 -8"><span class='ocrx_word' id='word_1_118' title='bbox 314 1641 686 1696; x_wconf 74' lang='lat' dir='ltr'><strong>oliscnriorein</strong></span> <span class='ocrx_word' id='word_1_119' title='bbox 715 1620 878 1704; x_wconf 81' lang='lat' dir='ltr'><strong>quam</strong></span> <span class='ocrx_word' id='word_1_120' title='bbox 913 1632 980 1685; x_wconf 82' lang='lat' dir='ltr'><strong>ab</strong></span> <span class='ocrx_word' id='word_1_121' title='bbox 1031 1627 1282 1698; x_wconf 87' lang='lat' dir='ltr'><strong>supernis</strong></span> <span class='ocrx_word' id='word_1_122' title='bbox 1331 1625 1543 1679; x_wconf 83' lang='lat' dir='ltr'><strong>videtur</strong></span> <span class='ocrx_word' id='word_1_123' title='bbox 1573 1622 1886 1676; x_wconf 68' lang='lat' dir='ltr'><strong>virtutibus.</strong></span> 
     </span>
    </p>
   </div>
   <div class='ocr_carea' id='block_1_20' title="bbox 386 1892 1891 1960">
    <p class='ocr_par' dir='ltr' id='par_1_20' title="bbox 386 1892 1891 1960">
     <span class='ocr_line' id='line_1_20' title="bbox 386 1892 1891 1960; baseline -0.009 -2"><span class='ocrx_word' id='word_1_124' title='bbox 386 1905 477 1960; x_wconf 81' lang='lat'><strong>78.</strong></span> <span class='ocrx_word' id='word_1_125' title='bbox 521 1902 706 1956; x_wconf 87' lang='lat' dir='ltr'><strong>Omnis</strong></span> <span class='ocrx_word' id='word_1_126' title='bbox 744 1908 932 1953; x_wconf 87' lang='lat' dir='ltr'><strong>natura</strong></span> <span class='ocrx_word' id='word_1_127' title='bbox 966 1895 1331 1949; x_wconf 76' lang='lat' dir='ltr'><strong>remotissima</strong></span> <span class='ocrx_word' id='word_1_128' title='bbox 1364 1905 1417 1949; x_wconf 90' lang='lat' dir='ltr'><strong>ct</strong></span> <span class='ocrx_word' id='word_1_129' title='bbox 1453 1893 1676 1948; x_wconf 87' lang='lat' dir='ltr'><strong>omnino</strong></span> <span class='ocrx_word' id='word_1_130' title='bbox 1711 1892 1891 1948; x_wconf 85' lang='lat' dir='ltr'><strong>aliena</strong></span> 
     </span>
    </p>
   </div>
   <div class='ocr_carea' id='block_1_21' title="bbox 317 1985 1890 2052">
    <p class='ocr_par' dir='ltr' id='par_1_21' title="bbox 317 1985 1890 2052">
     <span class='ocr_line' id='line_1_21' title="bbox 317 1985 1890 2052; baseline -0.01 0"><span class='ocrx_word' id='word_1_131' title='bbox 317 2011 397 2052; x_wconf 84' lang='lat' dir='ltr'><strong>est</strong></span> <span class='ocrx_word' id='word_1_132' title='bbox 434 2013 460 2050; x_wconf 89' lang='lat' dir='ltr'><strong>a</strong></span> <span class='ocrx_word' id='word_1_133' title='bbox 501 2005 693 2050; x_wconf 86' lang='lat' dir='ltr'><strong>natura</strong></span> <span class='ocrx_word' id='word_1_134' title='bbox 734 1991 850 2045; x_wconf 84' lang='lat' dir='ltr'><strong>Dei.</strong></span> <span class='ocrx_word' id='word_1_135' title='bbox 890 1987 1023 2042; x_wconf 80' lang='lat' dir='ltr'><strong>Nam</strong></span> <span class='ocrx_word' id='word_1_136' title='bbox 1077 1988 1120 2040; x_wconf 87' lang='lat' dir='ltr'><strong>si</strong></span> <span class='ocrx_word' id='word_1_137' title='bbox 1153 1985 1292 2040; x_wconf 89' lang='lat' dir='ltr'><strong>Dens</strong></span> <span class='ocrx_word' id='word_1_138' title='bbox 1339 1994 1533 2039; x_wconf 89' lang='lat' dir='ltr'><strong>natura</strong></span> <span class='ocrx_word' id='word_1_139' title='bbox 1559 1992 1664 2048; x_wconf 90' lang='lat' dir='ltr'><strong>cst,</strong></span> <span class='ocrx_word' id='word_1_140' title='bbox 1695 1993 1890 2038; x_wconf 67' lang='lat' dir='ltr'><strong>caetera</strong></span> 
     </span>
    </p>
   </div>
   <div class='ocr_carea' id='block_1_22' title="bbox 321 2077 1895 2147">
    <p class='ocr_par' dir='ltr' id='par_1_22' title="bbox 321 2077 1895 2147">
     <span class='ocr_line' id='line_1_22' title="bbox 321 2077 1895 2147; baseline -0.011 0"><span class='ocrx_word' id='word_1_141' title='bbox 321 2109 426 2147; x_wconf 90' lang='lat' dir='ltr'><strong>non</strong></span> <span class='ocrx_word' id='word_1_142' title='bbox 466 2098 588 2143; x_wconf 87' lang='lat' dir='ltr'><strong>sunt</strong></span> <span class='ocrx_word' id='word_1_143' title='bbox 625 2095 858 2147; x_wconf 83' lang='lat' dir='ltr'><strong>natura;</strong></span> <span class='ocrx_word' id='word_1_144' title='bbox 896 2083 936 2135; x_wconf 89' lang='lat' dir='ltr'><strong>si</strong></span> <span class='ocrx_word' id='word_1_145' title='bbox 991 2095 1120 2134; x_wconf 90' lang='lat' dir='ltr'><strong>vero</strong></span> <span class='ocrx_word' id='word_1_146' title='bbox 1164 2091 1486 2132; x_wconf 68' lang='lat' dir='ltr'><strong>cancrorum</strong></span> <span class='ocrx_word' id='word_1_147' title='bbox 1520 2077 1773 2146; x_wconf 85' lang='lat' dir='ltr'><strong>quodque</strong></span> <span class='ocrx_word' id='word_1_148' title='bbox 1801 2092 1895 2129; x_wconf 89' lang='lat' dir='ltr'><strong>na-</strong></span> 
     </span>
    </p>
   </div>
   <div class='ocr_carea' id='block_1_23' title="bbox 318 2169 1892 2243">
    <p class='ocr_par' dir='ltr' id='par_1_23' title="bbox 318 2169 1892 2243">
     <span class='ocr_line' id='line_1_23' title="bbox 318 2169 1892 2243; baseline -0.01 -6"><span class='ocrx_word' id='word_1_149' title='bbox 318 2198 434 2238; x_wconf 86' lang='lat' dir='ltr'><strong>tura</strong></span> <span class='ocrx_word' id='word_1_150' title='bbox 471 2195 574 2243; x_wconf 78' lang='lat' dir='ltr'><strong>cSI,</strong></span> <span class='ocrx_word' id='word_1_151' title='bbox 601 2180 687 2232; x_wconf 86' lang='lat' dir='ltr'><strong>ille</strong></span> <span class='ocrx_word' id='word_1_152' title='bbox 720 2194 822 2232; x_wconf 88' lang='lat' dir='ltr'><strong>non</strong></span> <span class='ocrx_word' id='word_1_153' title='bbox 853 2186 931 2230; x_wconf 78' lang='lat' dir='ltr'><strong>est</strong></span> <span class='ocrx_word' id='word_1_154' title='bbox 967 2184 1158 2226; x_wconf 87' lang='lat' dir='ltr'><strong>natura</strong></span> <span class='ocrx_word' id='word_1_155' title='bbox 1183 2187 1197 2230; x_wconf 82' lang='lat'>;</span> <span class='ocrx_word' id='word_1_156' title='bbox 1223 2171 1296 2224; x_wconf 89' lang='lat' dir='ltr'><strong>ita</strong></span> <span class='ocrx_word' id='word_1_157' title='bbox 1326 2181 1380 2222; x_wconf 89' lang='lat' dir='ltr'><strong>ut</strong></span> <span class='ocrx_word' id='word_1_158' title='bbox 1425 2185 1492 2222; x_wconf 86' lang='lat' dir='ltr'><strong>tie</strong></span> <span class='ocrx_word' id='word_1_159' title='bbox 1529 2185 1628 2222; x_wconf 88' lang='lat' dir='ltr'><strong>ens</strong></span> <span class='ocrx_word' id='word_1_160' title='bbox 1650 2169 1892 2238; x_wconf 85' lang='lat' dir='ltr'><strong>quidem,</strong></span> 
     </span>
    </p>
   </div>
   <div class='ocr_carea' id='block_1_24' title="bbox 335 2262 1894 2343">
    <p class='ocr_par' dir='ltr' id='par_1_24' title="bbox 335 2262 1894 2343">
     <span class='ocr_line' id='line_1_24' title="bbox 335 2262 1894 2343; baseline -0.01 -13"><span class='ocrx_word' id='word_1_161' title='bbox 335 2281 428 2343; x_wconf 78' lang='lat' dir='ltr'><strong>sit,</strong></span> <span class='ocrx_word' id='word_1_162' title='bbox 464 2277 507 2330; x_wconf 91' lang='lat' dir='ltr'><strong>si</strong></span> <span class='ocrx_word' id='word_1_163' title='bbox 536 2290 595 2328; x_wconf 88' lang='lat' dir='ltr'><strong>ca</strong></span> <span class='ocrx_word' id='word_1_164' title='bbox 617 2283 726 2325; x_wconf 75' lang='lat' dir='ltr'><strong>te-a</strong></span> <span class='ocrx_word' id='word_1_165' title='bbox 761 2270 861 2322; x_wconf 80' lang='lat' dir='ltr'><strong>sint</strong></span> <span class='ocrx_word' id='word_1_166' title='bbox 894 2268 1035 2319; x_wconf 78' lang='lat' dir='ltr'><strong>ciztia</strong></span> <span class='ocrx_word' id='word_1_167' title='bbox 1062 2278 1078 2318; x_wconf 87' lang='lat'><strong>:</strong></span> <span class='ocrx_word' id='word_1_168' title='bbox 1106 2265 1149 2316; x_wconf 78' lang='lat' dir='ltr'><strong>si</strong></span> <span class='ocrx_word' id='word_1_169' title='bbox 1179 2277 1304 2316; x_wconf 84' lang='lat' dir='ltr'><strong>vero</strong></span> <span class='ocrx_word' id='word_1_170' title='bbox 1328 2273 1403 2316; x_wconf 77' lang='lat' dir='ltr'><strong>est</strong></span> <span class='ocrx_word' id='word_1_171' title='bbox 1433 2262 1518 2315; x_wconf 90' lang='lat' dir='ltr'><strong>ille</strong></span> <span class='ocrx_word' id='word_1_172' title='bbox 1549 2277 1666 2324; x_wconf 84' lang='lat' dir='ltr'><strong>ens,</strong></span> <span class='ocrx_word' id='word_1_173' title='bbox 1699 2271 1894 2315; x_wconf 66' lang='lat' dir='ltr'><strong>caetera</strong></span> 
     </span>
    </p>
   </div>
   <div class='ocr_carea' id='block_1_25' title="bbox 321 2352 1894 2422">
    <p class='ocr_par' dir='ltr' id='par_1_25' title="bbox 321 2352 1894 2422">
     <span class='ocr_line' id='line_1_25' title="bbox 321 2352 1894 2422; baseline -0.01 -1"><span class='ocrx_word' id='word_1_174' title='bbox 321 2386 424 2421; x_wconf 85' lang='lat' dir='ltr'><strong>non</strong></span> <span class='ocrx_word' id='word_1_175' title='bbox 473 2370 579 2420; x_wconf 91' lang='lat' dir='ltr'><strong>sint</strong></span> <span class='ocrx_word' id='word_1_176' title='bbox 633 2363 797 2415; x_wconf 88' lang='lat' dir='ltr'><strong>entia.</strong></span> <span class='ocrx_word' id='word_1_177' title='bbox 862 2357 989 2411; x_wconf 66' lang='lat' dir='ltr'><strong>lltcc</strong></span> <span class='ocrx_word' id='word_1_178' title='bbox 1042 2359 1107 2410; x_wconf 86' lang='lat' dir='ltr'><strong>de</strong></span> <span class='ocrx_word' id='word_1_179' title='bbox 1136 2355 1400 2422; x_wconf 81' lang='lat' dir='ltr'><strong>sapientia</strong></span> <span class='ocrx_word' id='word_1_180' title='bbox 1458 2362 1513 2406; x_wconf 89' lang='lat' dir='ltr'><strong>et</strong></span> <span class='ocrx_word' id='word_1_181' title='bbox 1545 2352 1810 2418; x_wconf 83' lang='lat' dir='ltr'><strong>bonitate,</strong></span> <span class='ocrx_word' id='word_1_182' title='bbox 1844 2361 1894 2405; x_wconf 91' lang='lat' dir='ltr'><strong>et</strong></span> 
     </span>
    </p>
   </div>
   <div class='ocr_carea' id='block_1_26' title="bbox 318 2447 1898 2529">
    <p class='ocr_par' dir='ltr' id='par_1_26' title="bbox 318 2447 1898 2529">
     <span class='ocr_line' id='line_1_26' title="bbox 318 2447 1898 2529; baseline -0.008 -18"><span class='ocrx_word' id='word_1_183' title='bbox 318 2460 612 2529; x_wconf 56' lang='lat' dir='ltr'><strong>generatim</strong></span> <span class='ocrx_word' id='word_1_184' title='bbox 647 2458 711 2510; x_wconf 87' lang='lat' dir='ltr'><strong>de</strong></span> <span class='ocrx_word' id='word_1_185' title='bbox 744 2456 996 2506; x_wconf 84' lang='lat' dir='ltr'><strong>onmilms</strong></span> <span class='ocrx_word' id='word_1_186' title='bbox 1049 2464 1166 2518; x_wconf 76' lang='lat' dir='ltr'><strong>qua:</strong></span> <span class='ocrx_word' id='word_1_187' title='bbox 1193 2450 1338 2501; x_wconf 81' lang='lat' dir='ltr'><strong>circa</strong></span> <span class='ocrx_word' id='word_1_188' title='bbox 1371 2447 1537 2499; x_wconf 90' lang='lat' dir='ltr'><strong>Deum</strong></span> <span class='ocrx_word' id='word_1_189' title='bbox 1576 2450 1656 2499; x_wconf 90' lang='lat' dir='ltr'><strong>vel</strong></span> <span class='ocrx_word' id='word_1_190' title='bbox 1686 2447 1754 2500; x_wconf 89' lang='lat' dir='ltr'><strong>de</strong></span> <span class='ocrx_word' id='word_1_191' title='bbox 1788 2447 1898 2500; x_wconf 88' lang='lat' dir='ltr'><strong>Deo</strong></span> 
     </span>
    </p>
   </div>
   <div class='ocr_carea' id='block_1_27' title="bbox 319 2538 1896 2611">
    <p class='ocr_par' dir='ltr' id='par_1_27' title="bbox 319 2538 1896 2611">
     <span class='ocr_line' id='line_1_27' title="bbox 319 2538 1896 2611; baseline -0.008 -9"><span class='ocrx_word' id='word_1_192' title='bbox 319 2557 594 2611; x_wconf 76' lang='lat' dir='ltr'><strong>dicuntur,</strong></span> <span class='ocrx_word' id='word_1_193' title='bbox 662 2546 940 2605; x_wconf 88' lang='lat' dir='ltr'><strong>sentiens,</strong></span> <span class='ocrx_word' id='word_1_194' title='bbox 1000 2543 1193 2596; x_wconf 75' lang='lat' dir='ltr'><strong>lienam</strong></span> <span class='ocrx_word' id='word_1_195' title='bbox 1245 2549 1299 2594; x_wconf 85' lang='lat' dir='ltr'><strong>et</strong></span> <span class='ocrx_word' id='word_1_196' title='bbox 1346 2538 1552 2592; x_wconf 76' lang='lat' dir='ltr'><strong>Sanctis</strong></span> <span class='ocrx_word' id='word_1_197' title='bbox 1599 2551 1896 2590; x_wconf 78' lang='lat' dir='ltr'><strong>consonam</strong></span> 
     </span>
    </p>
   </div>
   <div class='ocr_carea' id='block_1_28' title="bbox 320 2630 1899 2710">
    <p class='ocr_par' dir='ltr' id='par_1_28' title="bbox 320 2630 1899 2710">
     <span class='ocr_line' id='line_1_28' title="bbox 320 2630 1899 2710; baseline -0.008 -15"><span class='ocrx_word' id='word_1_198' title='bbox 320 2641 662 2710; x_wconf 76' lang='lat' dir='ltr'><strong>protitclieris</strong></span> <span class='ocrx_word' id='word_1_199' title='bbox 688 2636 1039 2696; x_wconf 69' lang='lat' dir='ltr'><strong>theologiam.</strong></span> <span class='ocrx_word' id='word_1_200' title='bbox 1072 2633 1166 2687; x_wconf 83' lang='lat' dir='ltr'><strong>Est</strong></span> <span class='ocrx_word' id='word_1_201' title='bbox 1190 2645 1373 2686; x_wconf 86' lang='lat' dir='ltr'><strong>autem</strong></span> <span class='ocrx_word' id='word_1_202' title='bbox 1400 2641 1448 2684; x_wconf 92' lang='lat' dir='ltr'><strong>et</strong></span> <span class='ocrx_word' id='word_1_203' title='bbox 1475 2630 1674 2684; x_wconf 90' lang='lat' dir='ltr'><strong>dicitur</strong></span> <span class='ocrx_word' id='word_1_204' title='bbox 1703 2639 1899 2684; x_wconf 89' lang='lat' dir='ltr'><strong>natura</strong></span> 
     </span>
    </p>
   </div>
   <div class='ocr_carea' id='block_1_29' title="bbox 318 2724 1896 2795">
    <p class='ocr_par' dir='ltr' id='par_1_29' title="bbox 318 2724 1896 2795">
     <span class='ocr_line' id='line_1_29' title="bbox 318 2724 1896 2795; baseline -0.009 -8"><span class='ocrx_word' id='word_1_205' title='bbox 318 2736 526 2789; x_wconf 80' lang='lat' dir='ltr'><strong>cntium</strong></span> <span class='ocrx_word' id='word_1_206' title='bbox 561 2733 805 2787; x_wconf 87' lang='lat' dir='ltr'><strong>omnium</strong></span> <span class='ocrx_word' id='word_1_207' title='bbox 831 2727 994 2792; x_wconf 87' lang='lat' dir='ltr'><strong>Dens,</strong></span> <span class='ocrx_word' id='word_1_208' title='bbox 1027 2728 1150 2795; x_wconf 78' lang='lat' dir='ltr'><strong>quia</strong></span> <span class='ocrx_word' id='word_1_209' title='bbox 1181 2735 1376 2780; x_wconf 85' lang='lat' dir='ltr'><strong>cuncta</strong></span> <span class='ocrx_word' id='word_1_210' title='bbox 1409 2739 1530 2778; x_wconf 90' lang='lat' dir='ltr'><strong>eum</strong></span> <span class='ocrx_word' id='word_1_211' title='bbox 1553 2724 1896 2794; x_wconf 88' lang='lat' dir='ltr'><strong>participant,</strong></span> 
     </span>
    </p>
   </div>
   <div class='ocr_carea' id='block_1_30' title="bbox 328 2818 1899 2898">
    <p class='ocr_par' dir='ltr' id='par_1_30' title="bbox 328 2818 1899 2898">
     <span class='ocr_line' id='line_1_30' title="bbox 328 2818 1899 2898; baseline -0.008 -15"><span class='ocrx_word' id='word_1_212' title='bbox 328 2841 381 2883; x_wconf 83' lang='lat' dir='ltr'><strong>ct</strong></span> <span class='ocrx_word' id='word_1_213' title='bbox 429 2825 847 2898; x_wconf 81' lang='lat' dir='ltr'><strong>participatione</strong></span> <span class='ocrx_word' id='word_1_214' title='bbox 885 2822 986 2876; x_wconf 89' lang='lat' dir='ltr'><strong>hac</strong></span> <span class='ocrx_word' id='word_1_215' title='bbox 1031 2822 1376 2884; x_wconf 79' lang='lat' dir='ltr'><strong>snhsisrunt;</strong></span> <span class='ocrx_word' id='word_1_216' title='bbox 1433 2833 1541 2871; x_wconf 92' lang='lat' dir='ltr'><strong>non</strong></span> <span class='ocrx_word' id='word_1_217' title='bbox 1606 2818 1899 2886; x_wconf 86' lang='lat' dir='ltr'><strong>participa-</strong></span> 
     </span>
    </p>
   </div>
   <div class='ocr_carea' id='block_1_31' title="bbox 321 2909 1902 2990">
    <p class='ocr_par' dir='ltr' id='par_1_31' title="bbox 321 2909 1902 2990">
     <span class='ocr_line' id='line_1_31' title="bbox 321 2909 1902 2990; baseline -0.009 -16"><span class='ocrx_word' id='word_1_218' title='bbox 321 2929 466 2974; x_wconf 78' lang='lat' dir='ltr'><strong>tione</strong></span> <span class='ocrx_word' id='word_1_219' title='bbox 499 2920 718 2990; x_wconf 84' lang='lat' dir='ltr'><strong>quidem</strong></span> <span class='ocrx_word' id='word_1_220' title='bbox 747 2927 952 2977; x_wconf 79' lang='lat' dir='ltr'><strong>natura:</strong></span> <span class='ocrx_word' id='word_1_221' title='bbox 978 2913 1137 2978; x_wconf 88' lang='lat' dir='ltr'><strong>illius,</strong></span> <span class='ocrx_word' id='word_1_222' title='bbox 1167 2913 1336 2966; x_wconf 84' lang='lat' dir='ltr'><strong>absit!</strong></span> <span class='ocrx_word' id='word_1_223' title='bbox 1369 2911 1460 2965; x_wconf 84' lang='lat' dir='ltr'><strong>sed</strong></span> <span class='ocrx_word' id='word_1_224' title='bbox 1487 2909 1902 2980; x_wconf 85' lang='lat' dir='ltr'><strong>participatione</strong></span> 
     </span>
    </p>
   </div>
   <div class='ocr_carea' id='block_1_32' title="bbox 2000 419 3584 502">
    <p class='ocr_par' dir='ltr' id='par_1_32' title="bbox 2000 419 3584 502">
     <span class='ocr_line' id='line_1_32' title="bbox 2000 419 3584 502; baseline -0.002 -18"><span class='ocrx_word' id='word_1_225' title='bbox 2000 432 2095 486; x_wconf 87' lang='grc' dir='ltr'><strong>τοῦ</strong></span> <span class='ocrx_word' id='word_1_226' title='bbox 2123 429 2346 502; x_wconf 82' lang='grc' dir='ltr'>πρώτου</span> <span class='ocrx_word' id='word_1_227' title='bbox 2376 431 2552 499; x_wconf 80' lang='grc' dir='ltr'>φωτὸς</span> <span class='ocrx_word' id='word_1_228' title='bbox 2585 430 2998 498; x_wconf 85' lang='grc' dir='ltr'>ἀπαυγάσματα</span> <span class='ocrx_word' id='word_1_229' title='bbox 3015 419 3080 483; x_wconf 60' lang='lat' dir='ltr'><strong>\ai</strong></span> <span class='ocrx_word' id='word_1_230' title='bbox 3110 447 3194 482; x_wconf 83' lang='grc' dir='ltr'><strong>νοε</strong></span> <span class='ocrx_word' id='word_1_231' title='bbox 3206 430 3295 500; x_wconf 80' lang='grc' dir='ltr'><strong>ραὶ</strong></span> <span class='ocrx_word' id='word_1_232' title='bbox 3321 431 3584 499; x_wconf 78' lang='grc' dir='ltr'>δυνάμεις</span> 
     </span>
    </p>
   </div>
   <div class='ocr_carea' id='block_1_33' title="bbox 1999 521 3584 593">
    <p class='ocr_par' dir='ltr' id='par_1_33' title="bbox 1999 521 3584 593">
     <span class='ocr_line' id='line_1_33' title="bbox 1999 521 3584 593; baseline -0.001 -17"><span class='ocrx_word' id='word_1_233' title='bbox 1999 525 2094 576; x_wconf 74' lang='grc' dir='ltr'><strong>και</strong></span> <span class='ocrx_word' id='word_1_234' title='bbox 2131 525 2202 576; x_wconf 79' lang='grc' dir='ltr'><strong>τὰ</strong></span> <span class='ocrx_word' id='word_1_235' title='bbox 2237 521 2588 591; x_wconf 73' lang='grc' dir='ltr'>λειτουργικά</span> <span class='ocrx_word' id='word_1_236' title='bbox 2634 521 2958 591; x_wconf 80' lang='grc' dir='ltr'>πνεύματα’</span> <span class='ocrx_word' id='word_1_237' title='bbox 2993 521 3085 574; x_wconf 72' lang='grc' dir='ltr'><strong>καὶ</strong></span> <span class='ocrx_word' id='word_1_238' title='bbox 3125 521 3315 593; x_wconf 81' lang='grc' dir='ltr'><strong>πρώτη</strong></span> <span class='ocrx_word' id='word_1_239' title='bbox 3345 523 3584 590; x_wconf 81' lang='grc' dir='ltr'>φωτεινὴ</span> 
     </span>
    </p>
   </div>
   <div class='ocr_carea' id='block_1_34' title="bbox 2000 613 3579 686">
    <p class='ocr_par' dir='ltr' id='par_1_34' title="bbox 2000 613 3579 686">
     <span class='ocr_line' id='line_1_34' title="bbox 2000 613 3579 686; baseline -0.001 -17"><span class='ocrx_word' id='word_1_240' title='bbox 2000 616 2181 686; x_wconf 87' lang='grc' dir='ltr'>φύσις,</span> <span class='ocrx_word' id='word_1_241' title='bbox 2215 616 2353 686; x_wconf 83' lang='grc' dir='ltr'>μετὰ</span> <span class='ocrx_word' id='word_1_242' title='bbox 2384 615 2484 685; x_wconf 86' lang='grc' dir='ltr'><strong>τὴν</strong></span> <span class='ocrx_word' id='word_1_243' title='bbox 2537 613 2784 684; x_wconf 80' lang='grc' dir='ltr'>πρώτην,</span> <span class='ocrx_word' id='word_1_244' title='bbox 2831 613 2910 683; x_wconf 81' lang='grc' dir='ltr'>τῷ</span> <span class='ocrx_word' id='word_1_245' title='bbox 2957 613 3169 667; x_wconf 83' lang='grc' dir='ltr'>ἐκεῖθεν</span> <span class='ocrx_word' id='word_1_246' title='bbox 3207 615 3579 683; x_wconf 72' lang='grc' dir='ltr'><strong>αὐγάζεσθαι*</strong></span> 
     </span>
    </p>
   </div>
   <div class='ocr_carea' id='block_1_35' title="bbox 1999 709 3587 782">
    <p class='ocr_par' dir='ltr' id='par_1_35' title="bbox 1999 709 3587 782">
     <span class='ocr_line' id='line_1_35' title="bbox 1999 709 3587 782; baseline -0.001 -18"><span class='ocrx_word' id='word_1_247' title='bbox 1999 715 2094 764; x_wconf 80' lang='grc' dir='ltr'>καὶ</span> <span class='ocrx_word' id='word_1_248' title='bbox 2123 710 2376 781; x_wconf 87' lang='grc' dir='ltr'>δεύτερον</span> <span class='ocrx_word' id='word_1_249' title='bbox 2408 709 2522 779; x_wconf 89' lang='grc' dir='ltr'><strong>φῶς</strong></span> <span class='ocrx_word' id='word_1_250' title='bbox 2552 710 2803 778; x_wconf 79' lang='grc' dir='ltr'>ἄγγελος,</span> <span class='ocrx_word' id='word_1_251' title='bbox 2828 709 2922 762; x_wconf 87' lang='grc' dir='ltr'><strong>τοῦ</strong></span> <span class='ocrx_word' id='word_1_252' title='bbox 2953 709 3171 780; x_wconf 81' lang='grc' dir='ltr'>πρώτου</span> <span class='ocrx_word' id='word_1_253' title='bbox 3201 711 3380 778; x_wconf 72' lang='grc' dir='ltr'>φωτὸς</span> <span class='ocrx_word' id='word_1_254' title='bbox 3405 711 3587 782; x_wconf 75' lang='grc' dir='ltr'>ἀπορ-</span> 
     </span>
    </p>
   </div>
   <div class='ocr_carea' id='block_1_36' title="bbox 2000 801 3588 874">
    <p class='ocr_par' dir='ltr' id='par_1_36' title="bbox 2000 801 3588 874">
     <span class='ocr_line' id='line_1_36' title="bbox 2000 801 3588 874; baseline -0.001 -18"><span class='ocrx_word' id='word_1_255' title='bbox 2000 805 2095 874; x_wconf 78' lang='grc' dir='ltr'>ροή</span> <span class='ocrx_word' id='word_1_256' title='bbox 2129 820 2234 867; x_wconf 89' lang='grc' dir='ltr'>τις,</span> <span class='ocrx_word' id='word_1_257' title='bbox 2277 802 2309 873; x_wconf 74' lang='grc' dir='ltr'>ἢ</span> <span class='ocrx_word' id='word_1_258' title='bbox 2348 801 2628 873; x_wconf 80' lang='grc' dir='ltr'><strong>μετουσία.</strong></span> <span class='ocrx_word' id='word_1_259' title='bbox 2675 801 2786 854; x_wconf 70' lang='grc' dir='ltr'>Καὶ</span> <span class='ocrx_word' id='word_1_260' title='bbox 2826 802 3100 867; x_wconf 85' lang='grc' dir='ltr'>κυκλικῶς</span> <span class='ocrx_word' id='word_1_261' title='bbox 3132 805 3180 856; x_wconf 82' lang='grc' dir='ltr'>οἱ</span> <span class='ocrx_word' id='word_1_262' title='bbox 3229 803 3362 856; x_wconf 87' lang='grc' dir='ltr'>θεῖοι</span> <span class='ocrx_word' id='word_1_263' title='bbox 3396 803 3588 856; x_wconf 87' lang='grc' dir='ltr'>κινού-</span> 
     </span>
    </p>
   </div>
   <div class='ocr_carea' id='block_1_37' title="bbox 2013 893 3586 967">
    <p class='ocr_par' dir='ltr' id='par_1_37' title="bbox 2013 893 3586 967">
     <span class='ocr_line' id='line_1_37' title="bbox 2013 893 3586 967; baseline 0.001 -21"><span class='ocrx_word' id='word_1_264' title='bbox 2013 911 2166 961; x_wconf 86' lang='grc' dir='ltr'>μενοι</span> <span class='ocrx_word' id='word_1_265' title='bbox 2191 894 2332 959; x_wconf 85' lang='grc' dir='ltr'>νόες,</span> <span class='ocrx_word' id='word_1_266' title='bbox 2367 893 2611 947; x_wconf 88' lang='grc' dir='ltr'>ἐνοῦνται</span> <span class='ocrx_word' id='word_1_267' title='bbox 2645 894 2764 956; x_wconf 84' lang='grc' dir='ltr'>ταῖς</span> <span class='ocrx_word' id='word_1_268' title='bbox 2790 895 3045 965; x_wconf 85' lang='grc' dir='ltr'>ἀνάρχοις</span> <span class='ocrx_word' id='word_1_269' title='bbox 3074 897 3168 949; x_wconf 78' lang='grc' dir='ltr'><strong>καὶ</strong></span> <span class='ocrx_word' id='word_1_270' title='bbox 3204 895 3586 967; x_wconf 84' lang='grc' dir='ltr'>ἀτελευτήτοις</span> 
     </span>
    </p>
   </div>
   <div class='ocr_carea' id='block_1_38' title="bbox 1995 985 3589 1058">
    <p class='ocr_par' dir='ltr' id='par_1_38' title="bbox 1995 985 3589 1058">
     <span class='ocr_line' id='line_1_38' title="bbox 1995 985 3589 1058; baseline 0.004 -22"><span class='ocrx_word' id='word_1_271' title='bbox 1995 986 2294 1056; x_wconf 75' lang='grc' dir='ltr'>ἐλλάμψεσι</span> <span class='ocrx_word' id='word_1_272' title='bbox 2333 985 2427 1040; x_wconf 85' lang='grc' dir='ltr'><strong>τοῦ</strong></span> <span class='ocrx_word' id='word_1_273' title='bbox 2479 987 2646 1041; x_wconf 89' lang='grc' dir='ltr'>καλοῦ</span> <span class='ocrx_word' id='word_1_274' title='bbox 2692 988 2786 1040; x_wconf 71' lang='grc' dir='ltr'>καὶ</span> <span class='ocrx_word' id='word_1_275' title='bbox 2827 986 3056 1056; x_wconf 83' lang='grc' dir='ltr'><strong>ἀγαθοῦ.</strong></span> <span class='ocrx_word' id='word_1_276' title='bbox 3092 989 3218 1052; x_wconf 81' lang='grc' dir='ltr'>Τοῖς</span> <span class='ocrx_word' id='word_1_277' title='bbox 3249 989 3358 1058; x_wconf 82' lang='grc' dir='ltr'><strong>γάρ</strong></span> <span class='ocrx_word' id='word_1_278' title='bbox 3391 989 3589 1052; x_wconf 84' lang='grc' dir='ltr'>ἀϊδίοις</span> 
     </span>
    </p>
   </div>
   <div class='ocr_carea' id='block_1_39' title="bbox 1998 1077 3590 1147">
    <p class='ocr_par' dir='ltr' id='par_1_39' title="bbox 1998 1077 3590 1147">
     <span class='ocr_line' id='line_1_39' title="bbox 1998 1077 3590 1147; baseline 0.001 -16"><span class='ocrx_word' id='word_1_279' title='bbox 1998 1077 2164 1139; x_wconf 72' lang='grc' dir='ltr'>αὐτὸς</span> <span class='ocrx_word' id='word_1_280' title='bbox 2204 1080 2232 1131; x_wconf 89' lang='grc' dir='ltr'><strong>ό</strong></span> <span class='ocrx_word' id='word_1_281' title='bbox 2271 1077 2404 1141; x_wconf 86' lang='grc' dir='ltr'>Θεός</span> <span class='ocrx_word' id='word_1_282' title='bbox 2447 1081 2562 1131; x_wconf 88' lang='grc' dir='ltr'>ἐστι</span> <span class='ocrx_word' id='word_1_283' title='bbox 2594 1078 2732 1147; x_wconf 87' lang='grc' dir='ltr'>φῶς,</span> <span class='ocrx_word' id='word_1_284' title='bbox 2774 1081 2869 1133; x_wconf 79' lang='grc' dir='ltr'>καὶ</span> <span class='ocrx_word' id='word_1_285' title='bbox 2921 1079 3022 1133; x_wconf 76' lang='grc' dir='ltr'><strong>οὐκ</strong></span> <span class='ocrx_word' id='word_1_286' title='bbox 3067 1079 3228 1134; x_wconf 75' lang='grc' dir='ltr'>ἄλλο·</span> <span class='ocrx_word' id='word_1_287' title='bbox 3271 1083 3365 1134; x_wconf 80' lang='grc' dir='ltr'><strong>καὶ</strong></span> <span class='ocrx_word' id='word_1_288' title='bbox 3397 1083 3426 1133; x_wconf 77' lang='grc' dir='ltr'>ὃ</span> <span class='ocrx_word' id='word_1_289' title='bbox 3473 1084 3590 1143; x_wconf 85' lang='grc' dir='ltr'>τοῖς</span> 
     </span>
    </p>
   </div>
   <div class='ocr_carea' id='block_1_40' title="bbox 1999 1169 3588 1240">
    <p class='ocr_par' dir='ltr' id='par_1_40' title="bbox 1999 1169 3588 1240">
     <span class='ocr_line' id='line_1_40' title="bbox 1999 1169 3588 1240; baseline 0.004 -18"><span class='ocrx_word' id='word_1_290' title='bbox 1999 1169 2278 1240; x_wconf 75' lang='grc' dir='ltr'>αἰσθητοῖς</span> <span class='ocrx_word' id='word_1_291' title='bbox 2309 1170 2479 1240; x_wconf 78' lang='grc' dir='ltr'>ἥλιος,</span> <span class='ocrx_word' id='word_1_292' title='bbox 2515 1169 2674 1223; x_wconf 88' lang='grc' dir='ltr'>τοῦτο</span> <span class='ocrx_word' id='word_1_293' title='bbox 2711 1172 2823 1233; x_wconf 85' lang='grc' dir='ltr'>τοῖς</span> <span class='ocrx_word' id='word_1_294' title='bbox 2861 1173 3072 1240; x_wconf 76' lang='grc' dir='ltr'>νοητοῖς</span> <span class='ocrx_word' id='word_1_295' title='bbox 3099 1171 3232 1234; x_wconf 76' lang='grc' dir='ltr'>Θεός</span> <span class='ocrx_word' id='word_1_296' title='bbox 3252 1189 3267 1204; x_wconf 81' lang='grc' dir='ltr'><strong>ο</strong></span> <span class='ocrx_word' id='word_1_297' title='bbox 3300 1174 3392 1225; x_wconf 79' lang='grc' dir='ltr'>καὶ</span> <span class='ocrx_word' id='word_1_298' title='bbox 3419 1172 3588 1240; x_wconf 83' lang='grc' dir='ltr'>αὐτός</span> 
     </span>
    </p>
   </div>
   <div class='ocr_carea' id='block_1_41' title="bbox 1964 1257 3589 1330">
    <p class='ocr_par' dir='ltr' id='par_1_41' title="bbox 1964 1257 3589 1330">
     <span class='ocr_line' id='line_1_41' title="bbox 1964 1257 3589 1330; baseline 0.002 -21"><span class='ocrx_word' id='word_1_299' title='bbox 1964 1269 1968 1274; x_wconf 84' lang='grc'><strong>’</strong></span> <span class='ocrx_word' id='word_1_300' title='bbox 1997 1259 2114 1310; x_wconf 90' lang='grc' dir='ltr'>ἐστι</span> <span class='ocrx_word' id='word_1_301' title='bbox 2147 1257 2206 1310; x_wconf 86' lang='grc' dir='ltr'><strong>τὸ</strong></span> <span class='ocrx_word' id='word_1_302' title='bbox 2228 1258 2410 1328; x_wconf 84' lang='grc' dir='ltr'>πάσης</span> <span class='ocrx_word' id='word_1_303' title='bbox 2436 1257 2536 1328; x_wconf 86' lang='grc' dir='ltr'>τῆς</span> <span class='ocrx_word' id='word_1_304' title='bbox 2570 1259 2795 1329; x_wconf 81' lang='grc' dir='ltr'><strong>λογικῆς</strong></span> <span class='ocrx_word' id='word_1_305' title='bbox 2822 1259 3040 1327; x_wconf 88' lang='grc' dir='ltr'>φύσεως</span> <span class='ocrx_word' id='word_1_306' title='bbox 3069 1261 3400 1328; x_wconf 79' lang='grc' dir='ltr'>φωτιστικδν</span> <span class='ocrx_word' id='word_1_307' title='bbox 3432 1261 3589 1330; x_wconf 85' lang='grc' dir='ltr'>πρῶ-</span> 
     </span>
    </p>
   </div>
   <div class='ocr_carea' id='block_1_42' title="bbox 1995 1351 3590 1423">
    <p class='ocr_par' dir='ltr' id='par_1_42' title="bbox 1995 1351 3590 1423">
     <span class='ocr_line' id='line_1_42' title="bbox 1995 1351 3590 1423; baseline 0.003 -21"><span class='ocrx_word' id='word_1_308' title='bbox 1995 1368 2086 1403; x_wconf 90' lang='grc' dir='ltr'><strong>τον</strong></span> <span class='ocrx_word' id='word_1_309' title='bbox 2125 1351 2216 1403; x_wconf 74' lang='grc' dir='ltr'>καὶ</span> <span class='ocrx_word' id='word_1_310' title='bbox 2254 1351 2554 1420; x_wconf 82' lang='grc' dir='ltr'>ἀκρότατον</span> <span class='ocrx_word' id='word_1_311' title='bbox 2580 1351 2718 1421; x_wconf 88' lang='grc' dir='ltr'>φῶς.</span> <span class='ocrx_word' id='word_1_312' title='bbox 2764 1370 2782 1402; x_wconf 73' lang='grc' dir='ltr'><strong>ι</strong></span> <span class='ocrx_word' id='word_1_313' title='bbox 2804 1352 2927 1405; x_wconf 72' lang='grc' dir='ltr'><strong>Κάν</strong></span> <span class='ocrx_word' id='word_1_314' title='bbox 2953 1351 3048 1407; x_wconf 86' lang='grc' dir='ltr'><strong>τοῦ</strong></span> <span class='ocrx_word' id='word_1_315' title='bbox 3085 1353 3367 1423; x_wconf 75' lang='grc' dir='ltr'>προφήτου</span> <span class='ocrx_word' id='word_1_316' title='bbox 3399 1354 3590 1421; x_wconf 83' lang='grc' dir='ltr'>λέγον-</span> 
     </span>
    </p>
   </div>
   <div class='ocr_carea' id='block_1_43' title="bbox 1997 1442 3590 1516">
    <p class='ocr_par' dir='ltr' id='par_1_43' title="bbox 1997 1442 3590 1516">
     <span class='ocr_line' id='line_1_43' title="bbox 1997 1442 3590 1516; baseline 0.001 -21"><span class='ocrx_word' id='word_1_317' title='bbox 1997 1460 2087 1506; x_wconf 83' lang='grc' dir='ltr'><strong>τος</strong></span> <span class='ocrx_word' id='word_1_318' title='bbox 2110 1443 2368 1513; x_wconf 75' lang='grc' dir='ltr'>ἀκούσῃς,</span> <span class='ocrx_word' id='word_1_319' title='bbox 2390 1444 2418 1497; x_wconf 86' lang='grc' dir='ltr'><strong>ὁ</strong></span> <span class='ocrx_word' id='word_1_320' title='bbox 2448 1443 2827 1515; x_wconf 80' lang='grc' dir='ltr'>Χρυσόστομός</span> <span class='ocrx_word' id='word_1_321' title='bbox 2856 1462 2988 1514; x_wconf 86' lang='grc' dir='ltr'>φησι</span> <span class='ocrx_word' id='word_1_322' title='bbox 3016 1446 3232 1516; x_wconf 72' lang='grc' dir='ltr'><strong>Πατήρ⁹</strong></span> <span class='ocrx_word' id='word_1_323' title='bbox 3259 1465 3278 1497; x_wconf 80' lang='grc' dir='ltr'><strong>ι</strong></span> <span class='ocrx_word' id='word_1_324' title='bbox 3316 1442 3474 1500; x_wconf 76' lang='grc' dir='ltr'>Εἶδον</span> <span class='ocrx_word' id='word_1_325' title='bbox 3492 1447 3590 1500; x_wconf 81' lang='grc' dir='ltr'><strong>τὸν</strong></span> 
     </span>
    </p>
   </div>
   <div class='ocr_carea' id='block_1_44' title="bbox 1997 1533 3591 1606">
    <p class='ocr_par' dir='ltr' id='par_1_44' title="bbox 1997 1533 3591 1606">
     <span class='ocr_line' id='line_1_44' title="bbox 1997 1533 3591 1606; baseline 0.003 -21"><span class='ocrx_word' id='word_1_326' title='bbox 1997 1534 2198 1603; x_wconf 82' lang='grc' dir='ltr'>Κύριον</span> <span class='ocrx_word' id='word_1_327' title='bbox 2243 1533 2551 1603; x_wconf 81' lang='grc' dir='ltr'>καθήμενον</span> <span class='ocrx_word' id='word_1_328' title='bbox 2593 1536 2684 1588; x_wconf 85' lang='grc' dir='ltr'>ἐπὶ</span> <span class='ocrx_word' id='word_1_329' title='bbox 2718 1534 2942 1605; x_wconf 76' lang='grc' dir='ltr'>θρόνουο</span> <span class='ocrx_word' id='word_1_330' title='bbox 2980 1555 2999 1587; x_wconf 72' lang='grc' dir='ltr'><strong>ι</strong></span> <span class='ocrx_word' id='word_1_331' title='bbox 3037 1535 3110 1606; x_wconf 78' lang='grc' dir='ltr'>μὴ</span> <span class='ocrx_word' id='word_1_332' title='bbox 3131 1536 3289 1589; x_wconf 89' lang='grc' dir='ltr'>τοῦτο</span> <span class='ocrx_word' id='word_1_333' title='bbox 3311 1536 3591 1590; x_wconf 78' lang='grc' dir='ltr'>ὑποπτεύ-</span> 
     </span>
    </p>
   </div>
   <div class='ocr_carea' id='block_1_45' title="bbox 2003 1621 3590 1700">
    <p class='ocr_par' dir='ltr' id='par_1_45' title="bbox 2003 1621 3590 1700">
     <span class='ocr_line' id='line_1_45' title="bbox 2003 1621 3590 1700; baseline 0.001 -20"><span class='ocrx_word' id='word_1_334' title='bbox 2003 1643 2121 1700; x_wconf 78' lang='grc' dir='ltr'>σῃς,</span> <span class='ocrx_word' id='word_1_335' title='bbox 2156 1629 2237 1681; x_wconf 82' lang='grc' dir='ltr'>ὅτι</span> <span class='ocrx_word' id='word_1_336' title='bbox 2267 1626 2365 1698; x_wconf 79' lang='grc' dir='ltr'>τὴν</span> <span class='ocrx_word' id='word_1_337' title='bbox 2402 1627 2592 1681; x_wconf 81' lang='grc' dir='ltr'>οὐσίαν</span> <span class='ocrx_word' id='word_1_338' title='bbox 2627 1621 2766 1682; x_wconf 72' lang='grc' dir='ltr'>εἶδεν</span> <span class='ocrx_word' id='word_1_339' title='bbox 2791 1629 3029 1697; x_wconf 81' lang='grc' dir='ltr'>ἐκείνην,</span> <span class='ocrx_word' id='word_1_340' title='bbox 3067 1628 3201 1682; x_wconf 82' lang='grc' dir='ltr'><strong>ἀλλά</strong></span> <span class='ocrx_word' id='word_1_341' title='bbox 3236 1629 3335 1699; x_wconf 80' lang='grc' dir='ltr'><strong>τὴν</strong></span> <span class='ocrx_word' id='word_1_342' title='bbox 3378 1646 3590 1696; x_wconf 81' lang='grc' dir='ltr'>συγκα-</span> 
     </span>
    </p>
   </div>
   <div class='ocr_carea' id='block_1_46' title="bbox 1995 1719 3592 1793">
    <p class='ocr_par' dir='ltr' id='par_1_46' title="bbox 1995 1719 3592 1793">
     <span class='ocr_line' id='line_1_46' title="bbox 1995 1719 3592 1793; baseline 0.003 -21"><span class='ocrx_word' id='word_1_343' title='bbox 1995 1719 2254 1772; x_wconf 75' lang='grc' dir='ltr'>τάϐασινο</span> <span class='ocrx_word' id='word_1_344' title='bbox 2289 1719 2383 1773; x_wconf 72' lang='grc' dir='ltr'><strong>καὶ</strong></span> <span class='ocrx_word' id='word_1_345' title='bbox 2421 1719 2625 1790; x_wconf 89' lang='grc' dir='ltr'>ταύτην</span> <span class='ocrx_word' id='word_1_346' title='bbox 2687 1720 2742 1774; x_wconf 78' lang='grc' dir='ltr'><strong>δὲ</strong></span> <span class='ocrx_word' id='word_1_347' title='bbox 2795 1720 3166 1792; x_wconf 83' lang='grc' dir='ltr'>ἀμυδρότερον</span> <span class='ocrx_word' id='word_1_348' title='bbox 3194 1722 3340 1793; x_wconf 73' lang='grc' dir='ltr'>ἥπερ</span> <span class='ocrx_word' id='word_1_349' title='bbox 3384 1723 3441 1776; x_wconf 77' lang='grc' dir='ltr'>αι</span> <span class='ocrx_word' id='word_1_350' title='bbox 3473 1723 3592 1777; x_wconf 77' lang='grc' dir='ltr'>ἄνω</span> 
     </span>
    </p>
   </div>
   <div class='ocr_carea' id='block_1_47' title="bbox 1997 1809 2276 1878">
    <p class='ocr_par' dir='ltr' id='par_1_47' title="bbox 1997 1809 2276 1878">
     <span class='ocr_line' id='line_1_47' title="bbox 1997 1809 2276 1878; baseline 0.004 -17"><span class='ocrx_word' id='word_1_351' title='bbox 1997 1809 2276 1878; x_wconf 65' lang='grc' dir='ltr'>δυνάμεις.</span> 
     </span>
    </p>
   </div>
   <div class='ocr_carea' id='block_1_48' title="bbox 2068 1900 3590 1973">
    <p class='ocr_par' dir='ltr' id='par_1_48' title="bbox 2068 1900 3590 1973">
     <span class='ocr_line' id='line_1_48' title="bbox 2068 1900 3590 1973; baseline 0.001 -18"><span class='ocrx_word' id='word_1_352' title='bbox 2068 1907 2168 1973; x_wconf 74' lang='grc' dir='ltr'>οη³.</span> <span class='ocrx_word' id='word_1_353' title='bbox 2207 1903 2363 1955; x_wconf 67' lang='grc' dir='ltr'>Πᾶσα</span> <span class='ocrx_word' id='word_1_354' title='bbox 2392 1900 2553 1969; x_wconf 81' lang='grc' dir='ltr'>φύσις</span> <span class='ocrx_word' id='word_1_355' title='bbox 2605 1902 2682 1964; x_wconf 84' lang='grc' dir='ltr'>ὠς</span> <span class='ocrx_word' id='word_1_356' title='bbox 2712 1900 3051 1972; x_wconf 73' lang='grc' dir='ltr'>πορρωτάτω</span> <span class='ocrx_word' id='word_1_357' title='bbox 3081 1902 3215 1966; x_wconf 75' lang='grc' dir='ltr'>ἐστὶ,</span> <span class='ocrx_word' id='word_1_358' title='bbox 3247 1902 3342 1955; x_wconf 71' lang='grc' dir='ltr'><strong>καὶ</strong></span> <span class='ocrx_word' id='word_1_359' title='bbox 3375 1902 3590 1956; x_wconf 84' lang='grc' dir='ltr'>παντά-</span> 
     </span>
    </p>
   </div>
   <div class='ocr_carea' id='block_1_49' title="bbox 2000 1993 3585 2065">
    <p class='ocr_par' dir='ltr' id='par_1_49' title="bbox 2000 1993 3585 2065">
     <span class='ocr_line' id='line_1_49' title="bbox 2000 1993 3585 2065; baseline 0.003 -19"><span class='ocrx_word' id='word_1_360' title='bbox 2000 2011 2135 2047; x_wconf 84' lang='grc' dir='ltr'>πασι</span> <span class='ocrx_word' id='word_1_361' title='bbox 2165 1993 2287 2063; x_wconf 80' lang='grc' dir='ltr'>ξένη</span> <span class='ocrx_word' id='word_1_362' title='bbox 2327 1997 2426 2063; x_wconf 74' lang='grc' dir='ltr'>τῆς</span> <span class='ocrx_word' id='word_1_363' title='bbox 2463 1993 2616 2056; x_wconf 80' lang='grc' dir='ltr'>Θείας</span> <span class='ocrx_word' id='word_1_364' title='bbox 2653 1993 2889 2061; x_wconf 83' lang='grc' dir='ltr'>φύσεως.</span> <span class='ocrx_word' id='word_1_365' title='bbox 2935 1995 2996 2048; x_wconf 84' lang='lat' dir='ltr'><strong>El</strong></span> <span class='ocrx_word' id='word_1_366' title='bbox 3024 1994 3131 2065; x_wconf 79' lang='grc' dir='ltr'>γὰρ</span> <span class='ocrx_word' id='word_1_367' title='bbox 3173 1995 3200 2046; x_wconf 88' lang='grc' dir='ltr'><strong>ό</strong></span> <span class='ocrx_word' id='word_1_368' title='bbox 3231 1995 3365 2058; x_wconf 77' lang='grc' dir='ltr'>Θεὸς</span> <span class='ocrx_word' id='word_1_369' title='bbox 3397 1997 3585 2065; x_wconf 86' lang='grc' dir='ltr'>φύσις,</span> 
     </span>
    </p>
   </div>
   <div class='ocr_carea' id='block_1_50' title="bbox 1998 2085 3585 2158">
    <p class='ocr_par' dir='ltr' id='par_1_50' title="bbox 1998 2085 3585 2158">
     <span class='ocr_line' id='line_1_50' title="bbox 1998 2085 3585 2158; baseline 0.002 -18"><span class='ocrx_word' id='word_1_370' title='bbox 1998 2088 2165 2140; x_wconf 76' lang='grc' dir='ltr'>τᾶλλα</span> <span class='ocrx_word' id='word_1_371' title='bbox 2185 2089 2285 2140; x_wconf 78' lang='grc' dir='ltr'>οὐκ</span> <span class='ocrx_word' id='word_1_372' title='bbox 2316 2085 2429 2140; x_wconf 79' lang='grc' dir='ltr'>ἔστι</span> <span class='ocrx_word' id='word_1_373' title='bbox 2459 2087 2619 2156; x_wconf 89' lang='grc' dir='ltr'>φύσις</span> <span class='ocrx_word' id='word_1_374' title='bbox 2642 2104 2653 2116; x_wconf 90' lang='grc'>·</span> <span class='ocrx_word' id='word_1_375' title='bbox 2681 2089 2729 2140; x_wconf 78' lang='grc' dir='ltr'>εξ</span> <span class='ocrx_word' id='word_1_376' title='bbox 2763 2087 2820 2140; x_wconf 84' lang='grc' dir='ltr'>δὲ</span> <span class='ocrx_word' id='word_1_377' title='bbox 2865 2087 2975 2141; x_wconf 91' lang='grc' dir='ltr'><strong>τῶν</strong></span> <span class='ocrx_word' id='word_1_378' title='bbox 3015 2089 3193 2142; x_wconf 78' lang='grc' dir='ltr'>ἄλλων</span> <span class='ocrx_word' id='word_1_379' title='bbox 3219 2089 3452 2142; x_wconf 78' lang='grc' dir='ltr'>ἕκαστον</span> <span class='ocrx_word' id='word_1_380' title='bbox 3480 2091 3585 2158; x_wconf 80' lang='grc' dir='ltr'>φύ-</span> 
     </span>
    </p>
   </div>
   <div class='ocr_carea' id='block_1_51' title="bbox 2004 2168 3591 2247">
    <p class='ocr_par' dir='ltr' id='par_1_51' title="bbox 2004 2168 3591 2247">
     <span class='ocr_line' id='line_1_51' title="bbox 2004 2168 3591 2247; baseline 0.002 -15"><span class='ocrx_word' id='word_1_381' title='bbox 2004 2168 2110 2240; x_wconf 80' lang='grc' dir='ltr'>σις.</span> <span class='ocrx_word' id='word_1_382' title='bbox 2146 2181 2357 2242; x_wconf 78' lang='grc' dir='ltr'>ἐκεῖνος</span> <span class='ocrx_word' id='word_1_383' title='bbox 2398 2179 2497 2232; x_wconf 82' lang='grc' dir='ltr'><strong>ούκ</strong></span> <span class='ocrx_word' id='word_1_384' title='bbox 2550 2177 2666 2232; x_wconf 72' lang='grc' dir='ltr'>ἔστι</span> <span class='ocrx_word' id='word_1_385' title='bbox 2714 2178 2906 2247; x_wconf 77' lang='grc' dir='ltr'>φύσιςο</span> <span class='ocrx_word' id='word_1_386' title='bbox 2946 2179 3021 2242; x_wconf 83' lang='grc' dir='ltr'>ὡς</span> <span class='ocrx_word' id='word_1_387' title='bbox 3051 2179 3173 2232; x_wconf 85' lang='grc' dir='ltr'><strong>ούδέ</strong></span> <span class='ocrx_word' id='word_1_388' title='bbox 3218 2182 3278 2233; x_wconf 75' lang='grc' dir='ltr'>ὅν</span> <span class='ocrx_word' id='word_1_389' title='bbox 3324 2182 3496 2245; x_wconf 86' lang='grc' dir='ltr'>ἐστιν,</span> <span class='ocrx_word' id='word_1_390' title='bbox 3539 2184 3591 2235; x_wconf 83' lang='grc' dir='ltr'>εἰ</span> 
     </span>
    </p>
   </div>
   <div class='ocr_carea' id='block_1_52' title="bbox 1999 2270 3593 2337">
    <p class='ocr_par' dir='ltr' id='par_1_52' title="bbox 1999 2270 3593 2337">
     <span class='ocr_line' id='line_1_52' title="bbox 1999 2270 3593 2337; baseline 0.003 -15"><span class='ocrx_word' id='word_1_391' title='bbox 1999 2271 2165 2324; x_wconf 79' lang='grc' dir='ltr'>τᾶλλα</span> <span class='ocrx_word' id='word_1_392' title='bbox 2200 2271 2329 2326; x_wconf 64' lang='grc' dir='ltr'>ὄντα</span> <span class='ocrx_word' id='word_1_393' title='bbox 2361 2271 2529 2324; x_wconf 87' lang='grc' dir='ltr'>ἐστίν.</span> <span class='ocrx_word' id='word_1_394' title='bbox 2559 2270 2621 2323; x_wconf 81' lang='lat' dir='ltr'><strong>El</strong></span> <span class='ocrx_word' id='word_1_395' title='bbox 2651 2270 2695 2323; x_wconf 82' lang='grc' dir='ltr'><strong>δ’</strong></span> <span class='ocrx_word' id='word_1_396' title='bbox 2728 2271 2876 2323; x_wconf 82' lang='grc' dir='ltr'>ἐστιν</span> <span class='ocrx_word' id='word_1_397' title='bbox 2907 2272 3118 2334; x_wconf 85' lang='grc' dir='ltr'>ἐκεῖνος</span> <span class='ocrx_word' id='word_1_398' title='bbox 3151 2271 3246 2337; x_wconf 84' lang='grc' dir='ltr'>ὣν,</span> <span class='ocrx_word' id='word_1_399' title='bbox 3280 2274 3451 2327; x_wconf 74' lang='grc' dir='ltr'>τᾶλλα</span> <span class='ocrx_word' id='word_1_400' title='bbox 3484 2275 3593 2327; x_wconf 78' lang='grc' dir='ltr'>οὐκ</span> 
     </span>
    </p>
   </div>
   <div class='ocr_carea' id='block_1_53' title="bbox 2002 2362 3596 2434">
    <p class='ocr_par' dir='ltr' id='par_1_53' title="bbox 2002 2362 3596 2434">
     <span class='ocr_line' id='line_1_53' title="bbox 2002 2362 3596 2434; baseline 0.003 -20"><span class='ocrx_word' id='word_1_401' title='bbox 2002 2363 2147 2415; x_wconf 79' lang='grc' dir='ltr'>ἔστιν</span> <span class='ocrx_word' id='word_1_402' title='bbox 2186 2362 2335 2416; x_wconf 71' lang='grc' dir='ltr'>ὄντα.</span> <span class='ocrx_word' id='word_1_403' title='bbox 2370 2363 2540 2415; x_wconf 82' lang='grc' dir='ltr'>Τοῦτο</span> <span class='ocrx_word' id='word_1_404' title='bbox 2583 2363 2719 2415; x_wconf 73' lang='grc' dir='ltr'><strong>κάπὶ</strong></span> <span class='ocrx_word' id='word_1_405' title='bbox 2749 2365 2846 2433; x_wconf 78' lang='grc' dir='ltr'>τῆς</span> <span class='ocrx_word' id='word_1_406' title='bbox 2875 2364 3066 2432; x_wconf 88' lang='grc' dir='ltr'>σοφίας</span> <span class='ocrx_word' id='word_1_407' title='bbox 3098 2364 3193 2416; x_wconf 76' lang='grc' dir='ltr'><strong>καὶ</strong></span> <span class='ocrx_word' id='word_1_408' title='bbox 3241 2368 3339 2434; x_wconf 82' lang='grc' dir='ltr'>τῆς</span> <span class='ocrx_word' id='word_1_409' title='bbox 3388 2366 3596 2433; x_wconf 79' lang='grc' dir='ltr'>ἁγαθόο</span> 
     </span>
    </p>
   </div>
   <div class='ocr_carea' id='block_1_54' title="bbox 2001 2457 3596 2529">
    <p class='ocr_par' dir='ltr' id='par_1_54' title="bbox 2001 2457 3596 2529">
     <span class='ocr_line' id='line_1_54' title="bbox 2001 2457 3596 2529; baseline -0.001 -18"><span class='ocrx_word' id='word_1_410' title='bbox 2001 2474 2182 2526; x_wconf 84' lang='grc' dir='ltr'>τητος,</span> <span class='ocrx_word' id='word_1_411' title='bbox 2221 2459 2314 2510; x_wconf 73' lang='grc' dir='ltr'><strong>καὶ</strong></span> <span class='ocrx_word' id='word_1_412' title='bbox 2342 2459 2532 2523; x_wconf 88' lang='grc' dir='ltr'>ἁπλῶς</span> <span class='ocrx_word' id='word_1_413' title='bbox 2566 2458 2658 2512; x_wconf 68' lang='grc' dir='ltr'><strong>ἐπλ⁵</strong></span> <span class='ocrx_word' id='word_1_414' title='bbox 2686 2459 2903 2512; x_wconf 86' lang='grc' dir='ltr'>πάντων</span> <span class='ocrx_word' id='word_1_415' title='bbox 2925 2457 3035 2511; x_wconf 87' lang='grc' dir='ltr'><strong>τῶν</strong></span> <span class='ocrx_word' id='word_1_416' title='bbox 3059 2460 3188 2527; x_wconf 77' lang='grc' dir='ltr'>περὶ</span> <span class='ocrx_word' id='word_1_417' title='bbox 3213 2458 3366 2524; x_wconf 72' lang='grc' dir='ltr'>Θεὸν,</span> <span class='ocrx_word' id='word_1_418' title='bbox 3457 2461 3596 2529; x_wconf 77' lang='grc' dir='ltr'>περὶ</span> 
     </span>
    </p>
   </div>
   <div class='ocr_carea' id='block_1_55' title="bbox 2003 2549 3596 2620">
    <p class='ocr_par' dir='ltr' id='par_1_55' title="bbox 2003 2549 3596 2620">
     <span class='ocr_line' id='line_1_55' title="bbox 2003 2549 3596 2620; baseline -0.001 -18"><span class='ocrx_word' id='word_1_419' title='bbox 2003 2549 2138 2602; x_wconf 76' lang='grc' dir='ltr'>Θεοῦ</span> <span class='ocrx_word' id='word_1_420' title='bbox 2194 2551 2506 2620; x_wconf 81' lang='grc' dir='ltr'>λεγομένων</span> <span class='ocrx_word' id='word_1_421' title='bbox 2540 2549 2850 2619; x_wconf 72' lang='grc' dir='ltr'>λαμϐάνων,</span> <span class='ocrx_word' id='word_1_422' title='bbox 2897 2549 3078 2613; x_wconf 83' lang='grc' dir='ltr'>καλῶς</span> <span class='ocrx_word' id='word_1_423' title='bbox 3111 2549 3206 2602; x_wconf 71' lang='grc' dir='ltr'>καὶ</span> <span class='ocrx_word' id='word_1_424' title='bbox 3249 2553 3362 2613; x_wconf 80' lang='grc' dir='ltr'>τοῖς</span> <span class='ocrx_word' id='word_1_425' title='bbox 3411 2551 3596 2618; x_wconf 78' lang='grc' dir='ltr'>ἁγίοις</span> 
     </span>
    </p>
   </div>
   <div class='ocr_carea' id='block_1_56' title="bbox 2005 2639 3596 2711">
    <p class='ocr_par' dir='ltr' id='par_1_56' title="bbox 2005 2639 3596 2711">
     <span class='ocr_line' id='line_1_56' title="bbox 2005 2639 3596 2711; baseline -0.001 -18"><span class='ocrx_word' id='word_1_426' title='bbox 2005 2640 2314 2702; x_wconf 77' lang='grc' dir='ltr'>ἀκολούθως</span> <span class='ocrx_word' id='word_1_427' title='bbox 2347 2639 2714 2711; x_wconf 78' lang='grc' dir='ltr'>θεολογησεις.</span> <span class='ocrx_word' id='word_1_428' title='bbox 2753 2639 2908 2693; x_wconf 79' lang='grc' dir='ltr'>Ἐστι</span> <span class='ocrx_word' id='word_1_429' title='bbox 2939 2640 2995 2692; x_wconf 79' lang='grc' dir='ltr'><strong>δὲ</strong></span> <span class='ocrx_word' id='word_1_430' title='bbox 3034 2641 3127 2694; x_wconf 71' lang='grc' dir='ltr'><strong>καὶ</strong></span> <span class='ocrx_word' id='word_1_431' title='bbox 3161 2640 3375 2709; x_wconf 81' lang='grc' dir='ltr'>λέγεται</span> <span class='ocrx_word' id='word_1_432' title='bbox 3425 2641 3596 2711; x_wconf 88' lang='grc' dir='ltr'>φύσις</span> 
     </span>
    </p>
   </div>
   <div class='ocr_carea' id='block_1_57' title="bbox 2003 2730 3599 2802">
    <p class='ocr_par' dir='ltr' id='par_1_57' title="bbox 2003 2730 3599 2802">
     <span class='ocr_line' id='line_1_57' title="bbox 2003 2730 3599 2802; baseline 0.001 -18"><span class='ocrx_word' id='word_1_433' title='bbox 2003 2734 2112 2784; x_wconf 81' lang='grc' dir='ltr'><strong>τῶν</strong></span> <span class='ocrx_word' id='word_1_434' title='bbox 2170 2732 2343 2786; x_wconf 74' lang='grc' dir='ltr'>ὄντων</span> <span class='ocrx_word' id='word_1_435' title='bbox 2377 2733 2594 2784; x_wconf 88' lang='grc' dir='ltr'>πάντων</span> <span class='ocrx_word' id='word_1_436' title='bbox 2626 2732 2654 2783; x_wconf 85' lang='grc' dir='ltr'>ὁ</span> <span class='ocrx_word' id='word_1_437' title='bbox 2693 2731 2845 2794; x_wconf 74' lang='grc' dir='ltr'>Θεὸς,</span> <span class='ocrx_word' id='word_1_438' title='bbox 2889 2731 2964 2794; x_wconf 86' lang='grc' dir='ltr'>ὡς</span> <span class='ocrx_word' id='word_1_439' title='bbox 3000 2730 3164 2784; x_wconf 80' lang='grc' dir='ltr'>αὑτοῦ</span> <span class='ocrx_word' id='word_1_440' title='bbox 3206 2732 3424 2785; x_wconf 84' lang='grc' dir='ltr'>πάντων</span> <span class='ocrx_word' id='word_1_441' title='bbox 3460 2750 3599 2802; x_wconf 87' lang='grc' dir='ltr'>μετ-</span> 
     </span>
    </p>
   </div>
   <div class='ocr_carea' id='block_1_58' title="bbox 2008 2823 3592 2895">
    <p class='ocr_par' dir='ltr' id='par_1_58' title="bbox 2008 2823 3592 2895">
     <span class='ocr_line' id='line_1_58' title="bbox 2008 2823 3592 2895; baseline 0 -19"><span class='ocrx_word' id='word_1_442' title='bbox 2008 2826 2264 2895; x_wconf 76' lang='grc' dir='ltr'>ἐχόντων,</span> <span class='ocrx_word' id='word_1_443' title='bbox 2299 2825 2394 2877; x_wconf 71' lang='grc' dir='ltr'><strong>καὶ</strong></span> <span class='ocrx_word' id='word_1_444' title='bbox 2422 2826 2487 2893; x_wconf 80' lang='grc' dir='ltr'>τῇ</span> <span class='ocrx_word' id='word_1_445' title='bbox 2529 2823 2741 2892; x_wconf 78' lang='grc' dir='ltr'>μεθέξει</span> <span class='ocrx_word' id='word_1_446' title='bbox 2771 2823 2962 2876; x_wconf 87' lang='grc' dir='ltr'>τούτου</span> <span class='ocrx_word' id='word_1_447' title='bbox 3009 2823 3392 2876; x_wconf 84' lang='grc' dir='ltr'>συνεστώτων·</span> <span class='ocrx_word' id='word_1_448' title='bbox 3429 2825 3492 2877; x_wconf 81' lang='grc' dir='ltr'><strong>ού</strong></span> <span class='ocrx_word' id='word_1_449' title='bbox 3524 2828 3592 2894; x_wconf 82' lang='grc' dir='ltr'>τῇ</span> 
     </span>
    </p>
   </div>
   <div class='ocr_carea' id='block_1_59' title="bbox 2011 2913 3597 2986">
    <p class='ocr_par' dir='ltr' id='par_1_59' title="bbox 2011 2913 3597 2986">
     <span class='ocr_line' id='line_1_59' title="bbox 2011 2913 3597 2986; baseline -0.001 -18"><span class='ocrx_word' id='word_1_450' title='bbox 2011 2915 2230 2985; x_wconf 78' lang='grc' dir='ltr'>μεθέξει</span> <span class='ocrx_word' id='word_1_451' title='bbox 2259 2919 2358 2986; x_wconf 83' lang='grc' dir='ltr'>τῆς</span> <span class='ocrx_word' id='word_1_452' title='bbox 2384 2913 2548 2968; x_wconf 76' lang='grc' dir='ltr'>αὐτοῦ</span> <span class='ocrx_word' id='word_1_453' title='bbox 2585 2914 2822 2982; x_wconf 85' lang='grc' dir='ltr'>φύσεως,</span> <span class='ocrx_word' id='word_1_454' title='bbox 2853 2914 3068 2981; x_wconf 70' lang='grc' dir='ltr'>ἀπάγει</span> <span class='ocrx_word' id='word_1_455' title='bbox 3109 2913 3243 2966; x_wconf 74' lang='grc' dir='ltr'>ἀλλὰ</span> <span class='ocrx_word' id='word_1_456' title='bbox 3275 2917 3337 2983; x_wconf 79' lang='grc' dir='ltr'>τῇ</span> <span class='ocrx_word' id='word_1_457' title='bbox 3375 2914 3597 2984; x_wconf 78' lang='grc' dir='ltr'>μεθέξει</span> 
     </span>
    </p>
   </div>
   <div class='ocr_carea' id='block_1_60' title="bbox 319 3002 1897 3083">
    <p class='ocr_par' dir='ltr' id='par_1_60' title="bbox 319 3002 1894 3083">
     <span class='ocr_line' id='line_1_60' title="bbox 319 3002 1894 3083; baseline -0.011 -16"><span class='ocrx_word' id='word_1_458' title='bbox 319 3018 438 3083; x_wconf 76' lang='lat' dir='ltr'><strong>ejus</strong></span> <span class='ocrx_word' id='word_1_459' title='bbox 477 3010 827 3079; x_wconf 80' lang='lat' dir='ltr'><strong>operationis.</strong></span> <span class='ocrx_word' id='word_1_460' title='bbox 866 3007 956 3060; x_wconf 80' lang='lat' dir='ltr'><strong>Sic</strong></span> <span class='ocrx_word' id='word_1_461' title='bbox 1009 3005 1152 3058; x_wconf 88' lang='lat' dir='ltr'><strong>enim</strong></span> <span class='ocrx_word' id='word_1_462' title='bbox 1181 3013 1260 3058; x_wconf 81' lang='lat' dir='ltr'><strong>est</strong></span> <span class='ocrx_word' id='word_1_463' title='bbox 1297 3004 1473 3072; x_wconf 77' lang='lat' dir='ltr'><strong>ipsum</strong></span> <span class='ocrx_word' id='word_1_464' title='bbox 1510 3016 1632 3056; x_wconf 87' lang='lat' dir='ltr'><strong>esse</strong></span> <span class='ocrx_word' id='word_1_465' title='bbox 1664 3002 1894 3063; x_wconf 90' lang='lat' dir='ltr'><strong>entium,</strong></span> 
     </span>
    </p>
   </div>
   <div class='ocr_carea' id='block_1_61' title="bbox 2010 3002 3597 3083">
    <p class='ocr_par' dir='ltr' id='par_1_61' title="bbox 2010 3005 3597 3076">
     <span class='ocr_line' id='line_1_61' title="bbox 2010 3005 3597 3076; baseline -0.003 -16"><span class='ocrx_word' id='word_1_466' title='bbox 2010 3011 2106 3076; x_wconf 81' lang='grc' dir='ltr'>τῆς</span> <span class='ocrx_word' id='word_1_467' title='bbox 2165 3006 2333 3060; x_wconf 76' lang='grc' dir='ltr'>αὐτοῦ</span> <span class='ocrx_word' id='word_1_468' title='bbox 2390 3005 2687 3076; x_wconf 80' lang='grc' dir='ltr'>ἐνεργείας.</span> <span class='ocrx_word' id='word_1_469' title='bbox 2725 3005 2883 3058; x_wconf 79' lang='grc' dir='ltr'>Οῦτω</span> <span class='ocrx_word' id='word_1_470' title='bbox 2913 3005 3021 3076; x_wconf 78' lang='grc' dir='ltr'><strong>γὰρ</strong></span> <span class='ocrx_word' id='word_1_471' title='bbox 3073 3006 3163 3059; x_wconf 69' lang='grc' dir='ltr'>καὶ</span> <span class='ocrx_word' id='word_1_472' title='bbox 3206 3006 3431 3074; x_wconf 79' lang='grc' dir='ltr'>όντὸτης</span> <span class='ocrx_word' id='word_1_473' title='bbox 3475 3006 3597 3058; x_wconf 74' lang='grc' dir='ltr'>ἐστὶ</span> 
     </span>
    </p>
   </div>
   <div class='ocr_carea' id='block_1_62' title="bbox 321 3092 1894 3165">
    <p class='ocr_par' dir='ltr' id='par_1_62' title="bbox 321 3092 1894 3165">
     <span class='ocr_line' id='line_1_62' title="bbox 321 3092 1894 3165; baseline -0.008 -8"><span class='ocrx_word' id='word_1_474' title='bbox 321 3121 372 3157; x_wconf 80' lang='grc' dir='ltr'><strong>ιί</strong></span> <span class='ocrx_word' id='word_1_475' title='bbox 400 3106 572 3156; x_wconf 76' lang='lat' dir='ltr'><strong>forma</strong></span> <span class='ocrx_word' id='word_1_476' title='bbox 637 3105 787 3153; x_wconf 78' lang='lat' dir='ltr'><strong>tona;</strong></span> <span class='ocrx_word' id='word_1_477' title='bbox 813 3113 929 3152; x_wconf 88' lang='lat' dir='ltr'><strong>rum</strong></span> <span class='ocrx_word' id='word_1_478' title='bbox 991 3095 1147 3165; x_wconf 75' lang='lat' dir='ltr'><strong>quasi</strong></span> <span class='ocrx_word' id='word_1_479' title='bbox 1188 3096 1504 3163; x_wconf 78' lang='lat' dir='ltr'><strong>archetypa,</strong></span> <span class='ocrx_word' id='word_1_480' title='bbox 1542 3104 1596 3147; x_wconf 89' lang='lat' dir='ltr'><strong>et</strong></span> <span class='ocrx_word' id='word_1_481' title='bbox 1628 3092 1894 3162; x_wconf 88' lang='lat' dir='ltr'><strong>sapientia</strong></span> 
     </span>
    </p>
   </div>
   <div class='ocr_carea' id='block_1_63' title="bbox 321 3185 1897 3268">
    <p class='ocr_par' dir='ltr' id='par_1_63' title="bbox 321 3185 1897 3268">
     <span class='ocr_line' id='line_1_63' title="bbox 321 3185 1897 3268; baseline -0.008 -15"><span class='ocrx_word' id='word_1_482' title='bbox 321 3199 668 3268; x_wconf 66' lang='lat' dir='ltr'><strong>s..pit_-u=iuni,</strong></span> <span class='ocrx_word' id='word_1_483' title='bbox 715 3205 768 3247; x_wconf 86' lang='lat' dir='ltr'><strong>et</strong></span> <span class='ocrx_word' id='word_1_484' title='bbox 824 3191 1121 3260; x_wconf 72' lang='lat' dir='ltr'><strong>generatim</strong></span> <span class='ocrx_word' id='word_1_485' title='bbox 1171 3189 1352 3243; x_wconf 86' lang='lat' dir='ltr'><strong>omnia</strong></span> <span class='ocrx_word' id='word_1_486' title='bbox 1409 3191 1460 3242; x_wconf 94' lang='lat' dir='ltr'><strong>in</strong></span> <span class='ocrx_word' id='word_1_487' title='bbox 1486 3189 1758 3243; x_wconf 84' lang='lat' dir='ltr'><strong>uinni‘nus.</strong></span> <span class='ocrx_word' id='word_1_488' title='bbox 1788 3185 1897 3240; x_wconf 86' lang='lat' dir='ltr'><strong>Nec</strong></span> 
     </span>
    </p>
   </div>
   <div class='ocr_carea' id='block_1_64' title="bbox 320 3289 1897 3353">
    <p class='ocr_par' dir='ltr' id='par_1_64' title="bbox 320 3289 1897 3353">
     <span class='ocr_line' id='line_1_64' title="bbox 320 3289 1897 3353; baseline -0.006 -10"><span class='ocrx_word' id='word_1_489' title='bbox 320 3304 405 3344; x_wconf 58' lang='lat' dir='ltr'><strong>cst.</strong></span> <span class='ocrx_word' id='word_1_490' title='bbox 434 3302 648 3353; x_wconf 64' lang='lat' dir='ltr'><strong>natura,</strong></span> <span class='ocrx_word' id='word_1_491' title='bbox 697 3299 949 3351; x_wconf 82' lang='lat' dir='ltr'><strong>tanquam</strong></span> <span class='ocrx_word' id='word_1_492' title='bbox 1000 3296 1161 3351; x_wconf 80' lang='lat' dir='ltr'><strong>Supra</strong></span> <span class='ocrx_word' id='word_1_493' title='bbox 1222 3295 1436 3332; x_wconf 86' lang='lat' dir='ltr'><strong>omnem</strong></span> <span class='ocrx_word' id='word_1_494' title='bbox 1480 3289 1897 3345; x_wconf 82' lang='lat' dir='ltr'><strong>naturam;nec</strong></span> 
     </span>
    </p>
   </div>
   <div class='ocr_carea' id='block_1_65' title="bbox 321 3372 1898 3448">
    <p class='ocr_par' dir='ltr' id='par_1_65' title="bbox 321 3372 1898 3448">
     <span class='ocr_line' id='line_1_65' title="bbox 321 3372 1898 3448; baseline -0.003 -18"><span class='ocrx_word' id='word_1_495' title='bbox 321 3399 400 3437; x_wconf 69' lang='grc' dir='ltr'><strong>«δι</strong></span> <span class='ocrx_word' id='word_1_496' title='bbox 435 3401 554 3443; x_wconf 69' lang='grc' dir='ltr'>ρης,</span> <span class='ocrx_word' id='word_1_497' title='bbox 609 3392 864 3448; x_wconf 63' lang='grc' dir='ltr'>ωηιιιιιηιι</span> <span class='ocrx_word' id='word_1_498' title='bbox 915 3391 1075 3444; x_wconf 78' lang='lat' dir='ltr'><strong>supra</strong></span> <span class='ocrx_word' id='word_1_499' title='bbox 1129 3373 1311 3429; x_wconf 82' lang='lat' dir='ltr'><strong>omnia</strong></span> <span class='ocrx_word' id='word_1_500' title='bbox 1357 3374 1542 3434; x_wconf 85' lang='lat' dir='ltr'><strong>entia;</strong></span> <span class='ocrx_word' id='word_1_501' title='bbox 1592 3387 1692 3426; x_wconf 92' lang='lat' dir='ltr'><strong>nec</strong></span> <span class='ocrx_word' id='word_1_502' title='bbox 1729 3372 1898 3426; x_wconf 76' lang='lat' dir='ltr'><strong>forma</strong></span> 
     </span>
    </p>
   </div>
   <div class='ocr_carea' id='block_1_66' title="bbox 324 3453 1898 3542">
    <p class='ocr_par' dir='ltr' id='par_1_66' title="bbox 324 3453 1898 3542">
     <span class='ocr_line' id='line_1_66' title="bbox 324 3453 1898 3542; baseline -0.008 -13"><span class='ocrx_word' id='word_1_503' title='bbox 324 3491 428 3542; x_wconf 67' lang='lat' dir='ltr'><strong>cst,</strong></span> <span class='ocrx_word' id='word_1_504' title='bbox 465 3493 567 3529; x_wconf 90' lang='lat' dir='ltr'><strong>nec</strong></span> <span class='ocrx_word' id='word_1_505' title='bbox 617 3453 848 3527; x_wconf 43' lang='lat' dir='ltr'><strong>&#39;tormant</strong></span> <span class='ocrx_word' id='word_1_506' title='bbox 879 3469 1062 3534; x_wconf 77' lang='lat' dir='ltr'><strong>habet,</strong></span> <span class='ocrx_word' id='word_1_507' title='bbox 1099 3479 1348 3535; x_wconf 79' lang='lat' dir='ltr'><strong>tanquam</strong></span> <span class='ocrx_word' id='word_1_508' title='bbox 1389 3468 1434 3519; x_wconf 81' lang='lat' dir='ltr'><strong>si</strong></span> <span class='ocrx_word' id='word_1_509' title='bbox 1469 3480 1632 3532; x_wconf 85' lang='lat' dir='ltr'><strong>supra</strong></span> <span class='ocrx_word' id='word_1_510' title='bbox 1667 3463 1898 3518; x_wconf 81' lang='lat' dir='ltr'><strong>formant</strong></span> 
     </span>
    </p>
   </div>
   <div class='ocr_carea' id='block_1_67' title="bbox 325 3554 1900 3632">
    <p class='ocr_par' dir='ltr' id='par_1_67' title="bbox 325 3554 1900 3632">
     <span class='ocr_line' id='line_1_67' title="bbox 325 3554 1900 3632; baseline -0.009 -11"><span class='ocrx_word' id='word_1_511' title='bbox 325 3583 413 3622; x_wconf 57' lang='grc' dir='ltr'>εει.</span> <span class='ocrx_word' id='word_1_512' title='bbox 445 3565 729 3632; x_wconf 77' lang='lat' dir='ltr'><strong>Quomodo</strong></span> <span class='ocrx_word' id='word_1_513' title='bbox 765 3563 928 3631; x_wconf 75' lang='lat' dir='ltr'><strong>igitur</strong></span> <span class='ocrx_word' id='word_1_514' title='bbox 958 3575 1058 3613; x_wconf 85' lang='lat' dir='ltr'><strong>nos</strong></span> <span class='ocrx_word' id='word_1_515' title='bbox 1099 3573 1265 3628; x_wconf 83' lang='lat' dir='ltr'><strong>prepe</strong></span> <span class='ocrx_word' id='word_1_516' title='bbox 1305 3555 1467 3609; x_wconf 87' lang='lat' dir='ltr'><strong>Deum</strong></span> <span class='ocrx_word' id='word_1_517' title='bbox 1502 3554 1728 3608; x_wconf 77' lang='lat' dir='ltr'><strong>tiamus?</strong></span> <span class='ocrx_word' id='word_1_518' title='bbox 1759 3554 1900 3608; x_wconf 84' lang='lat' dir='ltr'><strong>Nunt</strong></span> 
     </span>
    </p>
   </div>
   <div class='ocr_carea' id='block_1_68' title="bbox 325 3648 1900 3723">
    <p class='ocr_par' dir='ltr' id='par_1_68' title="bbox 325 3648 1900 3723">
     <span class='ocr_line' id='line_1_68' title="bbox 325 3648 1900 3723; baseline -0.008 -10"><span class='ocrx_word' id='word_1_519' title='bbox 325 3667 389 3713; x_wconf 84' lang='lat' dir='ltr'><strong>ad</strong></span> <span class='ocrx_word' id='word_1_520' title='bbox 427 3674 669 3712; x_wconf 74' lang='lat' dir='ltr'><strong>naturam</strong></span> <span class='ocrx_word' id='word_1_521' title='bbox 690 3658 806 3721; x_wconf 70' lang='lat' dir='ltr'><strong>eius</strong></span> <span class='ocrx_word' id='word_1_522' title='bbox 834 3654 1333 3723; x_wconf 75' lang='lat' dir='ltr'><strong>appropinquantes</strong></span> <span class='ocrx_word' id='word_1_523' title='bbox 1352 3649 1375 3700; x_wconf 71' lang='grc' dir='ltr'><strong>’ἓ</strong></span> <span class='ocrx_word' id='word_1_524' title='bbox 1395 3648 1499 3701; x_wconf 85' lang='lat' dir='ltr'><strong>Sed</strong></span> <span class='ocrx_word' id='word_1_525' title='bbox 1526 3657 1900 3702; x_wconf 79' lang='lat' dir='ltr'><strong>creaturarum</strong></span> 
     </span>
    </p>
   </div>
   <div class='ocr_carea' id='block_1_69' title="bbox 325 3740 1904 3817">
    <p class='ocr_par' dir='ltr' id='par_1_69' title="bbox 325 3740 1904 3817">
     <span class='ocr_line' id='line_1_69' title="bbox 325 3740 1904 3817; baseline -0.009 -14"><span class='ocrx_word' id='word_1_526' title='bbox 325 3771 388 3803; x_wconf 76' lang='lat' dir='ltr'><strong>ne</strong></span> <span class='ocrx_word' id='word_1_527' title='bbox 421 3767 522 3804; x_wconf 87' lang='lat' dir='ltr'><strong>una</strong></span> <span class='ocrx_word' id='word_1_528' title='bbox 549 3749 763 3817; x_wconf 91' lang='lat' dir='ltr'><strong>quidem</strong></span> <span class='ocrx_word' id='word_1_529' title='bbox 808 3747 972 3798; x_wconf 73' lang='lat' dir='ltr'><strong>ullam</strong></span> <span class='ocrx_word' id='word_1_530' title='bbox 1018 3744 1176 3796; x_wconf 81' lang='lat' dir='ltr'><strong>habet</strong></span> <span class='ocrx_word' id='word_1_531' title='bbox 1216 3740 1768 3794; x_wconf 76' lang='lat' dir='ltr'><strong>ctimmunicationetn</strong></span> <span class='ocrx_word' id='word_1_532' title='bbox 1811 3750 1904 3790; x_wconf 89' lang='lat' dir='ltr'><strong>aut</strong></span> 
     </span>
    </p>
   </div>
   <div class='ocr_carea' id='block_1_70' title="bbox 326 3830 1903 3900">
    <p class='ocr_par' dir='ltr' id='par_1_70' title="bbox 326 3830 1903 3900">
     <span class='ocr_line' id='line_1_70' title="bbox 326 3830 1903 3900; baseline -0.006 -6"><span class='ocrx_word' id='word_1_533' title='bbox 326 3844 646 3896; x_wconf 51' lang='lat' dir='ltr'><strong>:itlinitatem</strong></span> <span class='ocrx_word' id='word_1_534' title='bbox 701 3854 824 3892; x_wconf 84' lang='lat' dir='ltr'><strong>cum</strong></span> <span class='ocrx_word' id='word_1_535' title='bbox 857 3849 1112 3900; x_wconf 88' lang='lat' dir='ltr'><strong>suprema</strong></span> <span class='ocrx_word' id='word_1_536' title='bbox 1155 3843 1370 3886; x_wconf 90' lang='lat' dir='ltr'><strong>natura.</strong></span> <span class='ocrx_word' id='word_1_537' title='bbox 1428 3830 1484 3884; x_wconf 91' lang='lat' dir='ltr'><strong>Si</strong></span> <span class='ocrx_word' id='word_1_538' title='bbox 1514 3833 1635 3900; x_wconf 81' lang='lat' dir='ltr'><strong>quis</strong></span> <span class='ocrx_word' id='word_1_539' title='bbox 1681 3847 1808 3899; x_wconf 77' lang='lat' dir='ltr'><strong>ergo</strong></span> <span class='ocrx_word' id='word_1_540' title='bbox 1837 3833 1903 3884; x_wconf 91' lang='lat' dir='ltr'><strong>ad</strong></span> 
     </span>
    </p>
   </div>
   <div class='ocr_carea' id='block_1_71' title="bbox 328 3925 1902 3999">
    <p class='ocr_par' dir='ltr' id='par_1_71' title="bbox 328 3925 1902 3999">
     <span class='ocr_line' id='line_1_71' title="bbox 328 3925 1902 3999; baseline -0.008 -11"><span class='ocrx_word' id='word_1_541' title='bbox 328 3937 494 3989; x_wconf 69' lang='grc' dir='ltr'>υιιιιιιι</span> <span class='ocrx_word' id='word_1_542' title='bbox 521 3935 746 3994; x_wconf 82' lang='lat' dir='ltr'><strong>accedit,</strong></span> <span class='ocrx_word' id='word_1_543' title='bbox 778 3927 1096 3999; x_wconf 83' lang='lat' dir='ltr'><strong>operatione</strong></span> <span class='ocrx_word' id='word_1_544' title='bbox 1157 3941 1377 3995; x_wconf 86' lang='lat' dir='ltr'><strong>prorsus</strong></span> <span class='ocrx_word' id='word_1_545' title='bbox 1410 3925 1458 3978; x_wconf 89' lang='lat' dir='ltr'><strong>ei</strong></span> <span class='ocrx_word' id='word_1_546' title='bbox 1484 3927 1902 3994; x_wconf 71' lang='lat' dir='ltr'><strong>appropinquat.</strong></span> 
     </span>
    </p>
   </div>
   <div class='ocr_carea' id='block_1_72' title="bbox 326 4015 1906 4092">
    <p class='ocr_par' dir='ltr' id='par_1_72' title="bbox 326 4015 1906 4092">
     <span class='ocr_line' id='line_1_72' title="bbox 326 4015 1906 4092; baseline -0.005 -17"><span class='ocrx_word' id='word_1_547' title='bbox 326 4029 609 4092; x_wconf 72' lang='lat' dir='ltr'><strong>Quomodo</strong></span> <span class='ocrx_word' id='word_1_548' title='bbox 663 4021 864 4090; x_wconf 69' lang='lat' dir='ltr'><strong>igitur?</strong></span> <span class='ocrx_word' id='word_1_549' title='bbox 901 4020 968 4075; x_wconf 89' lang='lat' dir='ltr'><strong>Ut</strong></span> <span class='ocrx_word' id='word_1_550' title='bbox 1017 4022 1156 4074; x_wconf 89' lang='lat' dir='ltr'><strong>hanc</strong></span> <span class='ocrx_word' id='word_1_551' title='bbox 1193 4019 1496 4087; x_wconf 76' lang='lat' dir='ltr'><strong>participas</strong></span> <span class='ocrx_word' id='word_1_552' title='bbox 1541 4015 1906 4070; x_wconf 83' lang='lat' dir='ltr'><strong>naturaliter?</strong></span> 
     </span>
    </p>
   </div>
   <div class='ocr_carea' id='block_1_73' title="bbox 325 4108 1905 4179">
    <p class='ocr_par' dir='ltr' id='par_1_73' title="bbox 325 4108 1905 4179">
     <span class='ocr_line' id='line_1_73' title="bbox 325 4108 1905 4179; baseline -0.008 -7"><span class='ocrx_word' id='word_1_553' title='bbox 325 4121 429 4172; x_wconf 66' lang='lat' dir='ltr'><strong>Sed</strong></span> <span class='ocrx_word' id='word_1_554' title='bbox 474 4119 524 4171; x_wconf 89' lang='lat' dir='ltr'><strong>id</strong></span> <span class='ocrx_word' id='word_1_555' title='bbox 560 4130 850 4171; x_wconf 76' lang='lat' dir='ltr'><strong>coinmnue</strong></span> <span class='ocrx_word' id='word_1_556' title='bbox 880 4122 963 4168; x_wconf 86' lang='lat' dir='ltr'><strong>est</strong></span> <span class='ocrx_word' id='word_1_557' title='bbox 994 4113 1246 4165; x_wconf 88' lang='lat' dir='ltr'><strong>omnibus</strong></span> <span class='ocrx_word' id='word_1_558' title='bbox 1295 4111 1583 4165; x_wconf 86' lang='lat' dir='ltr'><strong>creaturis.</strong></span> <span class='ocrx_word' id='word_1_559' title='bbox 1628 4108 1766 4179; x_wconf 73' lang='lat' dir='ltr'><strong>Ergo</strong></span> <span class='ocrx_word' id='word_1_560' title='bbox 1798 4124 1905 4162; x_wconf 86' lang='lat' dir='ltr'><strong>non</strong></span> 
     </span>
    </p>
   </div>
   <div class='ocr_carea' id='block_1_74' title="bbox 328 4205 1908 4280">
    <p class='ocr_par' dir='ltr' id='par_1_74' title="bbox 328 4205 1908 4280">
     <span class='ocr_line' id='line_1_74' title="bbox 328 4205 1908 4280; baseline -0.003 -21"><span class='ocrx_word' id='word_1_561' title='bbox 328 4227 422 4280; x_wconf 69' lang='lat' dir='ltr'><strong>per</strong></span> <span class='ocrx_word' id='word_1_562' title='bbox 451 4210 774 4263; x_wconf 82' lang='lat' dir='ltr'><strong>naturaliter</strong></span> <span class='ocrx_word' id='word_1_563' title='bbox 798 4208 980 4270; x_wconf 84' lang='lat' dir='ltr'><strong>insita,</strong></span> <span class='ocrx_word' id='word_1_564' title='bbox 1011 4209 1105 4260; x_wconf 89' lang='lat' dir='ltr'><strong>scd</strong></span> <span class='ocrx_word' id='word_1_565' title='bbox 1148 4221 1243 4271; x_wconf 84' lang='lat' dir='ltr'><strong>per</strong></span> <span class='ocrx_word' id='word_1_566' title='bbox 1278 4205 1447 4258; x_wconf 73' lang='lat' dir='ltr'><strong>lilierc</strong></span> <span class='ocrx_word' id='word_1_567' title='bbox 1484 4205 1625 4257; x_wconf 77' lang='lat' dir='ltr'><strong>facta</strong></span> <span class='ocrx_word' id='word_1_568' title='bbox 1679 4205 1908 4272; x_wconf 88' lang='lat' dir='ltr'><strong>propior</strong></span> 
     </span>
    </p>
   </div>
   <div class='ocr_carea' id='block_1_75' title="bbox 328 4296 1904 4371">
    <p class='ocr_par' dir='ltr' id='par_1_75' title="bbox 328 4296 1904 4371">
     <span class='ocr_line' id='line_1_75' title="bbox 328 4296 1904 4371; baseline -0.005 -16"><span class='ocrx_word' id='word_1_569' title='bbox 328 4305 453 4371; x_wconf 89' lang='lat' dir='ltr'><strong>quis</strong></span> <span class='ocrx_word' id='word_1_570' title='bbox 504 4300 611 4354; x_wconf 83' lang='lat' dir='ltr'><strong>Deo</strong></span> <span class='ocrx_word' id='word_1_571' title='bbox 642 4301 723 4352; x_wconf 84' lang='lat' dir='ltr'><strong>vel</strong></span> <span class='ocrx_word' id='word_1_572' title='bbox 767 4301 834 4350; x_wconf 87' lang='lat' dir='ltr'><strong>ab</strong></span> <span class='ocrx_word' id='word_1_573' title='bbox 888 4314 952 4350; x_wconf 92' lang='lat' dir='ltr'><strong>co</strong></span> <span class='ocrx_word' id='word_1_574' title='bbox 988 4297 1246 4349; x_wconf 86' lang='lat' dir='ltr'><strong>remotior</strong></span> <span class='ocrx_word' id='word_1_575' title='bbox 1283 4296 1380 4362; x_wconf 74' lang='lat' dir='ltr'><strong>fit;</strong></span> <span class='ocrx_word' id='word_1_576' title='bbox 1441 4296 1692 4350; x_wconf 82' lang='lat' dir='ltr'><strong>libertate</strong></span> <span class='ocrx_word' id='word_1_577' title='bbox 1727 4306 1904 4347; x_wconf 80' lang='lat' dir='ltr'><strong>autent</strong></span> 
     </span>
    </p>
   </div>
   <div class='ocr_carea' id='block_1_76' title="bbox 2007 3095 3594 3167">
    <p class='ocr_par' dir='ltr' id='par_1_76' title="bbox 2007 3095 3594 3167">
     <span class='ocr_line' id='line_1_76' title="bbox 2007 3095 3594 3167; baseline -0.003 -14"><span class='ocrx_word' id='word_1_578' title='bbox 2007 3100 2115 3153; x_wconf 88' lang='grc' dir='ltr'><strong>τῶν</strong></span> <span class='ocrx_word' id='word_1_579' title='bbox 2143 3099 2336 3165; x_wconf 72' lang='grc' dir='ltr'>ὄντων,</span> <span class='ocrx_word' id='word_1_580' title='bbox 2365 3099 2461 3152; x_wconf 69' lang='grc' dir='ltr'>καὶ</span> <span class='ocrx_word' id='word_1_581' title='bbox 2492 3095 2630 3160; x_wconf 77' lang='grc' dir='ltr'>εἶδος</span> <span class='ocrx_word' id='word_1_582' title='bbox 2677 3100 2734 3150; x_wconf 87' lang='grc' dir='ltr'><strong>ἐν</strong></span> <span class='ocrx_word' id='word_1_583' title='bbox 2764 3100 2878 3160; x_wconf 82' lang='grc' dir='ltr'>τοῖς</span> <span class='ocrx_word' id='word_1_584' title='bbox 2921 3098 3117 3150; x_wconf 73' lang='grc' dir='ltr'>εἴδεσιν</span> <span class='ocrx_word' id='word_1_585' title='bbox 3148 3097 3222 3160; x_wconf 83' lang='grc' dir='ltr'>ὡς</span> <span class='ocrx_word' id='word_1_586' title='bbox 3278 3097 3594 3167; x_wconf 76' lang='grc' dir='ltr'>εἰδεάρχης,</span> 
     </span>
    </p>
   </div>
   <div class='ocr_carea' id='block_1_77' title="bbox 2009 3187 3598 3260">
    <p class='ocr_par' dir='ltr' id='par_1_77' title="bbox 2009 3187 3598 3260">
     <span class='ocr_line' id='line_1_77' title="bbox 2009 3187 3598 3260; baseline -0.001 -16"><span class='ocrx_word' id='word_1_587' title='bbox 2009 3192 2102 3245; x_wconf 76' lang='grc' dir='ltr'>καὶ</span> <span class='ocrx_word' id='word_1_588' title='bbox 2143 3191 2306 3260; x_wconf 84' lang='grc' dir='ltr'>σοφία</span> <span class='ocrx_word' id='word_1_589' title='bbox 2339 3191 2449 3243; x_wconf 88' lang='grc' dir='ltr'><strong>τῶν</strong></span> <span class='ocrx_word' id='word_1_590' title='bbox 2505 3189 2900 3260; x_wconf 77' lang='grc' dir='ltr'>σοφιζομένων,</span> <span class='ocrx_word' id='word_1_591' title='bbox 2936 3188 3027 3241; x_wconf 75' lang='grc' dir='ltr'><strong>καὶ</strong></span> <span class='ocrx_word' id='word_1_592' title='bbox 3060 3187 3248 3250; x_wconf 82' lang='grc' dir='ltr'>ἁπλῶς</span> <span class='ocrx_word' id='word_1_593' title='bbox 3298 3188 3364 3241; x_wconf 74' lang='grc' dir='ltr'><strong>τά</strong></span> <span class='ocrx_word' id='word_1_594' title='bbox 3418 3189 3598 3242; x_wconf 81' lang='grc' dir='ltr'>πάντα</span> 
     </span>
    </p>
   </div>
   <div class='ocr_carea' id='block_1_78' title="bbox 2012 3279 3591 3351">
    <p class='ocr_par' dir='ltr' id='par_1_78' title="bbox 2012 3279 3591 3351">
     <span class='ocr_line' id='line_1_78' title="bbox 2012 3279 3591 3351; baseline -0.004 -14"><span class='ocrx_word' id='word_1_595' title='bbox 2012 3285 2262 3338; x_wconf 84' lang='grc' dir='ltr'>πάντων·</span> <span class='ocrx_word' id='word_1_596' title='bbox 2293 3285 2383 3337; x_wconf 72' lang='grc' dir='ltr'><strong>καὶ</strong></span> <span class='ocrx_word' id='word_1_597' title='bbox 2415 3283 2515 3336; x_wconf 84' lang='grc' dir='ltr'><strong>οὐκ</strong></span> <span class='ocrx_word' id='word_1_598' title='bbox 2558 3282 2633 3335; x_wconf 78' lang='grc' dir='ltr'>ὢν</span> <span class='ocrx_word' id='word_1_599' title='bbox 2675 3281 2857 3350; x_wconf 83' lang='grc' dir='ltr'>φύσις,</span> <span class='ocrx_word' id='word_1_600' title='bbox 2889 3283 2965 3345; x_wconf 85' lang='grc' dir='ltr'>ὼς</span> <span class='ocrx_word' id='word_1_601' title='bbox 3011 3281 3150 3351; x_wconf 81' lang='grc' dir='ltr'>ὑπὲρ</span> <span class='ocrx_word' id='word_1_602' title='bbox 3183 3283 3363 3334; x_wconf 83' lang='grc' dir='ltr'>πᾶσαν</span> <span class='ocrx_word' id='word_1_603' title='bbox 3393 3279 3555 3349; x_wconf 85' lang='grc' dir='ltr'>φύσιν</span> <span class='ocrx_word' id='word_1_604' title='bbox 3576 3295 3591 3309; x_wconf 87' lang='grc'><strong>·</strong></span> 
     </span>
    </p>
   </div>
   <div class='ocr_carea' id='block_1_79' title="bbox 2012 3373 3595 3446">
    <p class='ocr_par' dir='ltr' id='par_1_79' title="bbox 2012 3373 3595 3446">
     <span class='ocr_line' id='line_1_79' title="bbox 2012 3373 3595 3446; baseline -0.004 -13"><span class='ocrx_word' id='word_1_605' title='bbox 2012 3381 2104 3434; x_wconf 79' lang='grc' dir='ltr'><strong>καὶ</strong></span> <span class='ocrx_word' id='word_1_606' title='bbox 2129 3381 2228 3433; x_wconf 75' lang='grc' dir='ltr'><strong>οὐκ</strong></span> <span class='ocrx_word' id='word_1_607' title='bbox 2257 3379 2334 3432; x_wconf 82' lang='grc' dir='ltr'><strong>ῶν</strong></span> <span class='ocrx_word' id='word_1_608' title='bbox 2367 3379 2461 3441; x_wconf 82' lang='grc' dir='ltr'><strong>ῶν,</strong></span> <span class='ocrx_word' id='word_1_609' title='bbox 2491 3379 2567 3440; x_wconf 84' lang='grc' dir='ltr'>ὡς</span> <span class='ocrx_word' id='word_1_610' title='bbox 2600 3378 2740 3446; x_wconf 79' lang='grc' dir='ltr'>ὑπὲρ</span> <span class='ocrx_word' id='word_1_611' title='bbox 2775 3377 2954 3429; x_wconf 84' lang='grc' dir='ltr'>πάντα</span> <span class='ocrx_word' id='word_1_612' title='bbox 2986 3375 3054 3428; x_wconf 82' lang='grc' dir='ltr'>τὰ</span> <span class='ocrx_word' id='word_1_613' title='bbox 3077 3377 3206 3428; x_wconf 80' lang='grc' dir='ltr'>ὂντα</span> <span class='ocrx_word' id='word_1_614' title='bbox 3226 3393 3240 3406; x_wconf 90' lang='grc'><strong>·</strong></span> <span class='ocrx_word' id='word_1_615' title='bbox 3273 3376 3367 3428; x_wconf 75' lang='grc' dir='ltr'>καὶ</span> <span class='ocrx_word' id='word_1_616' title='bbox 3397 3375 3498 3428; x_wconf 76' lang='grc' dir='ltr'>οὐκ</span> <span class='ocrx_word' id='word_1_617' title='bbox 3520 3373 3595 3426; x_wconf 85' lang='grc' dir='ltr'><strong>ῶν</strong></span> 
     </span>
    </p>
   </div>
   <div class='ocr_carea' id='block_1_80' title="bbox 2010 3462 3598 3540">
    <p class='ocr_par' dir='ltr' id='par_1_80' title="bbox 2010 3462 3598 3540">
     <span class='ocr_line' id='line_1_80' title="bbox 2010 3462 3598 3540; baseline -0.005 -16"><span class='ocrx_word' id='word_1_618' title='bbox 2010 3471 2118 3524; x_wconf 66' lang='grc' dir='ltr'>οὐδ’</span> <span class='ocrx_word' id='word_1_619' title='bbox 2150 3473 2290 3540; x_wconf 79' lang='grc' dir='ltr'>ἔχων</span> <span class='ocrx_word' id='word_1_620' title='bbox 2332 3469 2490 3532; x_wconf 65' lang='grc' dir='ltr'>ετδος.</span> <span class='ocrx_word' id='word_1_621' title='bbox 2515 3469 2591 3532; x_wconf 82' lang='grc' dir='ltr'>ὡς</span> <span class='ocrx_word' id='word_1_622' title='bbox 2632 3469 2772 3537; x_wconf 75' lang='grc' dir='ltr'>ὑπὲρ</span> <span class='ocrx_word' id='word_1_623' title='bbox 2821 3462 2958 3529; x_wconf 77' lang='grc' dir='ltr'>εἶδος</span> <span class='ocrx_word' id='word_1_624' title='bbox 2987 3465 3085 3520; x_wconf 79' lang='grc' dir='ltr'>ὧν.</span> <span class='ocrx_word' id='word_1_625' title='bbox 3123 3467 3249 3529; x_wconf 89' lang='grc' dir='ltr'><strong>Πῶς</strong></span> <span class='ocrx_word' id='word_1_626' title='bbox 3289 3465 3384 3518; x_wconf 82' lang='grc' dir='ltr'><strong>οῦν</strong></span> <span class='ocrx_word' id='word_1_627' title='bbox 3431 3467 3598 3534; x_wconf 68' lang='grc' dir='ltr'>ἡμεῖς</span> 
     </span>
    </p>
   </div>
   <div class='ocr_carea' id='block_1_81' title="bbox 2013 3555 3597 3629">
    <p class='ocr_par' dir='ltr' id='par_1_81' title="bbox 2013 3555 3597 3629">
     <span class='ocr_line' id='line_1_81' title="bbox 2013 3555 3597 3629; baseline -0.003 -16"><span class='ocrx_word' id='word_1_628' title='bbox 2013 3563 2239 3629; x_wconf 74' lang='grc' dir='ltr'>πλησίον</span> <span class='ocrx_word' id='word_1_629' title='bbox 2268 3561 2361 3613; x_wconf 83' lang='grc' dir='ltr'><strong>τοῦ</strong></span> <span class='ocrx_word' id='word_1_630' title='bbox 2385 3561 2518 3613; x_wconf 81' lang='grc' dir='ltr'>Θεοῦ</span> <span class='ocrx_word' id='word_1_631' title='bbox 2550 3559 2872 3628; x_wconf 76' lang='grc' dir='ltr'>γενώμεθας</span> <span class='ocrx_word' id='word_1_632' title='bbox 2899 3555 3045 3627; x_wconf 73' lang='grc' dir='ltr'><strong>Ἀρα</strong></span> <span class='ocrx_word' id='word_1_633' title='bbox 3074 3561 3138 3626; x_wconf 83' lang='grc' dir='ltr'>τῇ</span> <span class='ocrx_word' id='word_1_634' title='bbox 3171 3556 3331 3624; x_wconf 82' lang='grc' dir='ltr'>φύσει</span> <span class='ocrx_word' id='word_1_635' title='bbox 3360 3556 3597 3624; x_wconf 69' lang='grc' dir='ltr'>πλησῖά-</span> 
     </span>
    </p>
   </div>
   <div class='ocr_carea' id='block_1_82' title="bbox 2014 3649 3598 3720">
    <p class='ocr_par' dir='ltr' id='par_1_82' title="bbox 2014 3649 3598 3720">
     <span class='ocr_line' id='line_1_82' title="bbox 2014 3649 3598 3720; baseline -0.006 -12"><span class='ocrx_word' id='word_1_636' title='bbox 2014 3657 2196 3718; x_wconf 77' lang='grc' dir='ltr'>ζοντες</span> <span class='ocrx_word' id='word_1_637' title='bbox 2230 3653 2428 3718; x_wconf 68' lang='grc' dir='ltr'>αὐτοῦς</span> <span class='ocrx_word' id='word_1_638' title='bbox 2470 3653 2584 3705; x_wconf 75' lang='grc' dir='ltr'>ἀλλ’</span> <span class='ocrx_word' id='word_1_639' title='bbox 2615 3652 2733 3703; x_wconf 69' lang='grc' dir='ltr'>οὐδὲ</span> <span class='ocrx_word' id='word_1_640' title='bbox 2771 3650 2898 3720; x_wconf 82' lang='grc' dir='ltr'>μίαν</span> <span class='ocrx_word' id='word_1_641' title='bbox 2945 3650 3056 3720; x_wconf 77' lang='grc' dir='ltr'>ἔχει</span> <span class='ocrx_word' id='word_1_642' title='bbox 3086 3650 3117 3718; x_wconf 75' lang='grc' dir='ltr'><strong>ἢ</strong></span> <span class='ocrx_word' id='word_1_643' title='bbox 3152 3649 3263 3713; x_wconf 83' lang='grc' dir='ltr'>’ἐξει</span> <span class='ocrx_word' id='word_1_644' title='bbox 3310 3650 3598 3700; x_wconf 61' lang='grc' dir='ltr'>κοινωνίαν</span> 
     </span>
    </p>
   </div>
   <div class='ocr_carea' id='block_1_83' title="bbox 2015 3740 3599 3816">
    <p class='ocr_par' dir='ltr' id='par_1_83' title="bbox 2015 3740 3599 3816">
     <span class='ocr_line' id='line_1_83' title="bbox 2015 3740 3599 3816; baseline -0.006 -17"><span class='ocrx_word' id='word_1_645' title='bbox 2015 3749 2046 3816; x_wconf 78' lang='grc' dir='ltr'><strong>ἢ</strong></span> <span class='ocrx_word' id='word_1_646' title='bbox 2088 3747 2369 3816; x_wconf 82' lang='grc' dir='ltr'>ἐγγύτητα</span> <span class='ocrx_word' id='word_1_647' title='bbox 2402 3744 2536 3814; x_wconf 81' lang='grc' dir='ltr'>πρὸς</span> <span class='ocrx_word' id='word_1_648' title='bbox 2566 3743 2664 3812; x_wconf 82' lang='grc' dir='ltr'>τὴν</span> <span class='ocrx_word' id='word_1_649' title='bbox 2694 3743 2954 3795; x_wconf 83' lang='grc' dir='ltr'>ἀνωτάτω</span> <span class='ocrx_word' id='word_1_650' title='bbox 2993 3741 3175 3810; x_wconf 87' lang='grc' dir='ltr'>φύσιν,</span> <span class='ocrx_word' id='word_1_651' title='bbox 3214 3740 3323 3795; x_wconf 88' lang='grc' dir='ltr'><strong>τῶν</strong></span> <span class='ocrx_word' id='word_1_652' title='bbox 3362 3740 3599 3793; x_wconf 71' lang='grc' dir='ltr'>κτιςτῶν</span> 
     </span>
    </p>
   </div>
   <div class='ocr_carea' id='block_1_84' title="bbox 2013 3829 3598 3904">
    <p class='ocr_par' dir='ltr' id='par_1_84' title="bbox 2013 3829 3598 3904">
     <span class='ocr_line' id='line_1_84' title="bbox 2013 3829 3598 3904; baseline -0.004 -16"><span class='ocrx_word' id='word_1_653' title='bbox 2013 3838 2272 3889; x_wconf 78' lang='grc' dir='ltr'>ἁπάντων</span> <span class='ocrx_word' id='word_1_654' title='bbox 2306 3834 2426 3886; x_wconf 76' lang='grc' dir='ltr'><strong>οὐδὲ</strong></span> <span class='ocrx_word' id='word_1_655' title='bbox 2458 3833 2537 3887; x_wconf 78' lang='grc' dir='ltr'>ἓν.</span> <span class='ocrx_word' id='word_1_656' title='bbox 2570 3833 2742 3904; x_wconf 74' lang='grc' dir='ltr'>Εἴπερ</span> <span class='ocrx_word' id='word_1_657' title='bbox 2778 3829 2872 3885; x_wconf 77' lang='grc' dir='ltr'>οὖν</span> <span class='ocrx_word' id='word_1_658' title='bbox 2906 3849 2988 3894; x_wconf 81' lang='grc' dir='ltr'><strong>τις</strong></span> <span class='ocrx_word' id='word_1_659' title='bbox 3013 3832 3206 3900; x_wconf 80' lang='grc' dir='ltr'>γέγονε</span> <span class='ocrx_word' id='word_1_660' title='bbox 3243 3831 3468 3898; x_wconf 80' lang='grc' dir='ltr'>πλησίον</span> <span class='ocrx_word' id='word_1_661' title='bbox 3499 3829 3598 3882; x_wconf 86' lang='grc' dir='ltr'><strong>τοῦ</strong></span> 
     </span>
    </p>
   </div>
   <div class='ocr_carea' id='block_1_85' title="bbox 2015 3921 3600 3996">
    <p class='ocr_par' dir='ltr' id='par_1_85' title="bbox 2015 3921 3600 3996">
     <span class='ocr_line' id='line_1_85' title="bbox 2015 3921 3600 3996; baseline -0.002 -20"><span class='ocrx_word' id='word_1_662' title='bbox 2015 3925 2172 3988; x_wconf 81' lang='grc' dir='ltr'>θεοῦ,</span> <span class='ocrx_word' id='word_1_663' title='bbox 2202 3929 2266 3996; x_wconf 83' lang='grc' dir='ltr'>τῇ</span> <span class='ocrx_word' id='word_1_664' title='bbox 2304 3925 2554 3995; x_wconf 79' lang='grc' dir='ltr'>ἐνεργείᾳ</span> <span class='ocrx_word' id='word_1_665' title='bbox 2601 3924 2819 3986; x_wconf 82' lang='grc' dir='ltr'>πάντως</span> <span class='ocrx_word' id='word_1_666' title='bbox 2869 3923 3202 3992; x_wconf 76' lang='grc' dir='ltr'>ἐπλησίασεν</span> <span class='ocrx_word' id='word_1_667' title='bbox 3235 3921 3423 3976; x_wconf 80' lang='grc' dir='ltr'>αὐτοῦ.</span> <span class='ocrx_word' id='word_1_668' title='bbox 3472 3922 3600 3984; x_wconf 88' lang='grc' dir='ltr'><strong>Πῶς</strong></span> 
     </span>
    </p>
   </div>
   <div class='ocr_carea' id='block_1_86' title="bbox 2017 4008 3602 4085">
    <p class='ocr_par' dir='ltr' id='par_1_86' title="bbox 2017 4008 3602 4085">
     <span class='ocr_line' id='line_1_86' title="bbox 2017 4008 3602 4085; baseline -0.006 -15"><span class='ocrx_word' id='word_1_669' title='bbox 2017 4018 2141 4076; x_wconf 83' lang='grc' dir='ltr'>ούν;</span> <span class='ocrx_word' id='word_1_670' title='bbox 2201 4017 2288 4078; x_wconf 76' lang='grc' dir='ltr'><strong>ὐς</strong></span> <span class='ocrx_word' id='word_1_671' title='bbox 2354 4015 2599 4085; x_wconf 82' lang='grc' dir='ltr'>μετέχων</span> <span class='ocrx_word' id='word_1_672' title='bbox 2652 4015 2868 4084; x_wconf 77' lang='grc' dir='ltr'>ἐκείνης</span> <span class='ocrx_word' id='word_1_673' title='bbox 2914 4011 3192 4080; x_wconf 81' lang='grc' dir='ltr'>φυσικῶς;</span> <span class='ocrx_word' id='word_1_674' title='bbox 3252 4010 3386 4062; x_wconf 68' lang='grc' dir='ltr'>ἀλλὰ</span> <span class='ocrx_word' id='word_1_675' title='bbox 3439 4008 3602 4061; x_wconf 85' lang='grc' dir='ltr'>τοῦτο</span> 
     </span>
    </p>
   </div>
   <div class='ocr_carea' id='block_1_87' title="bbox 2018 4099 3603 4172">
    <p class='ocr_par' dir='ltr' id='par_1_87' title="bbox 2018 4099 3603 4172">
     <span class='ocr_line' id='line_1_87' title="bbox 2018 4099 3603 4172; baseline -0.007 -12"><span class='ocrx_word' id='word_1_676' title='bbox 2018 4111 2195 4160; x_wconf 84' lang='grc' dir='ltr'>κοινόν</span> <span class='ocrx_word' id='word_1_677' title='bbox 2223 4109 2336 4160; x_wconf 84' lang='grc' dir='ltr'>ἐστι</span> <span class='ocrx_word' id='word_1_678' title='bbox 2375 4105 2592 4158; x_wconf 84' lang='grc' dir='ltr'>πάντων</span> <span class='ocrx_word' id='word_1_679' title='bbox 2621 4103 2730 4156; x_wconf 87' lang='grc' dir='ltr'><strong>τῶν</strong></span> <span class='ocrx_word' id='word_1_680' title='bbox 2774 4104 3117 4172; x_wconf 87' lang='grc' dir='ltr'>κτισμάτων.</span> <span class='ocrx_word' id='word_1_681' title='bbox 3152 4099 3359 4154; x_wconf 75' lang='grc' dir='ltr'>Οὐκοῦν</span> <span class='ocrx_word' id='word_1_682' title='bbox 3395 4099 3454 4150; x_wconf 76' lang='grc' dir='ltr'>οὗ</span> <span class='ocrx_word' id='word_1_683' title='bbox 3484 4101 3603 4161; x_wconf 83' lang='grc' dir='ltr'>τοῖς</span> 
     </span>
    </p>
   </div>
   <div class='ocr_carea' id='block_1_88' title="bbox 2019 4188 3603 4265">
    <p class='ocr_par' dir='ltr' id='par_1_88' title="bbox 2019 4188 3603 4265">
     <span class='ocr_line' id='line_1_88' title="bbox 2019 4188 3603 4265; baseline -0.006 -16"><span class='ocrx_word' id='word_1_684' title='bbox 2019 4201 2081 4249; x_wconf 83' lang='grc' dir='ltr'><strong>ἐκ</strong></span> <span class='ocrx_word' id='word_1_685' title='bbox 2127 4196 2341 4265; x_wconf 82' lang='grc' dir='ltr'>φύσεως</span> <span class='ocrx_word' id='word_1_686' title='bbox 2399 4193 2718 4264; x_wconf 87' lang='grc' dir='ltr'>προσοῦσιν,</span> <span class='ocrx_word' id='word_1_687' title='bbox 2760 4193 2895 4246; x_wconf 82' lang='grc' dir='ltr'>ἀλλὰ</span> <span class='ocrx_word' id='word_1_688' title='bbox 2932 4193 3044 4253; x_wconf 81' lang='grc' dir='ltr'>τοῖς</span> <span class='ocrx_word' id='word_1_689' title='bbox 3094 4191 3159 4244; x_wconf 87' lang='grc' dir='ltr'><strong>ἐκ</strong></span> <span class='ocrx_word' id='word_1_690' title='bbox 3224 4188 3603 4259; x_wconf 79' lang='grc' dir='ltr'>προαιρέσεως</span> 
     </span>
    </p>
   </div>
   <div class='ocr_carea' id='block_1_89' title="bbox 2021 4280 3602 4363">
    <p class='ocr_par' dir='ltr' id='par_1_89' title="bbox 2021 4280 3602 4363">
     <span class='ocr_line' id='line_1_89' title="bbox 2021 4280 3602 4363; baseline -0.008 -19"><span class='ocrx_word' id='word_1_691' title='bbox 2021 4294 2498 4363; x_wconf 82' lang='grc' dir='ltr'>προσγινομένοις,</span> <span class='ocrx_word' id='word_1_692' title='bbox 2527 4291 2757 4362; x_wconf 77' lang='grc' dir='ltr'>πλησίον</span> <span class='ocrx_word' id='word_1_693' title='bbox 2786 4307 2871 4351; x_wconf 87' lang='grc' dir='ltr'><strong>τις</strong></span> <span class='ocrx_word' id='word_1_694' title='bbox 2897 4289 2928 4360; x_wconf 78' lang='grc' dir='ltr'>ἢ</span> <span class='ocrx_word' id='word_1_695' title='bbox 2959 4287 3178 4357; x_wconf 67' lang='grc' dir='ltr'>μακρὰν</span> <span class='ocrx_word' id='word_1_696' title='bbox 3206 4286 3417 4354; x_wconf 82' lang='grc' dir='ltr'>γίνεται</span> <span class='ocrx_word' id='word_1_697' title='bbox 3438 4280 3602 4335; x_wconf 87' lang='grc' dir='ltr'>Θεοῦ·</span> 
     </span>
    </p>
   </div>
   <div class='ocr_carea' id='block_1_90' title="bbox 329 4359 1897 4456">
    <p class='ocr_par' dir='ltr' id='par_1_90' title="bbox 329 4386 1897 4456">
     <span class='ocr_line' id='line_1_90' title="bbox 329 4386 1897 4456; baseline -0.005 -11"><span class='ocrx_word' id='word_1_698' title='bbox 329 4392 613 4445; x_wconf 70' lang='lat' dir='ltr'><strong>rationalia</strong></span> <span class='ocrx_word' id='word_1_699' title='bbox 670 4399 875 4441; x_wconf 89' lang='lat' dir='ltr'><strong>tantum</strong></span> <span class='ocrx_word' id='word_1_700' title='bbox 930 4386 1189 4456; x_wconf 77' lang='lat' dir='ltr'><strong>gaudent.</strong></span> <span class='ocrx_word' id='word_1_701' title='bbox 1260 4387 1448 4454; x_wconf 80' lang='lat' dir='ltr'><strong>Itaque</strong></span> <span class='ocrx_word' id='word_1_702' title='bbox 1503 4387 1646 4440; x_wconf 82' lang='lat' dir='ltr'><strong>inter</strong></span> <span class='ocrx_word' id='word_1_703' title='bbox 1698 4388 1897 4453; x_wconf 70' lang='lat' dir='ltr'><strong>omnia,</strong></span> 
     </span>
    </p>
   </div>
   <div class='ocr_carea' id='block_1_91' title="bbox 2010 4359 3605 4456">
    <p class='ocr_par' dir='ltr' id='par_1_91' title="bbox 2020 4368 3605 4454">
     <span class='ocr_line' id='line_1_91' title="bbox 2020 4368 3605 4454; baseline -0.006 -22"><span class='ocrx_word' id='word_1_704' title='bbox 2020 4385 2338 4454; x_wconf 75' lang='grc' dir='ltr'>προαίρεσις</span> <span class='ocrx_word' id='word_1_705' title='bbox 2367 4383 2422 4434; x_wconf 86' lang='grc' dir='ltr'>δὲ</span> <span class='ocrx_word' id='word_1_706' title='bbox 2469 4382 2628 4451; x_wconf 80' lang='grc' dir='ltr'>μόνον</span> <span class='ocrx_word' id='word_1_707' title='bbox 2669 4381 2779 4434; x_wconf 90' lang='grc' dir='ltr'><strong>τῶν</strong></span> <span class='ocrx_word' id='word_1_708' title='bbox 2824 4378 3056 4447; x_wconf 87' lang='grc' dir='ltr'>λογικῶν</span> <span class='ocrx_word' id='word_1_709' title='bbox 3089 4380 3230 4430; x_wconf 88' lang='grc' dir='ltr'>ἐστι.</span> <span class='ocrx_word' id='word_1_710' title='bbox 3283 4376 3470 4427; x_wconf 83' lang='grc' dir='ltr'>Ταῦτα</span> <span class='ocrx_word' id='word_1_711' title='bbox 3507 4368 3605 4424; x_wconf 75' lang='grc' dir='ltr'><strong>οὖν</strong></span> 
     </span>
    </p>
   </div>
   <div class='ocr_carea' id='block_1_92' title="bbox 332 4479 1904 4548">
    <p class='ocr_par' dir='ltr' id='par_1_92' title="bbox 332 4479 1904 4548">
     <span class='ocr_line' id='line_1_92' title="bbox 332 4479 1904 4548; baseline -0.001 -14"><span class='ocrx_word' id='word_1_712' title='bbox 332 4489 444 4538; x_wconf 72' lang='lat' dir='ltr'><strong>lucc</strong></span> <span class='ocrx_word' id='word_1_713' title='bbox 485 4492 693 4534; x_wconf 86' lang='lat' dir='ltr'><strong>tantum</strong></span> <span class='ocrx_word' id='word_1_714' title='bbox 725 4489 812 4531; x_wconf 87' lang='lat' dir='ltr'><strong>aut</strong></span> <span class='ocrx_word' id='word_1_715' title='bbox 843 4480 1028 4548; x_wconf 82' lang='lat' dir='ltr'><strong>procul</strong></span> <span class='ocrx_word' id='word_1_716' title='bbox 1063 4488 1154 4531; x_wconf 86' lang='lat' dir='ltr'><strong>aut</strong></span> <span class='ocrx_word' id='word_1_717' title='bbox 1189 4495 1351 4547; x_wconf 83' lang='lat' dir='ltr'><strong>prope</strong></span> <span class='ocrx_word' id='word_1_718' title='bbox 1397 4479 1524 4532; x_wconf 83' lang='lat' dir='ltr'><strong>ﬁunt</strong></span> <span class='ocrx_word' id='word_1_719' title='bbox 1549 4497 1675 4548; x_wconf 75' lang='lat' dir='ltr'><strong>erga</strong></span> <span class='ocrx_word' id='word_1_720' title='bbox 1716 4482 1904 4542; x_wconf 80' lang='lat' dir='ltr'><strong>Detitn,</strong></span> 
     </span>
    </p>
   </div>
   <div class='ocr_carea' id='block_1_93' title="bbox 331 4570 1910 4639">
    <p class='ocr_par' dir='ltr' id='par_1_93' title="bbox 331 4570 1910 4639">
     <span class='ocr_line' id='line_1_93' title="bbox 331 4570 1910 4639; baseline -0.003 -10"><span class='ocrx_word' id='word_1_721' title='bbox 331 4593 451 4639; x_wconf 78' lang='lat' dir='ltr'><strong>qua:</strong></span> <span class='ocrx_word' id='word_1_722' title='bbox 495 4575 693 4627; x_wconf 83' lang='lat' dir='ltr'><strong>virtute</strong></span> <span class='ocrx_word' id='word_1_723' title='bbox 746 4584 839 4625; x_wconf 90' lang='lat' dir='ltr'><strong>aut</strong></span> <span class='ocrx_word' id='word_1_724' title='bbox 886 4570 1122 4639; x_wconf 87' lang='lat' dir='ltr'><strong>nequitia</strong></span> <span class='ocrx_word' id='word_1_725' title='bbox 1169 4572 1283 4624; x_wconf 77' lang='lat' dir='ltr'><strong>sive</strong></span> <span class='ocrx_word' id='word_1_726' title='bbox 1316 4571 1577 4624; x_wconf 81' lang='lat' dir='ltr'><strong>aecedunt</strong></span> <span class='ocrx_word' id='word_1_727' title='bbox 1610 4573 1727 4625; x_wconf 86' lang='lat' dir='ltr'><strong>sive</strong></span> <span class='ocrx_word' id='word_1_728' title='bbox 1759 4588 1910 4626; x_wconf 86' lang='lat' dir='ltr'><strong>rece-</strong></span> 
     </span>
    </p>
   </div>
   <div class='ocr_carea' id='block_1_94' title="bbox 332 4660 1908 4733">
    <p class='ocr_par' dir='ltr' id='par_1_94' title="bbox 332 4660 1908 4733">
     <span class='ocr_line' id='line_1_94' title="bbox 332 4660 1908 4733; baseline -0.002 -15"><span class='ocrx_word' id='word_1_729' title='bbox 332 4667 502 4720; x_wconf 83' lang='lat' dir='ltr'><strong>duntl</strong></span> <span class='ocrx_word' id='word_1_730' title='bbox 551 4663 611 4717; x_wconf 78' lang='lat' dir='ltr'><strong>Et</strong></span> <span class='ocrx_word' id='word_1_731' title='bbox 644 4664 870 4733; x_wconf 78' lang='lat' dir='ltr'><strong>proinde</strong></span> <span class='ocrx_word' id='word_1_732' title='bbox 917 4660 1084 4716; x_wconf 78' lang='lat' dir='ltr'><strong>etiam</strong></span> <span class='ocrx_word' id='word_1_733' title='bbox 1120 4662 1233 4715; x_wconf 62' lang='lat' dir='ltr'><strong>haec</strong></span> <span class='ocrx_word' id='word_1_734' title='bbox 1268 4672 1472 4713; x_wconf 84' lang='lat' dir='ltr'><strong>tantum</strong></span> <span class='ocrx_word' id='word_1_735' title='bbox 1527 4663 1747 4728; x_wconf 75' lang='lat' dir='ltr'><strong>capacia</strong></span> <span class='ocrx_word' id='word_1_736' title='bbox 1785 4672 1908 4714; x_wconf 85' lang='lat' dir='ltr'><strong>sunt</strong></span> 
     </span>
    </p>
   </div>
   <div class='ocr_carea' id='block_1_95' title="bbox 335 4752 1908 4812">
    <p class='ocr_par' dir='ltr' id='par_1_95' title="bbox 335 4752 1908 4812">
     <span class='ocr_line' id='line_1_95' title="bbox 335 4752 1908 4812; baseline -0.004 0"><span class='ocrx_word' id='word_1_737' title='bbox 335 4759 608 4812; x_wconf 61' lang='lat' dir='ltr'><strong>tvlic.tatis</strong></span> <span class='ocrx_word' id='word_1_738' title='bbox 669 4768 762 4810; x_wconf 89' lang='lat' dir='ltr'><strong>aut</strong></span> <span class='ocrx_word' id='word_1_739' title='bbox 793 4756 1152 4811; x_wconf 82' lang='lat' dir='ltr'><strong>infelicitatis.</strong></span> <span class='ocrx_word' id='word_1_740' title='bbox 1208 4757 1277 4808; x_wconf 78' lang='lat' dir='ltr'><strong>At</strong></span> <span class='ocrx_word' id='word_1_741' title='bbox 1310 4769 1410 4808; x_wconf 88' lang='lat' dir='ltr'><strong>nos</strong></span> <span class='ocrx_word' id='word_1_742' title='bbox 1451 4752 1760 4808; x_wconf 78' lang='lat' dir='ltr'><strong>felicitatem</strong></span> <span class='ocrx_word' id='word_1_743' title='bbox 1793 4765 1908 4807; x_wconf 86' lang='lat' dir='ltr'><strong>stu-</strong></span> 
     </span>
    </p>
   </div>
   <div class='ocr_carea' id='block_1_96' title="bbox 334 4851 876 4917">
    <p class='ocr_par' dir='ltr' id='par_1_96' title="bbox 334 4851 876 4917">
     <span class='ocr_line' id='line_1_96' title="bbox 334 4851 876 4917; baseline -0.009 -12"><span class='ocrx_word' id='word_1_744' title='bbox 334 4857 559 4905; x_wconf 82' lang='lat' dir='ltr'><strong>tlcamtts</strong></span> <span class='ocrx_word' id='word_1_745' title='bbox 597 4851 876 4917; x_wconf 85' lang='lat' dir='ltr'><strong>consequi.</strong></span> 
     </span>
    </p>
   </div>
   <div class='ocr_carea' id='block_1_97' title="bbox 407 4940 1910 5006">
    <p class='ocr_par' dir='ltr' id='par_1_97' title="bbox 407 4940 1910 5006">
     <span class='ocr_line' id='line_1_97' title="bbox 407 4940 1910 5006; baseline -0.001 -11"><span class='ocrx_word' id='word_1_746' title='bbox 407 4942 494 4996; x_wconf 80' lang='lat'><strong>79.</strong></span> <span class='ocrx_word' id='word_1_747' title='bbox 525 4942 655 4995; x_wconf 73' lang='lat' dir='ltr'><strong>Alia:</strong></span> <span class='ocrx_word' id='word_1_748' title='bbox 682 4943 746 4993; x_wconf 85' lang='lat' dir='ltr'><strong>ab</strong></span> <span class='ocrx_word' id='word_1_749' title='bbox 773 4942 894 4993; x_wconf 80' lang='lat' dir='ltr'><strong>aliis</strong></span> <span class='ocrx_word' id='word_1_750' title='bbox 926 4940 1238 4993; x_wconf 76' lang='lat' dir='ltr'><strong>ditfcrcntes</strong></span> <span class='ocrx_word' id='word_1_751' title='bbox 1272 4948 1557 5006; x_wconf 66' lang='lat' dir='ltr'><strong>creatum,</strong></span> <span class='ocrx_word' id='word_1_752' title='bbox 1603 4941 1683 4994; x_wconf 88' lang='lat' dir='ltr'><strong>vel</strong></span> <span class='ocrx_word' id='word_1_753' title='bbox 1718 4950 1910 4995; x_wconf 86' lang='lat' dir='ltr'><strong>natura</strong></span> 
     </span>
    </p>
   </div>
   <div class='ocr_carea' id='block_1_98' title="bbox 341 5029 1910 5094">
    <p class='ocr_par' dir='ltr' id='par_1_98' title="bbox 341 5029 1910 5094">
     <span class='ocr_line' id='line_1_98' title="bbox 341 5029 1910 5094; baseline -0.003 -6"><span class='ocrx_word' id='word_1_754' title='bbox 341 5039 449 5088; x_wconf 59' lang='lat' dir='ltr'><strong>lleo</strong></span> <span class='ocrx_word' id='word_1_755' title='bbox 475 5032 681 5094; x_wconf 72' lang='lat' dir='ltr'><strong>aliine-5,</strong></span> <span class='ocrx_word' id='word_1_756' title='bbox 717 5031 798 5083; x_wconf 86' lang='lat' dir='ltr'><strong>vel</strong></span> <span class='ocrx_word' id='word_1_757' title='bbox 825 5032 1012 5083; x_wconf 88' lang='lat' dir='ltr'><strong>aliemc</strong></span> <span class='ocrx_word' id='word_1_758' title='bbox 1039 5033 1105 5084; x_wconf 90' lang='lat' dir='ltr'><strong>ab</strong></span> <span class='ocrx_word' id='word_1_759' title='bbox 1142 5047 1208 5083; x_wconf 82' lang='lat' dir='ltr'><strong>eo</strong></span> <span class='ocrx_word' id='word_1_760' title='bbox 1231 5029 1506 5085; x_wconf 80' lang='lat' dir='ltr'><strong>dicuntur.</strong></span> <span class='ocrx_word' id='word_1_761' title='bbox 1533 5031 1732 5084; x_wconf 75' lang='lat' dir='ltr'><strong>Amnes</strong></span> <span class='ocrx_word' id='word_1_762' title='bbox 1766 5037 1910 5084; x_wconf 91' lang='lat' dir='ltr'><strong>enim</strong></span> 
     </span>
    </p>
   </div>
   <div class='ocr_carea' id='block_1_99' title="bbox 335 5121 1910 5176">
    <p class='ocr_par' dir='ltr' id='par_1_99' title="bbox 335 5121 1910 5176">
     <span class='ocr_line' id='line_1_99' title="bbox 335 5121 1910 5176; baseline -0.001 -1"><span class='ocrx_word' id='word_1_763' title='bbox 335 5124 556 5176; x_wconf 77' lang='lat' dir='ltr'><strong>tlcitatis</strong></span> <span class='ocrx_word' id='word_1_764' title='bbox 587 5128 848 5174; x_wconf 83' lang='lat' dir='ltr'><strong>vocantur</strong></span> <span class='ocrx_word' id='word_1_765' title='bbox 879 5129 1084 5172; x_wconf 75' lang='lat' dir='ltr'><strong>natura:</strong></span> <span class='ocrx_word' id='word_1_766' title='bbox 1130 5121 1525 5174; x_wconf 87' lang='lat' dir='ltr'><strong>intellectuales</strong></span> <span class='ocrx_word' id='word_1_767' title='bbox 1554 5130 1607 5173; x_wconf 91' lang='lat' dir='ltr'><strong>et</strong></span> <span class='ocrx_word' id='word_1_768' title='bbox 1636 5121 1910 5175; x_wconf 87' lang='lat' dir='ltr'><strong>intellectu</strong></span> 
     </span>
    </p>
   </div>
   <div class='ocr_carea' id='block_1_100' title="bbox 337 5213 1910 5285">
    <p class='ocr_par' dir='ltr' id='par_1_100' title="bbox 337 5213 1910 5285">
     <span class='ocr_line' id='line_1_100' title="bbox 337 5213 1910 5285; baseline -0.003 -13"><span class='ocrx_word' id='word_1_769' title='bbox 337 5220 454 5272; x_wconf 77' lang='lat' dir='ltr'><strong>suto</strong></span> <span class='ocrx_word' id='word_1_770' title='bbox 488 5224 786 5285; x_wconf 67' lang='lat' dir='ltr'><strong>perceptae;</strong></span> <span class='ocrx_word' id='word_1_771' title='bbox 820 5213 1008 5265; x_wconf 60' lang='lat' dir='ltr'><strong>aliena!</strong></span> <span class='ocrx_word' id='word_1_772' title='bbox 1042 5227 1166 5266; x_wconf 85' lang='lat' dir='ltr'><strong>vero</strong></span> <span class='ocrx_word' id='word_1_773' title='bbox 1199 5229 1442 5279; x_wconf 85' lang='lat' dir='ltr'><strong>prorsus,</strong></span> <span class='ocrx_word' id='word_1_774' title='bbox 1474 5229 1592 5281; x_wconf 66' lang='lat' dir='ltr'><strong>qum</strong></span> <span class='ocrx_word' id='word_1_775' title='bbox 1615 5224 1742 5269; x_wconf 83' lang='lat' dir='ltr'><strong>sinit</strong></span> <span class='ocrx_word' id='word_1_776' title='bbox 1782 5231 1910 5268; x_wconf 85' lang='lat' dir='ltr'><strong>scn-</strong></span> 
     </span>
    </p>
   </div>
   <div class='ocr_carea' id='block_1_101' title="bbox 340 5307 1916 5378">
    <p class='ocr_par' dir='ltr' id='par_1_101' title="bbox 340 5307 1916 5378">
     <span class='ocr_line' id='line_1_101' title="bbox 340 5307 1916 5378; baseline -0.001 -14"><span class='ocrx_word' id='word_1_777' title='bbox 340 5311 560 5374; x_wconf 68' lang='lat' dir='ltr'><strong>sihtlcs;</strong></span> <span class='ocrx_word' id='word_1_778' title='bbox 594 5319 648 5362; x_wconf 89' lang='lat' dir='ltr'><strong>et</strong></span> <span class='ocrx_word' id='word_1_779' title='bbox 678 5309 761 5360; x_wconf 86' lang='lat' dir='ltr'><strong>his</strong></span> <span class='ocrx_word' id='word_1_780' title='bbox 794 5307 921 5375; x_wconf 65' lang='lat' dir='ltr'><strong>ipsis</strong></span> <span class='ocrx_word' id='word_1_781' title='bbox 971 5307 1149 5361; x_wconf 88' lang='lat' dir='ltr'><strong>adhuc</strong></span> <span class='ocrx_word' id='word_1_782' title='bbox 1181 5307 1516 5369; x_wconf 85' lang='lat' dir='ltr'><strong>remntiores,</strong></span> <span class='ocrx_word' id='word_1_783' title='bbox 1549 5325 1666 5378; x_wconf 72' lang='lat' dir='ltr'><strong>qua}</strong></span> <span class='ocrx_word' id='word_1_784' title='bbox 1691 5310 1916 5364; x_wconf 88' lang='lat' dir='ltr'><strong>omnino</strong></span> 
     </span>
    </p>
   </div>
   <div class='ocr_carea' id='block_1_102' title="bbox 343 5397 1915 5470">
    <p class='ocr_par' dir='ltr' id='par_1_102' title="bbox 343 5397 1915 5470">
     <span class='ocr_line' id='line_1_102' title="bbox 343 5397 1915 5470; baseline 0.001 -18"><span class='ocrx_word' id='word_1_785' title='bbox 343 5403 652 5454; x_wconf 81' lang='lat' dir='ltr'><strong>inanimata:</strong></span> <span class='ocrx_word' id='word_1_786' title='bbox 690 5408 745 5451; x_wconf 91' lang='lat' dir='ltr'><strong>et</strong></span> <span class='ocrx_word' id='word_1_787' title='bbox 798 5398 1102 5452; x_wconf 88' lang='lat' dir='ltr'><strong>iunnobilcs</strong></span> <span class='ocrx_word' id='word_1_788' title='bbox 1169 5409 1314 5453; x_wconf 86' lang='lat' dir='ltr'><strong>sunt.</strong></span> <span class='ocrx_word' id='word_1_789' title='bbox 1355 5397 1915 5470; x_wconf 58' lang='lat' dir='ltr'><strong>Comparate-igitur</strong></span> 
     </span>
    </p>
   </div>
   <div class='ocr_carea' id='block_1_103' title="bbox 341 5491 1910 5558">
    <p class='ocr_par' dir='ltr' id='par_1_103' title="bbox 341 5491 1910 5558">
     <span class='ocr_line' id='line_1_103' title="bbox 341 5491 1910 5558; baseline 0.001 -12"><span class='ocrx_word' id='word_1_790' title='bbox 341 5496 441 5546; x_wconf 79' lang='lat' dir='ltr'><strong>sibi</strong></span> <span class='ocrx_word' id='word_1_791' title='bbox 500 5497 730 5548; x_wconf 81' lang='lat' dir='ltr'><strong>invicem</strong></span> <span class='ocrx_word' id='word_1_792' title='bbox 790 5503 1080 5557; x_wconf 70' lang='lat' dir='ltr'><strong>creaturae,</strong></span> <span class='ocrx_word' id='word_1_793' title='bbox 1137 5493 1341 5546; x_wconf 79' lang='lat' dir='ltr'><strong>similes</strong></span> <span class='ocrx_word' id='word_1_794' title='bbox 1412 5491 1518 5546; x_wconf 83' lang='lat' dir='ltr'><strong>Deo</strong></span> <span class='ocrx_word' id='word_1_795' title='bbox 1576 5505 1791 5558; x_wconf 86' lang='lat' dir='ltr'><strong>natura,</strong></span> <span class='ocrx_word' id='word_1_796' title='bbox 1831 5495 1910 5548; x_wconf 88' lang='lat' dir='ltr'><strong>vel</strong></span> 
     </span>
    </p>
   </div>
   <div class='ocr_carea' id='block_1_104' title="bbox 422 5674 781 5745">
    <p class='ocr_par' dir='ltr' id='par_1_104' title="bbox 422 5674 781 5745">
     <span class='ocr_line' id='line_1_104' title="bbox 422 5674 781 5745; baseline 0.008 -16"><span class='ocrx_word' id='word_1_797' title='bbox 422 5674 464 5704; x_wconf 86' lang='grc'><strong><em>³⁸</em></strong></span> <span class='ocrx_word' id='word_1_798' title='bbox 491 5678 588 5732; x_wconf 73' lang='lat' dir='ltr'><strong>lsa.</strong></span> <span class='ocrx_word' id='word_1_799' title='bbox 623 5694 696 5745; x_wconf 81' lang='lat' dir='ltr'><strong>vr,</strong></span> <span class='ocrx_word' id='word_1_800' title='bbox 738 5679 781 5732; x_wconf 87' lang='grc' dir='ltr'><strong>ι.</strong></span> 
     </span>
    </p>
   </div>
   <div class='ocr_carea' id='block_1_105' title="bbox 2021 4466 3688 4545">
    <p class='ocr_par' dir='ltr' id='par_1_105' title="bbox 2021 4466 3688 4545">
     <span class='ocr_line' id='line_1_105' title="bbox 2021 4466 3688 4545; baseline -0.007 -17"><span class='ocrx_word' id='word_1_801' title='bbox 2021 4477 2156 4545; x_wconf 83' lang='grc' dir='ltr'>μόνα</span> <span class='ocrx_word' id='word_1_802' title='bbox 2181 4476 2289 4528; x_wconf 87' lang='grc' dir='ltr'><strong>τῶν</strong></span> <span class='ocrx_word' id='word_1_803' title='bbox 2315 4475 2490 4528; x_wconf 84' lang='grc' dir='ltr'>ἄλλων</span> <span class='ocrx_word' id='word_1_804' title='bbox 2520 4474 2802 4538; x_wconf 77' lang='grc' dir='ltr'>ἁπάντων,</span> <span class='ocrx_word' id='word_1_805' title='bbox 2828 4473 2858 4541; x_wconf 79' lang='grc' dir='ltr'>ἦ</span> <span class='ocrx_word' id='word_1_806' title='bbox 2896 4470 3112 4540; x_wconf 77' lang='grc' dir='ltr'>μακρὰν</span> <span class='ocrx_word' id='word_1_807' title='bbox 3136 4469 3169 4539; x_wconf 77' lang='grc' dir='ltr'>ἢ</span> <span class='ocrx_word' id='word_1_808' title='bbox 3197 4468 3364 4534; x_wconf 80' lang='grc' dir='ltr'>ἐγγὺς</span> <span class='ocrx_word' id='word_1_809' title='bbox 3392 4466 3607 4532; x_wconf 69' lang='grc' dir='ltr'>γίνεται</span> <span class='ocrx_word' id='word_1_810' title='bbox 3679 4476 3688 4485; x_wconf 74' lang='grc'><strong><em>⁵</em></strong></span> 
     </span>
    </p>
   </div>
   <div class='ocr_carea' id='block_1_106' title="bbox 2017 4548 3712 4635">
    <p class='ocr_par' dir='ltr' id='par_1_106' title="bbox 2017 4548 3712 4635">
     <span class='ocr_line' id='line_1_106' title="bbox 2017 4548 3712 4635; baseline -0.009 -15"><span class='ocrx_word' id='word_1_811' title='bbox 2017 4566 2153 4620; x_wconf 77' lang='grc' dir='ltr'>Θεοῦ</span> <span class='ocrx_word' id='word_1_812' title='bbox 2175 4585 2188 4597; x_wconf 89' lang='grc'><strong>·</strong></span> <span class='ocrx_word' id='word_1_813' title='bbox 2223 4567 2288 4618; x_wconf 78' lang='grc' dir='ltr'><strong>δι’</strong></span> <span class='ocrx_word' id='word_1_814' title='bbox 2320 4565 2520 4635; x_wconf 77' lang='grc' dir='ltr'>ἀρετῆς</span> <span class='ocrx_word' id='word_1_815' title='bbox 2553 4566 2585 4635; x_wconf 82' lang='grc' dir='ltr'>ἢ</span> <span class='ocrx_word' id='word_1_816' title='bbox 2627 4567 2847 4629; x_wconf 87' lang='grc' dir='ltr'>κακίας,</span> <span class='ocrx_word' id='word_1_817' title='bbox 2876 4564 2908 4633; x_wconf 81' lang='grc' dir='ltr'>ἢ</span> <span class='ocrx_word' id='word_1_818' title='bbox 2936 4559 3229 4629; x_wconf 73' lang='grc' dir='ltr'>ἐγγίζοντα</span> <span class='ocrx_word' id='word_1_819' title='bbox 3256 4560 3287 4631; x_wconf 78' lang='grc' dir='ltr'>ἢ</span> <span class='ocrx_word' id='word_1_820' title='bbox 3324 4556 3608 4626; x_wconf 75' lang='grc' dir='ltr'>μακρυνόο</span> 
     </span>
    </p>
   </div>
   <div class='ocr_carea' id='block_1_107' title="bbox 2022 4650 3608 4728">
    <p class='ocr_par' dir='ltr' id='par_1_107' title="bbox 2022 4650 3608 4728">
     <span class='ocr_line' id='line_1_107' title="bbox 2022 4650 3608 4728; baseline -0.007 -19"><span class='ocrx_word' id='word_1_821' title='bbox 2022 4676 2180 4728; x_wconf 87' lang='grc' dir='ltr'>μενα.</span> <span class='ocrx_word' id='word_1_822' title='bbox 2231 4657 2416 4710; x_wconf 79' lang='grc' dir='ltr'>Ταῦτα</span> <span class='ocrx_word' id='word_1_823' title='bbox 2489 4655 2782 4726; x_wconf 83' lang='grc' dir='ltr'>τοιγαροῦν</span> <span class='ocrx_word' id='word_1_824' title='bbox 2840 4655 2978 4724; x_wconf 81' lang='grc' dir='ltr'>μόνα</span> <span class='ocrx_word' id='word_1_825' title='bbox 3032 4653 3127 4706; x_wconf 70' lang='grc' dir='ltr'>καὶ</span> <span class='ocrx_word' id='word_1_826' title='bbox 3177 4650 3400 4703; x_wconf 84' lang='grc' dir='ltr'>δεκτικά</span> <span class='ocrx_word' id='word_1_827' title='bbox 3453 4650 3608 4700; x_wconf 79' lang='grc' dir='ltr'>ἐστιν</span> 
     </span>
    </p>
   </div>
   <div class='ocr_carea' id='block_1_108' title="bbox 2020 4740 3611 4817">
    <p class='ocr_par' dir='ltr' id='par_1_108' title="bbox 2020 4740 3611 4817">
     <span class='ocr_line' id='line_1_108' title="bbox 2020 4740 3611 4817; baseline -0.006 -15"><span class='ocrx_word' id='word_1_828' title='bbox 2020 4747 2335 4817; x_wconf 82' lang='grc' dir='ltr'>ἀθλιότητος</span> <span class='ocrx_word' id='word_1_829' title='bbox 2368 4748 2399 4816; x_wconf 75' lang='grc' dir='ltr'>ἢ</span> <span class='ocrx_word' id='word_1_830' title='bbox 2438 4747 2865 4816; x_wconf 87' lang='grc' dir='ltr'>μακαριότητος.</span> <span class='ocrx_word' id='word_1_831' title='bbox 2906 4743 3046 4795; x_wconf 71' lang='grc' dir='ltr'>Ἀλλ’</span> <span class='ocrx_word' id='word_1_832' title='bbox 3085 4744 3249 4812; x_wconf 73' lang='grc' dir='ltr'>ἡμεῖς</span> <span class='ocrx_word' id='word_1_833' title='bbox 3276 4740 3611 4810; x_wconf 79' lang='grc' dir='ltr'>σπεύσωμεν</span> 
     </span>
    </p>
   </div>
   <div class='ocr_carea' id='block_1_109' title="bbox 2018 4834 2955 4907">
    <p class='ocr_par' dir='ltr' id='par_1_109' title="bbox 2018 4834 2955 4907">
     <span class='ocr_line' id='line_1_109' title="bbox 2018 4834 2955 4907; baseline -0.003 -17"><span class='ocrx_word' id='word_1_834' title='bbox 2018 4838 2118 4907; x_wconf 84' lang='grc' dir='ltr'><strong>τῆς</strong></span> <span class='ocrx_word' id='word_1_835' title='bbox 2151 4837 2554 4906; x_wconf 79' lang='grc' dir='ltr'>μακαριότητος</span> <span class='ocrx_word' id='word_1_836' title='bbox 2577 4834 2955 4890; x_wconf 79' lang='grc' dir='ltr'>ἐπιλαϐέσθαι.</span> 
     </span>
    </p>
   </div>
   <div class='ocr_carea' id='block_1_110' title="bbox 2093 4925 3613 4997">
    <p class='ocr_par' dir='ltr' id='par_1_110' title="bbox 2093 4925 3613 4997">
     <span class='ocr_line' id='line_1_110' title="bbox 2093 4925 3613 4997; baseline -0.004 -17"><span class='ocrx_word' id='word_1_837' title='bbox 2093 4926 2190 4982; x_wconf 84' lang='lat'><strong>00&#39;.</strong></span> <span class='ocrx_word' id='word_1_838' title='bbox 2240 4927 2401 4980; x_wconf 73' lang='grc' dir='ltr'>’Ἄλλο</span> <span class='ocrx_word' id='word_1_839' title='bbox 2457 4930 2554 4996; x_wconf 82' lang='grc' dir='ltr'>μὲν</span> <span class='ocrx_word' id='word_1_840' title='bbox 2599 4928 2735 4997; x_wconf 80' lang='grc' dir='ltr'>πρὸς</span> <span class='ocrx_word' id='word_1_841' title='bbox 2785 4927 2914 4980; x_wconf 78' lang='grc' dir='ltr'>ἄλλο</span> <span class='ocrx_word' id='word_1_842' title='bbox 2963 4925 3071 4977; x_wconf 82' lang='grc' dir='ltr'><strong>τῶν</strong></span> <span class='ocrx_word' id='word_1_843' title='bbox 3112 4925 3426 4993; x_wconf 85' lang='grc' dir='ltr'>κτισμάτων</span> <span class='ocrx_word' id='word_1_844' title='bbox 3473 4940 3613 4990; x_wconf 65' lang='grc' dir='ltr'><strong>σιδγ⁴</strong></span> 
     </span>
    </p>
   </div>
   <div class='ocr_carea' id='block_1_111' title="bbox 2022 5016 3614 5091">
    <p class='ocr_par' dir='ltr' id='par_1_111' title="bbox 2022 5016 3614 5091">
     <span class='ocr_line' id='line_1_111' title="bbox 2022 5016 3614 5091; baseline -0.004 -16"><span class='ocrx_word' id='word_1_845' title='bbox 2022 5020 2366 5091; x_wconf 87' lang='grc' dir='ltr'>κρινόμενον,</span> <span class='ocrx_word' id='word_1_846' title='bbox 2403 5021 2600 5072; x_wconf 83' lang='grc' dir='ltr'>οἰκεῖον</span> <span class='ocrx_word' id='word_1_847' title='bbox 2634 5018 2770 5072; x_wconf 81' lang='grc' dir='ltr'>Θεοῦ</span> <span class='ocrx_word' id='word_1_848' title='bbox 2813 5020 2952 5072; x_wconf 80' lang='grc' dir='ltr'>κατὰ</span> <span class='ocrx_word' id='word_1_849' title='bbox 2984 5016 3166 5085; x_wconf 84' lang='grc' dir='ltr'>φύσιν,</span> <span class='ocrx_word' id='word_1_850' title='bbox 3200 5016 3232 5085; x_wconf 76' lang='grc' dir='ltr'>ἢ</span> <span class='ocrx_word' id='word_1_851' title='bbox 3266 5016 3414 5080; x_wconf 77' lang='grc' dir='ltr'>ξένον</span> <span class='ocrx_word' id='word_1_852' title='bbox 3448 5016 3614 5083; x_wconf 84' lang='grc' dir='ltr'>λέγε-</span> 
     </span>
    </p>
   </div>
   <div class='ocr_carea' id='block_1_112' title="bbox 2021 5107 3615 5182">
    <p class='ocr_par' dir='ltr' id='par_1_112' title="bbox 2021 5107 3615 5182">
     <span class='ocr_line' id='line_1_112' title="bbox 2021 5107 3615 5182; baseline -0.006 -15"><span class='ocrx_word' id='word_1_853' title='bbox 2021 5133 2130 5169; x_wconf 89' lang='grc' dir='ltr'>ται.</span> <span class='ocrx_word' id='word_1_854' title='bbox 2166 5115 2382 5167; x_wconf 86' lang='grc' dir='ltr'>Οἱκεῖον</span> <span class='ocrx_word' id='word_1_855' title='bbox 2425 5111 2525 5182; x_wconf 77' lang='grc' dir='ltr'>μὲν</span> <span class='ocrx_word' id='word_1_856' title='bbox 2547 5111 2678 5181; x_wconf 82' lang='grc' dir='ltr'>γὰρ,</span> <span class='ocrx_word' id='word_1_857' title='bbox 2705 5111 2860 5180; x_wconf 83' lang='grc' dir='ltr'>φησί,</span> <span class='ocrx_word' id='word_1_858' title='bbox 2892 5109 3163 5178; x_wconf 79' lang='grc' dir='ltr'>θεότητος,</span> <span class='ocrx_word' id='word_1_859' title='bbox 3190 5109 3243 5159; x_wconf 77' lang='grc' dir='ltr'>αἱ</span> <span class='ocrx_word' id='word_1_860' title='bbox 3280 5107 3469 5174; x_wconf 77' lang='grc' dir='ltr'>νοεραὶ</span> <span class='ocrx_word' id='word_1_861' title='bbox 3505 5107 3615 5174; x_wconf 78' lang='grc' dir='ltr'>φύ-</span> 
     </span>
    </p>
   </div>
   <div class='ocr_carea' id='block_1_113' title="bbox 2025 5201 3618 5276">
    <p class='ocr_par' dir='ltr' id='par_1_113' title="bbox 2025 5201 3618 5276">
     <span class='ocr_line' id='line_1_113' title="bbox 2025 5201 3618 5276; baseline -0.004 -18"><span class='ocrx_word' id='word_1_862' title='bbox 2025 5225 2164 5272; x_wconf 87' lang='grc' dir='ltr'>σεις,</span> <span class='ocrx_word' id='word_1_863' title='bbox 2196 5207 2291 5260; x_wconf 72' lang='grc' dir='ltr'>καὶ</span> <span class='ocrx_word' id='word_1_864' title='bbox 2313 5206 2388 5276; x_wconf 84' lang='grc' dir='ltr'>νῷ</span> <span class='ocrx_word' id='word_1_865' title='bbox 2415 5205 2562 5275; x_wconf 85' lang='grc' dir='ltr'>μόνῳ</span> <span class='ocrx_word' id='word_1_866' title='bbox 2583 5203 2786 5271; x_wconf 82' lang='grc' dir='ltr'>ληπταί</span> <span class='ocrx_word' id='word_1_867' title='bbox 2806 5219 2820 5232; x_wconf 89' lang='grc'><strong>·</strong></span> <span class='ocrx_word' id='word_1_868' title='bbox 2853 5202 3000 5266; x_wconf 78' lang='grc' dir='ltr'>ξένον</span> <span class='ocrx_word' id='word_1_869' title='bbox 3015 5201 3071 5253; x_wconf 82' lang='grc' dir='ltr'><strong>δὲ</strong></span> <span class='ocrx_word' id='word_1_870' title='bbox 3094 5201 3461 5261; x_wconf 78' lang='grc' dir='ltr'>παντάπασιν,</span> <span class='ocrx_word' id='word_1_871' title='bbox 3486 5201 3618 5252; x_wconf 80' lang='grc' dir='ltr'>ὅσαι</span> 
     </span>
    </p>
   </div>
   <div class='ocr_carea' id='block_1_114' title="bbox 2025 5292 3615 5370">
    <p class='ocr_par' dir='ltr' id='par_1_114' title="bbox 2025 5292 3615 5370">
     <span class='ocr_line' id='line_1_114' title="bbox 2025 5292 3615 5370; baseline -0.005 -18"><span class='ocrx_word' id='word_1_872' title='bbox 2025 5299 2130 5352; x_wconf 75' lang='grc' dir='ltr'><strong>ὑπὸ</strong></span> <span class='ocrx_word' id='word_1_873' title='bbox 2151 5298 2247 5370; x_wconf 83' lang='grc' dir='ltr'>τὴν</span> <span class='ocrx_word' id='word_1_874' title='bbox 2273 5297 2526 5365; x_wconf 78' lang='grc' dir='ltr'>αἴσθησιν</span> <span class='ocrx_word' id='word_1_875' title='bbox 2545 5313 2557 5326; x_wconf 87' lang='grc'><strong>·</strong></span> <span class='ocrx_word' id='word_1_876' title='bbox 2586 5297 2678 5348; x_wconf 75' lang='grc' dir='ltr'><strong>καὶ</strong></span> <span class='ocrx_word' id='word_1_877' title='bbox 2703 5294 2907 5347; x_wconf 89' lang='grc' dir='ltr'>τούτων</span> <span class='ocrx_word' id='word_1_878' title='bbox 2929 5294 3106 5346; x_wconf 73' lang='grc' dir='ltr'>αὐτῶν</span> <span class='ocrx_word' id='word_1_879' title='bbox 3127 5293 3209 5345; x_wconf 78' lang='grc' dir='ltr'><strong>ἔτι</strong></span> <span class='ocrx_word' id='word_1_880' title='bbox 3241 5292 3615 5361; x_wconf 72' lang='grc' dir='ltr'>πορρωτέρω,</span> 
     </span>
    </p>
   </div>
   <div class='ocr_carea' id='block_1_115' title="bbox 2025 5381 3619 5458">
    <p class='ocr_par' dir='ltr' id='par_1_115' title="bbox 2025 5381 3619 5458">
     <span class='ocr_line' id='line_1_115' title="bbox 2025 5381 3619 5458; baseline -0.006 -15"><span class='ocrx_word' id='word_1_881' title='bbox 2025 5393 2154 5444; x_wconf 79' lang='grc' dir='ltr'>ὅσαι</span> <span class='ocrx_word' id='word_1_882' title='bbox 2195 5388 2472 5451; x_wconf 83' lang='grc' dir='ltr'>παντελῶς</span> <span class='ocrx_word' id='word_1_883' title='bbox 2502 5388 2699 5458; x_wconf 69' lang='grc' dir='ltr'>ἄψυχοι</span> <span class='ocrx_word' id='word_1_884' title='bbox 2752 5386 2851 5440; x_wconf 77' lang='grc' dir='ltr'>καὶ</span> <span class='ocrx_word' id='word_1_885' title='bbox 2901 5386 3167 5456; x_wconf 76' lang='grc' dir='ltr'>ἀκίνητοι.</span> <span class='ocrx_word' id='word_1_886' title='bbox 3211 5383 3353 5453; x_wconf 74' lang='grc' dir='ltr'>Πρὸς</span> <span class='ocrx_word' id='word_1_887' title='bbox 3399 5381 3619 5451; x_wconf 80' lang='grc' dir='ltr'>ἄλληλα</span> 
     </span>
    </p>
   </div>
   <div class='ocr_carea' id='block_1_116' title="bbox 2025 5474 3619 5551">
    <p class='ocr_par' dir='ltr' id='par_1_116' title="bbox 2025 5474 3619 5551">
     <span class='ocr_line' id='line_1_116' title="bbox 2025 5474 3619 5551; baseline -0.006 -15"><span class='ocrx_word' id='word_1_888' title='bbox 2025 5484 2206 5536; x_wconf 81' lang='grc' dir='ltr'>τοίνυν</span> <span class='ocrx_word' id='word_1_889' title='bbox 2233 5481 2299 5534; x_wconf 68' lang='grc' dir='ltr'><strong>τά</strong></span> <span class='ocrx_word' id='word_1_890' title='bbox 2330 5479 2599 5551; x_wconf 80' lang='grc' dir='ltr'>κτίσματα</span> <span class='ocrx_word' id='word_1_891' title='bbox 2634 5479 3058 5551; x_wconf 78' lang='grc' dir='ltr'>συγκρινόμενα,</span> <span class='ocrx_word' id='word_1_892' title='bbox 3100 5479 3276 5530; x_wconf 73' lang='grc' dir='ltr'>οἰκεῖα</span> <span class='ocrx_word' id='word_1_893' title='bbox 3301 5474 3425 5545; x_wconf 85' lang='grc' dir='ltr'><strong>Θεῷ</strong></span> <span class='ocrx_word' id='word_1_894' title='bbox 3469 5479 3619 5527; x_wconf 72' lang='grc' dir='ltr'>κατὰ</span> 
     </span>
    </p>
   </div>
  </div>
