3912 6188
387 252 522 316 1177

1301 243 1576 304 ΕΑΙῚΤΛ
1616 198 1972 310 ΡΠΥΞΙΟᾸ.
2011 247 2529 316 TIIEOLOGICA.
2570 251 2734 314 ETC.

3504 255 3644 320 1173

369 341 531 406 φύσιν
550 337 585 409 ἢ
606 335 730 400 ξένα
747 336 980 408 λέγεται·
996 344 1202 400 αύτάδὲ
1221 351 1338 403 καθ’
1359 355 1500 406 αύτὰ
1524 356 1684 424 φύσιν
1700 361 1937 421 ἅπαντα,

2062 354 2355 410 dissimiles
2385 355 2678 419 dicuntur;
2713 356 2806 410 sed
2839 355 2892 410 in
2926 357 3118 425 seipsis
3145 368 3424 428 spectatzr.
3454 377 3644 417 omnes

364 434 492 500 ξένα
524 435 644 489 ἐστὶ
665 436 823 493 Genu.
862 440 1029 495 Πλέον
1055 443 1165 513 γὰρ
1195 445 1306 499 οὐδ’
1336 447 1460 502 ὅσον
1513 453 1688 506 εἰπεῖν
1713 460 1745 526 ἡ
1784 460 1946 530 νοερὰ

365 528 528 596 φύσις
572 531 763 601 πόρρω
793 533 911 586 ἐστὶ
940 535 1100 599 Θεοῦ,
1153 539 1184 608 ὴ
1216 539 1340 592 ὅσον
1373 542 1626 611 αξσθησίς
1651 563 1710 599 τε
1751 549 1845 603 καὶ
1877 528 1946 604 τὰ

365 619 460 671 ὑπ’
510 621 763 689 αῖσοησιν
812 622 922 676 τῶν
981 627 1184 696 νοερῶν
1242 631 1457 702 ἀπέχει.
1509 635 1779 691 Τοσοῦτον
1851 641 1945 695 οῦν

369 712 670 781 ἀπέχοντες
720 718 783 786 τῇ
839 717 960 769 καθ’
995 720 1145 788 ἡμᾶς
1194 722 1354 791 φύσει
1398 725 1493 778 τοῦ
1525 727 1700 794 Θεοῦ,
1752 732 1943 798 ὅντως,

360 806 485 856 οὐαὶ
520 809 672 875 ἡμῖν,
700 811 748 861 εί
790 809 864 880 μὴ
888 811 1022 876 γοῦν
1061 814 1125 866 ὲκ
1171 818 1544 886 προαιρέσεως
1573 825 1836 894 χρηστῆς,
1877 826 1946 879 δι’

361 900 542 968 ἔργων
573 902 666 954 καὶ
688 903 908 972 τρόπων
948 905 1193 972 ἀγαθῶν,
1235 910 1403 977 ἐγγὺς
1436 913 1598 966 αὑτοῦ
1630 917 1942 985 γενοίμεθα.

434 995 506 1042 π’.
583 990 644 1041 Ἠ
699 991 808 1044 τῶν
856 992 1018 1046 Θείων
1073 995 1353 1065 Θεηγόρων
1405 999 1586 1062 ἔνθεος
1637 1003 1732 1054 καὶ
1791 1006 1943 1075 κοινὴ

360 1079 606 1147 γλῶσσα,
633 1083 994 1151 Δαμασκηνὸς
1027 1085 1057 1137 ὁ
1084 1085 1342 1156 θεοφόρος
1398 1089 1564 1156 φησὶν
1604 1092 1663 1143 ὲν
1707 1091 1944 1163 δευτέρῳ

358 1171 470 1223 τῶν
506 1173 832 1240 Θεολογικῶν
877 1175 1042 1229 αὐτοῦ
1082 1178 1396 1245 κεφαλαίων
1426 1195 1439 1208 ·
1471 1201 1488 1232 ι
1530 1183 1647 1253 Χρὴ
1693 1185 1784 1237 τὸν
1817 1188 1944 1255 περὶ

358 1263 495 1316 Θ;οῦ
524 1282 576 1316 τι
605 1266 786 1333 λέγειν
815 1269 846 1338 ἢ
881 1267 1100 1321 ἀκούειν
1133 1270 1478 1340 βουλόμενον,
1507 1275 1693 1343 σαφῶς
1719 1276 1940 1340 εἰδέναι,

359 1355 435 1416 ὡς
475 1354 597 1406 οὐδὲ
630 1355 808 1408 πάντα
838 1356 1076 1427 ἄρρητα,
1107 1359 1228 1412 οὐδὲ
1265 1362 1444 1414 πάντα
1471 1363 1632 1433 ῥητὰ,
1659 1365 1728 1418 τά
1754 1383 1813 1418 τε
1846 1367 1945 1438 τῆς

359 1445 662 1512 θεολογίας,
705 1447 775 1500 τά
821 1465 880 1500 τε
929 1449 1030 1518 τῆς
1069 1451 1423 1520 οἰκονομίαςο
1456 1453 1581 1506 οὔτε
1626 1455 1732 1524 μὴν
1763 1458 1944 1511 πάντα

357 1534 601 1601 γνωστὰ,
644 1535 769 1588 οὐδὲ
800 1537 978 1592 πάντα
1007 1537 1284 1606 ἄγνωστα.
1322 1542 1494 1614 ’Υπὲρ
1524 1544 1680 1612 λόγον
1709 1546 1756 1598 δ’
1787 1547 1944 1616 ἴσμεν

357 1627 454 1679 καὶ
498 1629 598 1680 ὅσα
648 1629 833 1696 λέγειν
872 1632 1086 1698 ἐφεῖται
1125 1632 1233 1684 τῶν
1287 1633 1467 1699 θείων,
1498 1636 1574 1698 ὼς
1617 1639 1714 1690 καὶ
1765 1641 1941 1691 ταῦτα

358 1717 482 1771 καθ’
523 1719 864 1789 ὑπερέχοντα
889 1721 1046 1789 λόγον
1077 1720 1158 1789 (οὐ
1198 1723 1308 1793 γὰρ
1355 1725 1459 1790 ἔξω
1497 1725 1658 1795 λόγου
1697 1729 1820 1780 κατ’
1850 1730 1938 1781 ἕλ-

357 1809 555 1877 λειψιν,
589 1809 706 1862 ἀλλ’
741 1813 897 1874 ἐκτὸς
933 1814 1094 1882 λόγου
1123 1815 1218 1868 τοῦ
1259 1816 1378 1869 καθ’
1409 1819 1599 1888 ἡμᾶτ),
1632 1821 1690 1872 ὃν
1725 1821 1771 1873 ϐ’
1808 1824 1940 1892 ἡμῖν

358 1902 541 1963 αὐτοῖς
586 1901 999 1972 ὲνδιαιτώμενον
1065 1905 1295 1974 ἔχομεν,
1350 1910 1442 1960 καὶ
1499 1909 1558 1961 ὃν
1618 1910 1748 1980 παρ’
1781 1911 1939 1981 ἡμῶν

357 1994 540 2048 αὐτῶν
564 1996 642 2057 εἰς
676 1996 850 2064 ἀκοὴν
887 1997 972 2048 ἑτέ
983 2012 1090 2068 ρων
1115 1999 1452 2068 προάγομεν.
1475 1999 1616 2054 Οὔτε
1645 2003 1755 2072 γὰρ
1785 1998 1938 2067 οὗτος

357 2089 681 2158 ἑρμηνεύων
711 2089 1068 2158 παραστῆσαι
1100 2089 1303 2143 δύναιτ’
1341 2091 1429 2156 ἂν,
1461 2091 1573 2146 οὔτ’
1608 2097 1811 2155 ἐκεῖνος
1841 2114 1941 2148 που

357 2179 782 2250 λυπραγμονῶν,
813 2179 1026 2234 οἴκοθεν
1066 2180 1298 2250 ἐφίκοιέ
1343 2183 1430 2238 ἄν.
1471 2202 1488 2235 ι
1526 2185 1642 2237 Οὐκ
1686 2185 1775 2255 ἄρ’
1808 2187 1938 2255 ἡμῖν

356 2275 544 2336 αὐτοῖς
574 2271 934 2342 ἐπιτρεπτέον
974 2274 1106 2342 περὶ
1145 2274 1278 2326 Θεοῦ
1305 2293 1357 2328 τι
1395 2277 1606 2344 λέγειν·
1645 2277 1761 2330 ἀλλ’
1791 2279 1938 2348 ἡμᾶς

357 2367 560 2428 αὐτοὺς
593 2367 960 2434 ἐπιτρεπτέον
1003 2366 1140 2437 πρὸς
1175 2368 1302 2429 τοὺς
1337 2369 1394 2420 ἐν
1423 2369 1695 2437 πνεύματι
1731 2371 1798 2423 τὰ
1841 2370 1936 2424 τοῦ

359 2458 672 2527 πνεύματος
705 2457 1023 2522 λαλοῦντας,
1055 2461 1148 2512 καὶ
1191 2460 1321 2514 ὅταν
1367 2461 1641 2514 ἀπαιτῶσι
1694 2462 1851 2530 λόγον
1886 2464 1936 2516 οἱ

355 2547 750 2617 ἀντικείμενοι.

430 2637 546 2692 πα’.
588 2640 758 2692 Φασὶν
796 2641 1204 2712 ἐπιγεγράφθαι
1230 2643 1340 2696 τῶν
1366 2643 1655 2713 προθύρων
1680 2643 1779 2713 τῆς
1809 2661 1937 2715 σχο-

356 2737 459 2802 λῆς
493 2735 587 2788 τοῦ
615 2735 900 2797 Πλάτωνος
919 2753 932 2766 ·
966 2756 982 2786 ι
1011 2737 1217 2805 Μηδεὶς
1242 2737 1429 2790 εἰσίτω
1449 2736 1889 2806 ἀγεωμέτρητος.
1911 2756 1930 2787 ι

357 2831 544 2897 ΙΙάντη
577 2829 633 2882 δέ
671 2831 819 2882 ἐστιν
847 2831 1294 2901 ἀγεωμέτρητος,
1317 2830 1345 2880 ὁ
1379 2830 1453 2900 μὴ
1482 2829 1779 2897 δυνάμενος
1808 2829 1934 2897 περὶ

353 2922 465 2974 τῶν
487 2922 808 2992 ἀχωρίστων
833 2922 1362 2992 ὼς-κεχωρισμὲνων
1391 2921 1723 2974 διανοεῖσθαί
1750 2938 1807 2972 τε
1839 2919 1934 2973 καὶ

303 3029 309 3034 '
351 3014 718 3082 διαλέγεσθαι.
759 3011 908 3066 Εἶναι
937 3013 1047 3083 γὰρ
1103 3014 1278 3086 πέρας
1323 3013 1492 3084 χωρὶς
1539 3013 1633 3067 τοῦ
1669 3029 1935 3081 περατου-
1957 3055 2006 3118 c

358 3107 543 3175 μένου,
581 3106 687 3159 τῶν
717 3107 1014 3161 ἀδυνάτων.
1044 3108 1364 3176 Γεωμετρία
1412 3106 1489 3169 δὲ,
1525 3107 1654 3177 περὶ
1691 3106 1798 3158 τῶν
1837 3123 1934 3159 πε-

356 3199 538 3265 ράτων
580 3199 764 3268 σχεδὸν
803 3201 946 3262 ἅπας
976 3202 1004 3252 ὁ
1052 3200 1240 3268 λόγος’
1286 3199 1322 3253 ἃ
1368 3201 1462 3254 καὶ
1493 3203 1664 3269 χωρὶς
1699 3199 1806 3252 τῶν
1841 3216 1936 3251 πεο

355 3291 728 3360 ρατουμὲνων,
763 3290 875 3344 ἔσθ’
907 3293 995 3344 ὅτε
1049 3292 1173 3345 καθ’
1205 3292 1373 3346 ἑαυτά
1411 3294 1505 3346 καὶ
1545 3292 1786 3363 ὁρίζεται
1838 3293 1934 3345 καὶ

355 3382 740 3452 προϐάλλεται,
774 3383 870 3435 τοῦ
918 3384 1010 3436 νοῦ
1042 3384 1371 3453 χωρίζοντος
1410 3384 1483 3437 τὰ
1527 3385 1828 3455 ἀχώριστα.
1877 3385 1934 3439 '0

351 3472 408 3524 δὲ
436 3473 498 3524 τὸ
531 3473 689 3538 σῶμα
716 3473 826 3525 τῶν
866 3474 996 3545 περὶ
1027 3474 1162 3527 αὐτὸ
1203 3474 1458 3546 χωρίζειν
1489 3474 1566 3544 τῷ
1595 3475 1672 3544 νῷ
1708 3475 1934 3544 μηδέπω

355 3565 578 3632 μαθὼν,
615 3566 732 3627 πῶς
778 3567 1003 3618 ἀκούσει
1051 3567 1180 3636 περὶ
1235 3566 1452 3634 φύσεως
1511 3565 1633 3618 καθ’
1688 3567 1932 3635 ἐαυτήν;

353 3658 518 3718 "litt;
543 3658 602 3709 ού
635 3658 793 3726 μόνον
821 3657 1123 3727 ἀχώριστὸς
1153 3659 1269 3709 ἐστι
1289 3656 1398 3709 τῶν
1425 3657 1672 3726 φυσικῶν
1698 3657 1936 3726 ἐνυπάρ-

352 3768 527 3816 χουσα
566 3752 798 3809 τούτοις,
835 3751 949 3802 ἀλλ’
983 3750 1091 3802 οὐδ’
1135 3745 1274 3802 εἷναί
1322 3767 1453 3801 ποτε
1493 3748 1711 3801 δύναται
1765 3751 1936 3820 χωρὶς

353 3841 558 3892 αὐτῶν.
582 3841 701 3902 Πῶς
721 3841 943 3894 ἀκούσει
971 3842 1102 3912 περὶ
1123 3841 1233 3895 τῶν
1255 3841 1377 3894 καθ’
1400 3842 1522 3895 ὅλου
1545 3842 1620 3904 ὡς
1642 3840 1761 3894 καθ’
1787 3843 1932 3905 ὅλου,

352 3932 502 4002 ἆπερ
535 3934 592 3983 ἐν
614 3934 723 3995 τοῖς
767 3936 1013 4002 μερικοῖς
1046 3933 1183 3997 aiat;
1221 3935 1295 4001 νῷ
1329 3933 1424 3987 καὶ
1458 3933 1603 4004 λόγῳ
1633 3934 1779 4002 μόνῳ
1813 3932 1937 3985 τού-

355 4040 462 4074 των
492 4023 867 4093 διαιρούμενα,
911 4026 1005 4079 καὶ
1043 4027 1144 4095 πρὸ
1171 4025 1280 4078 τῶν
1305 4025 1516 4079 πολλῶν
1549 4026 1835 4095 νοούμενα,
1867 4025 1959 4096 τὰ,

352 4115 462 4165 τῶν
502 4114 714 4167 πολλῶν
749 4115 880 4169 ἄνευ
919 4117 1186 4187 μηδαμῶς
1219 4117 1348 4170 ὄντα
1396 4117 1475 4188 τῷ
1522 4135 1585 4182 γε
1619 4117 1810 4188 ἀληθεῖ
1846 4117 1936 4170 λόο-

353 4223 470 4275 719;
507 4207 630 4268 Πῶς
684 4209 908 4261 ἀκούσει
960 4210 1091 4280 περὶ
1145 4209 1352 4279 νοητῶν
1383 4211 1477 4263 καὶ
1525 4210 1766 4280 νοερῶνς
1815 4210 1933 4273 πῶς

352 4297 579 4350 ἀκούσει
619 4302 711 4354 καὶ
742 4300 867 4353 νοῦν
894 4300 1125 4353 ἕκαστον
1149 4301 1306 4371 ήμῶν
1339 4301 1484 4371 ἔχειν
1510 4301 1796 4370 λεγόντων,
1840 4302 1934 4355 καὶ⁹

2062 456 2257 499 natura
2295 456 2423 501 sunt
2451 461 2480 498 a
2516 447 2624 500 Deo
2662 447 2876 501 alienae.
2916 449 3105 516 Magis,
3141 465 3308 518 supra
3340 467 3503 514 quam
3531 453 3640 506 dici

2061 547 2260 604 potest,
2291 537 2670 591 intellectualis
2703 523 2894 593 natura
2923 540 3112 609 procul
3139 551 3222 594 est
3248 556 3277 594 a
3317 540 3446 604 Deo,
3472 557 3638 610 quam

2058 642 2253 681 sensus
2314 639 2369 682 et
2415 629 2695 684 sensiliilia
2755 631 2824 685 ah
2893 632 3346 687 intellectualibus
3408 634 3634 688 distant.

2057 715 2288 771 Tantum
2345 719 2510 788 igitur
2543 737 2571 773 a
2604 721 2713 776 Deo
2773 733 2963 774 natura
3022 733 3208 776 nostra
3255 725 3496 788 remotis,
3542 741 3622 778 va:

2058 810 2305 877 profecm
2335 813 2509 874 nobis.
2545 815 2589 869 si
2623 830 2727 868 non
2762 815 2901 868 bona
2944 815 3246 879 voluntate,
3271 816 3636 886 operibusque

2055 918 2119 956 ne
2143 903 2382 956 moribus
2403 904 2584 971 bouis,
2618 906 2682 958 ad
2712 920 2833 958 eum
2859 909 3204 962 accedamus.

2125 993 2216 1047 80.
2252 994 2521 1048 Divinitus
2549 1006 2599 1050 et
2644 997 2785 1050 divis
2815 999 3081 1068 theologis
3115 1016 3357 1057 consone
3384 1005 3632 1072 loquens,

2053 1086 2228 1140 deifer
2263 1087 2636 1142 Damascenus
2666 1089 2798 1142 dicit
2843 1090 2895 1144 in
2931 1094 3170 1145 secundo
3203 1095 3630 1163 theologicorum

2052 1178 2289 1244 capitum
2325 1194 2340 1232 :
2382 1197 2401 1228 ι
2433 1177 2535 1242 Qui
2569 1178 2634 1231 de
2691 1178 2800 1233 Deo
2853 1180 3061 1248 aliquid
3117 1183 3301 1237 dicere
3335 1185 3415 1237 vel
3441 1185 3632 1238 audire

2055 1269 2184 1332 vult,
2213 1271 2261 1324 ei
2298 1271 2446 1324 clare
2489 1271 2770 1324 sciendum
2799 1282 2882 1326 est
2906 1275 2959 1326 in
2988 1274 3094 1327 Deo
3116 1275 3248 1328 etin
3281 1274 3628 1330 Providentia

2051 1377 2151 1415 nec
2182 1362 2362 1415 omnia
2386 1377 2506 1415 esse
2533 1363 2847 1428 ineﬂahilia,
2875 1381 2977 1419 nec
3001 1368 3181 1420 omnia
3205 1367 3465 1430 etiabilia,
3488 1370 3630 1422 sicut

2049 1467 2151 1506 nec
2178 1455 2360 1506 omnia
2396 1454 2632 1519 scibilia,
2659 1471 2759 1510 nec
2787 1457 2968 1510 omnia
3004 1458 3306 1512 nescibilia.
3335 1460 3440 1513 Sed
3462 1476 3624 1527 supra

2048 1560 2354 1598 sermonem
2378 1561 2500 1599 esse
2524 1547 2728 1600 scimus
2771 1565 3113 1618 quaecunque
3133 1551 3200 1603 de
3227 1551 3335 1604 Deo
3356 1550 3626 1618 dicimus;

2047 1637 2246 1707 quippe
2301 1653 2421 1704 quae
2467 1641 2880 1706 superemineat
2933 1657 3241 1696 sermonem
3288 1645 3419 1712 (non
3481 1645 3626 1697 enim

2048 1740 2200 1783 extra
2227 1745 2534 1784 sermonem
2589 1741 2717 1784 sunt
2749 1743 2969 1801 propter
3022 1736 3319 1801 defectum,
3354 1736 3444 1788 sed
3471 1746 3625 1790 extra

2047 1835 2354 1876 sermonem
2417 1822 2705 1892 nostrum),
2772 1839 2931 1890 quem
2986 1826 3142 1880 nobis
3195 1827 3354 1905 ipsis.
3379 1829 3625 1881 intimum

2048 1914 2330 1978 habemus,
2365 1923 2416 1967 et
2460 1929 2619 1980 quem
2646 1929 2674 1968 a
2710 1916 2980 1971 nobismet
3011 1919 3076 1969 ad
3108 1919 3340 1973 aliorum
3372 1920 3623 1973 auditum

2046 2005 2396 2077 proferimus.
2451 2005 2585 2060 Nam
2621 2023 2794 2076 neque
2841 2010 2927 2061 liic
2973 2008 3154 2063 divina
3208 2011 3623 2079 interpretando
3693 1996 3704 2008 ’

2045 2099 2340 2166 explanare
2369 2108 2568 2167 potest,
2601 2115 2700 2154 nec
2725 2100 2811 2153 ille
2842 2101 3008 2154 multa
3030 2116 3194 2170 Opera
3220 2106 3434 2158 enitens
3467 2102 3624 2155 intel-

2046 2193 2210 2260 ligere
2264 2193 2426 2246 valet.
2471 2210 2488 2242 ι
2524 2190 2642 2246 Non
2695 2192 2858 2260 igitur
2918 2194 3074 2248 nobis
3113 2195 3245 2262 ipsis
3305 2196 3619 2264 permittere

2043 2287 2305 2340 debemus
2336 2296 2395 2338 ut
2431 2285 2638 2354 aliquid
2667 2287 2915 2341 dicamus
2943 2287 3014 2340 de
3066 2288 3196 2351 Deo,
3218 2291 3312 2340 sed
3349 2304 3448 2342 nos
3478 2289 3624 2356 ipsos

2045 2377 2358 2444 permittere
2397 2377 2653 2432 debemus
2705 2378 2773 2432 iis
2810 2379 2902 2448 qui
2951 2379 3002 2432 in
3061 2379 3254 2448 spiritu
3312 2379 3619 2445 spiritualia

2043 2465 2358 2534 loquuntur,
2391 2467 2557 2522 etiam
2605 2468 2821 2537 quando
2876 2469 3142 2522 rationem
3191 2480 3493 2536 exposcunt
3523 2467 3620 2522 ad-

2043 2559 2294 2613 versarii.

2113 2652 2204 2707 81.
2253 2653 2456 2706 Dicitur
2519 2654 2845 2721 inscriptum
2900 2650 3070 2705 fuisse
3101 2653 3152 2704 in
3213 2662 3365 2721 porta
3419 2652 3623 2708 subolat

2040 2743 2283 2798 Platonis
2327 2761 2342 2800 :
2408 2763 2424 2795 ι
2471 2743 2642 2798 Nemo
2695 2744 2862 2796 intret
2913 2745 3229 2812 geometria:
3286 2745 3531 2812 ignarus.
3596 2762 3615 2796 ι

2038 2835 2273 2889 Omnino
2335 2851 2511 2889 autem
2558 2837 2868 2906 geometria:
2935 2837 3155 2904 ignarus
3219 2848 3320 2898 est,
3375 2837 3467 2901 qui
3515 2851 3620 2889 non

2039 2932 2217 2992 potest
2244 2923 2310 2976 de
2337 2924 2582 2978 indivisis
2606 2927 2744 2979 sicut
2766 2923 2955 2979 divisis
2984 2925 3221 2994 cogitare
3245 2934 3298 2978 et
3325 2927 3617 2979 disserere.

2039 3014 2170 3066 Nam
2203 3015 2492 3067 terminum
2537 3016 2742 3084 absque
2787 3019 3072 3070 terminato
3135 3017 3469 3084 impossibile
3517 3026 3618 3071 est.

2039 3102 2344 3158 Geometria
2377 3114 2556 3158 autem
2571 3106 2638 3160 de
2668 3109 2920 3160 terminis
2946 3105 3057 3160 fere
3084 3121 3300 3176 semper
3327 3107 3568 3176 loquitur
3601 3124 3617 3161 :

2039 3197 2130 3265 qui
2185 3197 2348 3250 etiam
2381 3199 2588 3266 absque
2628 3201 2934 3254 terminatis
2971 3200 3263 3266 aliquando
3315 3202 3367 3252 in
3425 3200 3622 3267 seipsis

2040 3289 2370 3342 detiuiuntur
2422 3300 2475 3342 et
2540 3303 2938 3358 proponuntur,
2991 3292 3272 3344 intellectu
3332 3292 3611 3346 dividente

2040 3380 2412 3435 indivisibilia.
2459 3383 2563 3447 Qui
2611 3395 2790 3436 autem
2837 3399 3037 3452 corpus
3067 3399 3096 3436 a
3130 3384 3620 3437 circumstantibus

2038 3472 2166 3526 illud
2195 3474 2365 3526 neSi'it
2394 3475 2734 3536 abstrahere,
2767 3477 3039 3543 quomodo
3070 3476 3333 3543 intelligat
3367 3484 3617 3528 naturam

2039 3566 2090 3618 iu
2122 3566 2301 3634 seipsa
2348 3581 2670 3633 resin-clam,
2710 3584 2830 3635 qzi;e
2859 3567 3080 3632 quidem
3114 3583 3218 3618 non
3252 3567 3429 3620 solum
3458 3584 3616 3636 sepa—

2039 3657 2146 3711 rari
2192 3661 2376 3726 nequit
2407 3673 2436 3711 a
2476 3661 2812 3714 naturalibus
2863 3661 3062 3730 quibus
3116 3669 3329 3715 constat
3367 3663 3615 3730 proiirie.

2039 3749 2261 3813 tatibus,
2292 3749 2383 3801 sed
2425 3765 2703 3818 nunquam
2749 3767 2868 3805 esse
2905 3763 3080 3818 potest
3105 3754 3222 3804 sine
3262 3753 3434 3820 ipsis?
3468 3754 3616 3817 Quo-

2038 3839 2198 3892 modo
2267 3840 2530 3910 intetliget
2584 3843 2946 3910 proprietates
2996 3842 3165 3895 totius
3219 3857 3339 3896 esse
3392 3847 3613 3896 easdem

2036 3944 2200 3998 quam
2253 3932 2482 3995 partium
2530 3932 2917 4000 proprietates,
2977 3942 3030 3986 et
3092 3933 3209 3986 solo
3255 3933 3529 3986 intellectu
3560 3943 3617 3987 et

2036 4035 2286 4074 Sermone
2344 4022 2410 4074 ab
2468 4022 2552 4076 his
2610 4024 2906 4090 distingui;
2957 4033 3012 4077 et
3065 4033 3194 4077 ante
3247 4024 3615 4094 pluralitatem

2035 4111 2283 4179 cogitari,
2314 4129 2434 4180 quin
2475 4117 2596 4168 sine
2628 4115 2938 4183 pluralitate
2974 4131 3251 4182 nunquam
3303 4126 3435 4168 sunt
3481 4131 3614 4169 vero

2035 4206 2320 4258 sermone?
2352 4204 2632 4270 Quomodo
2661 4207 2927 4272 intelliget
2951 4205 3020 4261 de
3071 4207 3518 4275 intelligibilihus
3555 4216 3616 4261 et.

2033 4295 2491 4350 intellectualibus
2515 4336 2531 4360 ,
2609 4297 2877 4366 quomodo
2904 4340 2918 4363 ,
2977 4299 3208 4366 inquam
3231 4340 3246 4364 ,
3311 4299 3570 4366 intelliget
3594 4335 3612 4361 ,

352 4392 728 4461 διανοήματα,
780 4392 873 4444 καί
913 4393 1022 4445 τῶν
1069 4391 1451 4462 διανοημάτων
1510 4393 1739 4446 ἕκαστον
1775 4393 1933 4463 ἡμῶν

2045 4389 2283 4442 dicentes
2340 4392 2538 4458 cuique
2597 4403 2840 4445 nostrum
2906 4391 3091 4445 inesse
3142 4391 3503 4453 intellectum,
3557 4402 3615 4444 et

357 4482 626 4550 ὑπάρχειν
662 4481 778 4545 νῦν,
815 4482 910 4536 καὶ
938 4483 999 4536 ού
1033 4483 1400 4551 καταγελάσει
1427 4484 1521 4536 καὶ
1543 4483 1931 4552 ἀνακρὰξεται,

357 4575 681 4646 κατηγορῶν
717 4575 894 4644 ἡμῶν,
947 4575 1021 4638 ὡς
1065 4575 1159 4628 δύο
1214 4576 1306 4628 καὶ
1350 4577 1577 4638 πολλοὺς
1626 4577 1770 4644 ἔχειν
1811 4575 1935 4637 νοῦς

355 4669 624 4734 λεγόντων
660 4668 891 4721 ’ἑκαστον
923 4668 1261 4738 ἁνΟρὼπων;
1306 4667 1364 4722 Ὀ
1387 4669 1442 4721 δὲ
1488 4671 1578 4720 ἐπὶ
1623 4668 1733 4720 τῶν
1764 4667 1935 4720 τοιού-

355 4778 466 4812 των
500 4761 571 4828 μὴ
601 4759 898 4829 δυνάμενος
933 4761 1156 4812 ἀκούειν
1186 4763 1218 4829 ἢ
1247 4759 1445 4827 λέγειν,
1472 4760 1730 4829 περὶτῶν
1761 4759 1936 4811 ἀδιαι-

362 4853 532 4919 ρέτων
565 4851 639 4912 ὡς
678 4851 1046 4921 διῃρημένων,
1078 4851 1196 4913 πῶς
1225 4852 1317 4903 ἐπὶ
1341 4851 1436 4904 τοῦ
1477 4851 1612 4903 Θεοῦ
1648 4851 1935 4920 δυνήσεταί

356 4959 409 4992 τι
435 4942 733 5013 τοιοῦτονῆ
765 4943 946 5010 λέγειν
977 4945 1008 5014 ἢ
1060 4943 1446 5008 διδάσκεσθαι;
1493 4945 1609 5011 Ἐφ’
1640 4937 1702 4995 οἶ)
1745 4942 1934 4996 πολλαὶ

360 5037 462 5104 μέν
501 5038 605 5088 εἰσι
655 5041 748 5090 καὶ
780 5036 1031 5104 λέγονται
1080 5035 1303 5098 ἐνὼσεις
1354 5053 1411 5088 τε
1469 5036 1563 5088 καὶ
1611 5035 1931 5104 διακρίσεις,

358 5128 502 5180 κατὰ
551 5129 677 5190 τοὺς
709 5127 1019 5196 Θεολόγους·
1065 5128 1182 5182 ἀλλ’
1217 5130 1270 5181 αἱ
1316 5127 1540 5191 ὲνώσεις
1577 5129 1684 5180 τῶν
1727 5126 1934 5197 διακρί-

356 5236 502 5292 ,σεων
542 5219 921 5289 ἐπικρατοῦσι,
974 5221 1068 5274 καὶ
1106 5221 1584 5292 προκατάρχουσι·
1623 5219 1749 5289 μήτ’
1779 5222 1934 5272 ἁναιο

363 5310 554 5381 ροῦσαι
598 5312 822 5375 ταύτας,
864 5313 994 5384 μήτ’
1043 5313 1469 5383 ὲμποδιζῶμεναι
1529 5311 1682 5382 παρὰ
1731 5311 1936 5364 τούτων

360 5396 522 5456 αὗται
569 5403 753 5473 μηδέν.
787 5407 849 5457 Οἱ
907 5405 1038 5472 γοῦν
1067 5406 1300 5459 ἐναντίοι
1349 5405 1424 5476 μὴ
1453 5405 1757 5475 δεχόμενοι,
1804 5403 1936 5476 μηδὲ

361 5494 651 5563 δυνάμενοι
675 5497 898 5562 γνῶναι,
928 5497 1025 5567 τὴν
1058 5499 1150 5551 ἐπὶ
1178 5497 1271 5550 τοῦ
1302 5497 1437 5550 Θεοῦ
1471 5498 1776 5565 ἀδιαίρετον
1802 5495 1937 5549 διαί-

364 5603 537 5656 ρεσιν,
589 5587 681 5639 καὶ
715 5587 1054 5658 διῃρημένην
1084 5588 1279 5641 ἕνωσιν
1316 5587 1607 5650 ἀκούοντες
1636 5588 1792 5658 ἡμῶν
1845 5586 1934 5638 λε-

357 5683 566 5752 γόντων
600 5683 906 5757 συμφώνως
948 5687 1058 5748 τοῖς
1097 5685 1292 5754 ἁγίοις,
1330 5685 1412 5739 ὅτι
1443 5685 1538 5738 τοῦ
1573 5685 1706 5739 Θεοῦ
1747 5685 1806 5738 τὸ
1837 5688 1936 5757 μέν

2041 4481 2422 4548 cogitationes,
2467 4491 2521 4534 ιιι
2571 4483 2992 4550 cogitationibus
3039 4499 3312 4552 quemque
3369 4493 3618 4536 nostrum

2035 4569 2144 4637 jam
2186 4589 2329 4623 nunc
2364 4573 2678 4639 imputare?
2717 4589 2895 4626 nonne
2927 4575 3174 4626 irridebit
3208 4585 3258 4626 et
3293 4572 3620 4637 clatnitabit,

2038 4664 2378 4727 exprobrans
2415 4663 2570 4714 nobis
2599 4664 2740 4731 quod
2777 4667 2884 4716 duo
2915 4665 2995 4716 vel
3031 4665 3214 4728 plures
3241 4665 3487 4718 dicamus
3519 4666 3618 4716 lio-

2037 4752 2165 4804 niini
2193 4767 2316 4806 esse
2348 4754 2696 4808 intellectus?
2729 4754 2829 4836 Qui
2866 4771 3027 4823 porro
3061 4757 3111 4806 in
3162 4755 3472 4822 liujusmodi
3505 4770 3618 4808 non

2039 4854 2218 4912 potest
2253 4845 2460 4899 sentire
2489 4857 2580 4898 aut
2611 4847 2753 4914 loqui
2785 4848 2852 4899 de
2885 4847 3137 4901 indivisis
3186 4857 3444 4916 tauquam
3479 4847 3616 4901 divi-

2036 4937 2134 4997 sis,
2167 4937 2442 5002 quomodo
2496 4937 2546 4989 in
2607 4937 2716 4992 Deo
2782 4938 2984 5007 poterit
3046 4938 3247 5007 aliquid
3286 4943 3390 4992 tale
3426 4941 3612 4993 dicere

2037 5039 2127 5079 aut
2158 5027 2419 5082 discere?
2481 5028 2534 5080 In
2580 5046 2645 5082 eo
2681 5031 2823 5083 enim
2858 5032 3044 5085 multae
3075 5043 3202 5085 sunt
3249 5042 3304 5085 et
3359 5033 3613 5084 dicuntur

2038 5119 2275 5172 uniones
2307 5129 2362 5172 et
2392 5112 2710 5184 divisiones,
2738 5122 2892 5187 juxta
2930 5123 3238 5192 theologos;
3263 5127 3355 5177 sed
3385 5124 3612 5177 uniones

2038 5208 2406 5264 divisionibus
2460 5221 2721 5279 prmstant
2769 5223 2824 5267 et
2863 5213 3218 5275 anteculunt,
3274 5228 3452 5282 neque
3510 5215 3613 5269 has

2039 5303 2308 5366 tollentes,
2361 5320 2538 5372 neque
2573 5306 2641 5359 ab
2676 5307 2760 5360 his
2799 5309 2926 5378 ipsa:
2964 5307 3276 5360 nnilatenus
3308 5307 3596 5375 impeditae.

2041 5395 2181 5462 Ergo
2241 5393 2582 5462 adverarii,
2642 5400 2732 5467 qui
2795 5415 2899 5453 non
2958 5408 3185 5466 possunt
3257 5414 3356 5449 nec
3412 5397 3592 5450 valent

2039 5488 2418 5564 intelligerein
2457 5490 2566 5545 Deo
2597 5491 2882 5544 indivisani
2925 5492 3242 5545 divisionem
3276 5501 3329 5544 et
3379 5491 3610 5545 divisam

2037 5583 2315 5644 unionem,
2387 5600 2508 5636 eum
2554 5600 2653 5637 nos
2705 5587 2929 5637 audiunt
2959 5599 3200 5637 consone
3245 5586 3451 5638 sanctis
3514 5587 3590 5635 di-

2038 5690 2220 5736 centes
2285 5681 2335 5735 in
2371 5683 2476 5736 Deo
2507 5681 2646 5736 aliud
2693 5696 2811 5736 esse
2854 5680 3117 5736 nesciliile
3152 5689 3209 5735 et
3228 5678 3371 5736 aliud
3405 5677 3598 5734 scibile
