3994 6206
363 217 495 280 1187

1620 209 2000 268 GREGORII
2047 210 2370 272 PALAMxF.‘

3461 202 3606 272 “88

356 335 422 370 ne
473 319 756 388 vestigium
810 321 1027 389 quidem
1070 328 1338 383 remanet,
1377 330 1659 389 postquam
1705 323 1784 374 sol
1835 326 1918 375 sul

2029 324 2174 392 ἴχνος
2199 320 2550 374 ὑπολείπεται
2575 317 2668 371 τοῦ
2709 316 2860 386 ἡλίου
2891 315 3042 376 δντος
3073 312 3176 367 ὑπὸ
3196 313 3320 382 γῆν.
3348 311 3441 364 καὶ
3466 313 3594 373 τοὺς

356 419 498 462 terra
556 419 637 464 est
699 423 752 464 et
803 426 919 478 qum
970 427 1134 474 super
1188 419 1332 465 terra
1380 423 1508 464 sunt
1556 415 1790 482 reliquit,
1834 431 1932 470 uec

356 508 528 562 potest
578 500 859 565 splendore
918 500 1018 553 hoc
1068 501 1254 555 fruens
1310 501 1500 554 oculus
1551 505 1765 558 misceri
1808 521 1928 558 cum

357 603 444 648 eo,
481 599 532 642 et
568 605 662 657 per
693 607 812 642 eum
852 591 992 643 uuiri
1031 608 1150 642 cum
1202 593 1347 645 ferite
1401 594 1557 655 lucis,
1597 595 1714 660 ejus
1750 606 1928 649 tamen

357 683 504 729 color
547 693 598 731 et
669 682 980 746 quicunque
1019 683 1437 750 hujus-cﬂ‘eetus
1482 686 1544 736 ad
1596 687 1932 738 sensibilium

360 772 760 834 generationem
810 781 863 823 et
912 773 1311 827 incrementum
1359 786 1411 829 et
1444 775 1510 828 ad
1549 777 1930 830 multiformem

359 863 640 914 lnnuortnn
667 872 718 916 et
743 864 1065 930 qualitatum
1093 869 1408 920 varietatem
1451 867 1795 920 conferentes
1827 885 1930 920 non

361 953 449 1004 illa
485 954 886 1019 derelinquunt,
917 957 1166 1022 quamvis
1195 973 1298 1008 non
1331 958 1563 1010 habeant
1594 975 1690 1027 per
1721 961 1929 1012 radium

357 1061 477 1096 cum
516 1046 630 1098 sole
674 1049 1114 1100 communionem
1143 1064 1158 1101 :
1189 1051 1376 1101 eodem
1416 1051 1596 1114 modo,
1629 1054 1693 1105 ad
1736 1053 1933 1105 obscu-

360 1152 472 1188 ram
522 1137 657 1191 hanc
707 1138 778 1191 rei
833 1141 1110 1192 sensibilis
1161 1141 1475 1209 imaginem,
1518 1144 1550 1196 ii
1595 1154 1797 1197 tantum
1839 1146 1928 1213 qui

357 1231 756 1298 supernatnrali
813 1249 874 1284 at:
917 1233 1266 1284 divinissimze
1313 1234 1586 1287 adha3reut
1634 1237 1768 1298 luci,
1817 1239 1930 1291 dci-

357 1323 509 1375 licam
564 1333 784 1388 possunt
835 1325 1062 1392 gratiam
1119 1327 1328 1381 sincere
1366 1328 1694 1395 participare
1737 1339 1788 1383 el
1835 1346 1930 1398 per

356 1431 473 1468 eam
511 1415 617 1467 Deo
643 1415 806 1477 nniri,
834 1427 1030 1469 caetera
1065 1432 1192 1471 vero
1221 1419 1400 1471 omnia
1431 1419 1707 1474 creatricis
1735 1437 1928 1490 opera-

358 1507 522 1559 tionis
560 1508 789 1561 effectus
831 1519 958 1560 sunt
993 1511 1165 1577 gratia
1203 1511 1445 1577 quidem,
1491 1512 1697 1566 scilicet
1735 1514 1922 1580 gratis,

353 1613 418 1649 cx
459 1599 626 1650 nihilo
658 1600 928 1664 producti,
957 1611 1012 1651 et
1048 1618 1151 1653 non
1194 1603 1444 1657 illustrau
1473 1605 1664 1673 gratia,
1696 1620 1813 1674 qua:
1842 1614 1924 1659 est

355 1689 656 1756 Splendoris
691 1689 780 1743 Dei
818 1707 1099 1760 agnomen.

423 1865 511 1918 93.
552 1865 644 1918 Illa
690 1866 778 1920 Dei
823 1868 998 1938 lnx‘et
1032 1870 1217 1924 deilica
1266 1873 1532 1938 operatio,
1573 1873 1726 1941 cujus
1762 1876 1931 1942 partiv-

355 1958 502 2022 cipes
554 1958 896 2022 deilicautur,
937 1962 1114 2014 divina
1176 1961 1422 2025 quaedam
1471 1973 1552 2017 est
1591 1966 1788 2034 gratia,
1831 1966 1928 2020 sed

361 2063 462 2098 non
502 2047 588 2098 Dei
617 2059 806 2102 natura
833 2069 847 2114 ;
883 2068 986 2104 non
1015 2054 1156 2118 quod
1186 2053 1300 2107 haec
1327 2055 1466 2106 absit
1495 2072 1520 2106 a
1547 2057 1734 2122 gratiae
1765 2059 1927 2124 parti-

357 2137 594 2201 cipibus,
631 2149 687 2190 nt
727 2143 1025 2195 adversarii
1078 2145 1358 2198 dementcr
1405 2149 1757 2212 mentiuntur,
1803 2165 1926 2202 nam

358 2229 554 2295 ubique
603 2232 757 2286 adest
808 2244 996 2286 natura
1037 2235 1155 2302 Dei;
1197 2239 1289 2289 sed
1327 2239 1450 2307 quia
1493 2256 1597 2292 nou
1644 2249 1728 2294 est
1773 2255 1925 2294 com-

356 2323 719 2388 municalnlis,
747 2343 866 2379 cum
905 2329 1038 2380 nihil
1068 2331 1141 2382 sit
1167 2343 1433 2396 creatura,
1469 2343 1528 2384 ιιι
1559 2347 1720 2400 supra
1746 2343 1930 2388 osten-

355 2415 556 2480 dimus,
581 2421 722 2483 quod
751 2421 920 2486 possit
943 2436 1060 2473 eam
1085 2422 1427 2490 participare.
1454 2422 1514 2478 Et
1538 2424 1714 2478 divina
1737 2439 1928 2492 Opera-

357 2509 429 2558 tio
464 2520 514 2560 et
559 2512 730 2577 gratia
778 2512 1022 2578 spiritus,
1058 2514 1257 2579 ubique
1289 2529 1527 2582 praesens
1561 2524 1613 2567 et
1646 2516 1714 2567 ab
1749 2529 1811 2567 eo
1843 2515 1926 2565 in-

358 2600 711 2666 reparabilis,
765 2600 829 2654 iis
863 2603 952 2670 qui
1012 2602 1082 2656 ob
1138 2603 1534 2656 in'nnunditiatn
1587 2617 1696 2658 non
1743 2604 1922 2656 idonei

357 2698 481 2742 sunt
510 2693 575 2744 ad
603 2695 966 2757 consortium,
995 2695 1521 2752 incomtnnuicabilis
1553 2709 1636 2750 cst
1667 2707 1923 2766 tauquam

354 2783 572 2837 absens.
611 2803 628 2834 ι
660 2785 811 2840 Sicut
843 2787 1012 2848 enim,
1047 2787 1223 2854 inquit
1272 2788 1485 2853 doctor,
1514 2790 1754 2843 vultuum
1788 2791 1923 2842 ima—

353 2877 501 2938 gines
529 2893 635 2930 non
674 2878 724 2929 iu
754 2879 1004 2932 omnibus
1039 2881 1282 2934 materiis
1310 2882 1705 2948 exprimuntur,
1739 2883 1832 2936 sed
1871 2885 1921 2934 in

354 2967 420 3018 iis
451 2984 570 3035 quae
605 2969 890 3022 ltevitatem
940 2971 1140 3024 habent
1183 2980 1238 3024 et
1286 2972 1812 3026 trausluciditatem:
1851 2975 1922 3026 ita

353 3076 451 3110 net;
499 3061 550 3110 in
601 3061 856 3113 omnibus
907 3062 1106 3114 animis
1151 3061 1322 3131 gratia
1368 3061 1609 3126 Spiritus,
1645 3063 1737 3115 sed
1775 3063 1826 3116 in
1859 3063 1927 3118 iis

352 3166 470 3213 qua!
500 3150 630 3204 nihil
665 3152 972 3220 amhigutnn
1004 3152 1206 3206 habent
1234 3164 1285 3205 et
1321 3153 1620 3221 obliquum.
1653 3172 1672 3205 ι
1708 3153 1774 3206 Et
1804 3170 1926 3206 rnro

353 3255 444 3292 sus
475 3258 487 3292 :
527 3259 544 3290 t
576 3240 838 3296 Omnibus
866 3243 1082 3308 quidem
1109 3244 1256 3294 adest
1291 3242 1524 3308 Spiritus
1541 3255 1797 3310 sanctus;
1829 3243 1923 3296 sed

354 3332 420 3384 iis
452 3333 539 3397 qui
576 3333 757 3386 mundi
791 3344 918 3387 sunt
961 3349 986 3385 a
1040 3334 1408 3402 passionibus.
1442 3337 1711 3402 propriam
1745 3345 1926 3388 Osten-

352 3424 428 3477 dit
465 3425 738 3487 virtutem,
773 3427 837 3479 iis
866 3443 996 3480 vero
1028 3427 1118 3496 qui
1155 3439 1386 3480 mentem
1435 3428 1631 3481 habent
1670 3428 1924 3482 sordibus

350 3520 552 3585 peccati
588 3519 932 3582 tnaculatam,
968 3523 1203 3573 nomium
1234 3520 1496 3575 Ostendit.
1543 3538 1564 3570 ι

418 3704 506 3757 94.
535 3703 685 3756 Sicut
736 3704 868 3756 solis
899 3703 1078 3758 lumen
1113 3719 1143 3757 a
1179 3706 1329 3757 radio
1373 3719 1426 3758 et
1457 3721 1484 3758 a
1543 3705 1726 3760 calore
1760 3720 1918 3774 quem

348 3795 439 3849 hic
472 3792 853 3863 datpseparari
887 3798 1089 3864 neqnil,
1138 3797 1230 3852 sed
1256 3811 1317 3849 ex
1347 3797 1472 3850 illud
1506 3799 1922 3864 suscipientibus

349 3889 383 3939 ii
417 3888 506 3956 qui
569 3888 757 3941 oculos
805 3904 910 3943 non
955 3889 1176 3952 habent,
1217 3891 1388 3944 lucem
1424 3906 1531 3944 non
1569 3893 1918 3961 participant,

350 3982 444 4034 sed
468 3998 531 4034 ex
558 3983 711 4035 radio
736 3983 908 4035 solum
939 3983 1213 4050 accipiunt
1246 3983 1505 4046 Calorem,
1539 4000 1663 4036 nam
1699 3985 1920 4040 minime

349 4075 526 4127 lucem
577 4077 902 4144 pztrtitipare
937 4086 1164 4143 possunt
1202 4077 1375 4130 oculis
1419 4077 1661 4129 carentia
1695 4093 1708 4128 :
1748 4077 1820 4129 ita
1865 4085 1918 4130 et

347 4167 515 4222 multo
575 4169 745 4235 magis
798 4169 982 4222 divino
1028 4169 1315 4236 splendore
1365 4169 1660 4223 fruentium
1740 4172 1915 4225 nullus

347 4262 672 4329 participare
699 4269 872 4325 potest
894 4261 1157 4313 creatoris
1175 4262 1488 4314 essentiam.
1523 4259 1640 4313 Non
1665 4269 1746 4313 est
1771 4264 1913 4314 enim

2029 414 2170 481 ὑπὲρ
2199 413 2304 479 γῆν
2341 411 2700 475 ἐπιλιπόντος,
2732 409 2840 461 οὐδ’
2871 407 2951 459 ἐνι
2983 407 3041 458 τὸ
3065 407 3159 473 τῆς
3184 404 3359 472 αὐγῆς
3391 402 3596 472 ταύτης

2028 503 2298 558 ἀπολαῦον
2326 504 2479 571 ὄμμα
2524 503 2596 572 μὴ
2626 497 3032 568 ἀνακεκρᾶσθαι
3070 497 3205 567 πρὸς
3257 493 3447 565 αὐτὴν,
3499 495 3597 548 καὶ

2024 595 2092 648 δι’
2130 596 2298 660 αὐτῆς
2329 595 2571 664 ἡνῶσθαι
2603 596 2679 665 τῷ
2712 596 2956 665 βλύζοντι
2991 597 3052 650 τὸ
3084 599 3232 665 φῶς⁶
3258 601 3290 670 ἡ
3319 602 3365 654 δ’
3388 601 3603 657 ἐκεῖθεν

2025 689 2200 757 θέρμη
2254 689 2349 740 καὶ
2407 690 2508 740 ὅσα
2558 691 2614 754 ἐξ
2660 689 2831 757 αὐτῆς
2884 690 3114 742 τελεῖται
3149 692 3601 764 συμϐαλλομένης

2025 780 2160 846 πρὸς
2187 779 2395 845 γένεσίν
2427 796 2482 830 τε
2528 781 2622 831 καὶ
2649 778 2876 848 αὔξησιν
2907 784 3015 842 τοῖς
3048 780 3346 849 αἰσθητοῖς,
3378 785 3468 836 καὶ
3499 785 3602 855 τὴν

2031 871 2143 922 τῶν
2173 870 2365 938 χυμῶν
2401 871 2494 922 καὶ
2547 873 2847 938 ποιοτήτων
2893 872 3143 940 πολυειδῆ
3180 873 3466 944 διαρορᾶν,
3495 877 3600 929 οὒκ

2025 963 2294 1014 ἐπιλείπει
2331 962 2526 1023 ταῦτα,
2560 963 2664 1014 κᾶν
2721 961 2793 1032 μὴ
2843 962 2903 1014 τὸ
2957 965 3191 1030 συναφὲς
3222 967 3318 1034 ἔχη
3372 966 3459 1019 διὰ
3500 967 3603 1036 τῆς

1978 1093 1989 1102 .
2023 1058 2238 1115 ἀκτῖνος
2278 1055 2412 1123 πρὸς
2443 1055 2532 1105 τὶν
2579 1055 2728 1123 ἥλιον
2753 1073 2766 1086 ο
2801 1055 2888 1106 τὸν
2923 1056 3082 1107 αὐτόν
3112 1057 3312 1125 τρόπον
3360 1059 3432 1120 ὼς
3477 1058 3603 1111 κατ’

2022 1144 2273 1212 ἀμυδρὰν
2309 1145 2364 1195 ἐν
2387 1142 2668 1210 αἰσθητοῖς
2691 1145 2894 1203 εἰκόνα.
2931 1145 3040 1194 τῶν
3067 1145 3463 1198 ἐπιϐαλλόντων
3495 1146 3567 1215 μό
3587 1175 3602 1188 ·

2022 1250 2127 1284 νων
2151 1231 2226 1299 τῷ
2277 1232 2550 1300 ὑπερφυεῖ
2591 1231 2686 1282 καὶ
2726 1230 2987 1299 θειοτάτῳ
3027 1233 3184 1296 φωτὶ,
3217 1235 3316 1298 τῆς
3347 1230 3600 1284 θεοποιοῦ

2021 1323 2242 1392 χάριτος
2276 1322 2585 1391 εἰλικρινῶς
2620 1323 2892 1390 μετέχειν,
2926 1324 3019 1373 καὶ
3050 1322 3114 1374 δι’
3155 1323 3325 1391 αὐτῆς
3356 1321 3605 1392 ἡνῶσθαι

2020 1415 2097 1484 τῷ
2118 1414 2268 1484 Θεῷ’
2301 1415 2370 1464 τὰ
2394 1413 2438 1463 δ’
2466 1413 2600 1465 ἀλλα
2634 1413 2836 1473 πάντα,
2882 1416 2978 1481 τῆς
3013 1413 3412 1481 δημιουργικῆς
3446 1413 3605 1481 ὲνερ-

2019 1502 2175 1570 γείας
2223 1502 2361 1553 εἰσὶν
2391 1501 2840 1568 ἀποτελέσματαο
2867 1503 3049 1570 χάριτι
3095 1502 3194 1569 μὲν
3225 1504 3286 1554 ἐκ
3322 1503 3397 1570 μὴ
3428 1503 3604 1554 ὅντων

2021 1591 2366 1662 προηγμένα,
2401 1591 2649 1660 δηλονότι
2683 1591 2894 1660 δωρεάν
2915 1608 2926 1620 ’
2962 1593 3021 1643 οὗ
3058 1592 3510 1662 κατηγλαῖσμένα
3540 1591 3604 1644 δὲ

1959 1674 2000 1728 Β
2020 1690 2085 1756 τῇ
2115 1685 2300 1754 χάριτι
2327 1700 2340 1713 ·
2383 1685 2506 1748 ἥτις
2536 1683 2635 1750 τῆς
2663 1682 2760 1735 τοῦ
2801 1680 2937 1736 Θεοῦ
2969 1683 3356 1753 λαμπρότητος
3391 1682 3574 1735 ὲπὼνυ

2023 1777 2121 1846 μόν
2153 1779 2324 1828 ἐστιν.

2089 1865 2197 1934 ια’.
2244 1867 2306 1918 'll
2359 1865 2452 1918 τοῦ
2488 1865 2623 1918 Θεοῦ
2671 1865 2994 1934 λαμπρότης
3042 1865 3180 1933 αῦτη
3215 1865 3308 1917 καὶ
3356 1864 3604 1926 θεοποιδς

2018 1962 2288 2027 ἐνέργεια.
2339 1955 2406 2030 ἦς
2441 1958 2505 2008 τὰ
2544 1957 2839 2026 μετέχοντα
2902 1957 3138 2019 θεοῦται,
3176 1955 3294 2008 θεία
3343 1955 3429 2017 τίς
3483 1956 3604 2007 ἔστι

2018 2052 2196 2120 χάρις,
2239 2047 2355 2100 ἀλλ’
2388 2050 2486 2118 οὐχ
2514 2051 2545 2118 ή
2596 2049 2758 2117 φύσις
2789 2047 2881 2099 τοῦ
2916 2047 3050 2099 θεοῦ
3071 2066 3081 2076 ·
3126 2049 3223 2114 οὐχ
3277 2047 3353 2108 ὡς
3386 2045 3606 2098 ἀποῦσα

2019 2144 2124 2196 τῶν
2155 2142 2633 2211 κεχαριτωμένων,
2670 2142 2807 2194 κατὰ
2839 2142 2935 2210 τὴν
2964 2141 3072 2192 τῶν
3105 2140 3360 2194 ἐναντίοιν
3381 2138 3601 2208 ληρώδη

2021 2236 2385 2302 συκοφαντίαν
2422 2234 2740 2305 (πανταχοῦ
2782 2236 2892 2306 γὰρ
2943 2237 2974 2303 ἡ
3019 2236 3180 2301 φύσις
3235 2232 3330 2285 τοῦ
3388 2231 3602 2296 Θεοῦ)·

2019 2330 2136 2382 ἀλλ’
2165 2330 2240 2392 ὡς
2270 2330 2370 2381 οὐκ
2410 2327 2544 2380 οὖσα
2590 2329 2822 2397 μεθεκτή
2845 2343 2858 2358 ·
2907 2328 3132 2396 μηδενὸς
3164 2327 3316 2388 ὕντος
3352 2323 3602 2386 κτιστοῦ.

2019 2421 2161 2472 καθα
2189 2420 2691 2489 προῡποδέδεικται,
2732 2420 2824 2471 τοῦ
2848 2419 3164 2489 δυνηθέντος
3187 2419 3252 2472 ἂν
3278 2417 3607 2488 μεταλαχεῖν

2019 2510 2210 2578 αὐτῆς.
2258 2510 2366 2561 Καὶ
2399 2511 2431 2578 ἡ
2459 2509 2578 2562 θεία
2606 2511 2861 2580 ἐνέργεια
2885 2512 2977 2563 καὶ⁵
3017 2511 3177 2579 χάρις
3205 2509 3301 2562 τοῦ
3343 2508 3607 2576 Πνεῦμα-

2019 2617 2130 2659 τος,
2168 2600 2443 2669 πανταχοῦ
2481 2600 2754 2667 παροῦσα,
2785 2602 2879 2654 καὶ
2900 2601 3202 2672 ἀχώριστος
3231 2598 3396 2652 αὐτοῦ
3423 2598 3608 2651 διατε-

2021 2691 2208 2754 λοῦσα,
2243 2695 2356 2754 τοῖς
2384 2693 2449 2744 δι’
2475 2693 2819 2764 ἀκαθαρσίαν
2849 2693 3244 2762 ἀνεπιτηδείως
3265 2693 3402 2762 πρὸς
3430 2691 3601 2761 μετά-

2021 2784 2201 2852 ληψιν,
2228 2785 2529 2853 ἀμέθεκτός
2556 2786 2702 2839 ἐστιν
2725 2785 2914 2855 ὥσπερ
2936 2786 3166 2840 ἀποῦσα.
3197 2786 3442 2852 (Ὠσπερ
3466 2784 3604 2853 γὰρ.

2022 2877 2209 2945 φησιν,
2248 2879 2304 2930 αι
2344 2877 2453 2927 τῶν
2491 2877 2800 2946 προσάπτων
2842 2878 3129 2945 ἐμφάσεις,
3167 2877 3266 2928 οὐκ
3311 2877 3368 2927 εν
3399 2876 3606 2936 πάσαις

2022 2971 2141 3030 ταῖς
2173 2967 2326 3031 ὕλαις
2351 2969 2614 3036 γίνονται.
2663 2969 2779 3021 ἀλλ’
2808 2970 2865 3022 ὲν
2895 2973 3016 3031 ταῖς
3055 2968 3306 3036 λειότητά
3334 2985 3459 3020 τινα
3503 2967 3604 3019 καὶ

2024 3057 2340 3124 διαφάνειαν
2377 3059 2772 3127 κεκτημέναις·
2823 3059 2998 3120 οὕτως
3025 3060 3125 3111 οὐκ
3161 3061 3218 3111 ὲν
3243 3058 3448 3120 πάσαις
3480 3059 3605 3120 ταῖς

2013 3149 2211 3218 φυγαῖς
2241 3151 2273 3218 ἡ
2303 3149 2397 3203 τοῦ
2436 3151 2756 3222 Πνεῦματος
2800 3153 3069 3220 ἐνέργεια,
3110 3152 3220 3204 ἀλλ’
3248 3153 3306 3202 ἐν
3337 3153 3459 3212 ταῖς
3494 3167 3602 3217 μη-

2013 3241 2102 3293 δὲν
2149 3242 2361 3294 σκολιὸν
2411 3243 2687 3312 ἐχούσαις,
2743 3243 2876 3312 μηδὲ
2926 3241 3388 3312 στραγγαλιῶδες.
3429 3259 3445 3290 ι
3489 3241 3601 3291 Καὶ

2017 3331 2215 3385 πάλιν
2271 3347 2289 3382 ‹
2319 3333 2461 3385 Πᾶσι
2519 3334 2618 3403 μὲν
2648 3335 2882 3401 πάρεστι
2923 3333 2984 3384 τὸ
3045 3331 3265 3401 Πνεῦμα
3305 3330 3365 3383 τὺ
3401 3332 3596 3397 ἆγιον·

2015 3423 2150 3476 ἀλλὰ
2189 3425 2300 3485 τοῖς
2353 3424 2454 3492 μὲν
2511 3424 2883 3496 καθαρεύουσι
2918 3424 3025 3476 τῶν
3056 3423 3265 3483 παθῶν,
3309 3424 3413 3492 τὴν
3461 3422 3600 3474 ἰδίαν

2016 3514 2276 3583 ἐμφαίνει
2301 3514 2540 3583 ’δύναμιν
2569 3531 2585 3546 ο
2622 3518 2734 3577 τοῖς
2763 3515 2819 3568 δὲ
2863 3518 2924 3568 τὸ
2963 3515 3290 3585 ἡγεμονικὸν
3328 3531 3600 3580 συγκεχυ-

2019 3606 2179 3675 μένον
2195 3605 2405 3674 ἔχουσιν
2428 3606 2534 3657 ἀπὸ
2553 3604 2659 3658 τῶν
2675 3608 2769 3675 τῆς
2790 3607 3062 3677 ἁμαρτίας
3085 3607 3310 3667 σπίλων,
3328 3607 3435 3659 οὐκ
3455 3606 3559 3659 ἔτι.
3574 3625 3592 3657 ι

2087 3694 2190 3762 ἥδ’.
2228 3697 2497 3766 Καθάπερ
2519 3698 2578 3750 τὸ
2618 3698 2709 3751 τοῦ
2743 3699 2893 3766 ἡλίου
2932 3699 3068 3766 φῶς,
3100 3701 3197 3767 τῆς
3226 3699 3462 3761 ἀκτῖνος,
3501 3700 3598 3750 καὶ

2014 3788 2114 3856 τῆς
2171 3787 2238 3840 δι’
2292 3788 2465 3857 αὐτῆς
2522 3789 2934 3860 χορηγουμένης
2999 3791 3236 3860 θέρμης,
3289 3789 3598 3858 ἀχώριστόν

2017 3879 2202 3930 ἐστιν’
2255 3877 2392 3930 ἀλλὰ
2428 3879 2535 3930 τῶν
2581 3880 2964 3933 ἁπολαδόντων
2995 3883 3123 3943 τοὺς
3165 3881 3476 3949 ὀφθαλμοὺς
3519 3880 3596 3948 μὴ

2021 3970 2401 4038 κεκτημένοις,
2440 3969 2739 4038 ἀμέθεκτόν
2771 3976 2886 4024 ἐστι
2913 3973 2972 4025 το
3003 3972 3154 4041 φῶς,
3185 3975 3285 4042 τῆς
3316 3971 3463 4040 παρὰ
3491 3974 3596 4037 τῆς

2017 4061 2234 4122 ἀκτῖνος
2283 4062 2450 4131 μόνης
2494 4062 3053 4133 ἀντιλαμϐανομένοις
3085 4063 3334 4132 θέρμης·
3381 4063 3442 4114 οὐ
3484 4063 3598 4130 γὰρ

2019 4154 2166 4207 ἔστιν
2202 4155 2338 4216 ὅλως
2383 4154 2668 4224 ἀντίληψιν
2698 4155 2876 4222 φωτὸς
2925 4155 3176 4223 γενέσθαι
3208 4157 3322 4216 τοῖς
3356 4155 3462 4207 τῶν
3492 4157 3598 4222 ὀμ-

2022 4247 2208 4317 μάτων
2235 4247 2555 4316 ἀμοιροῦσιν
2586 4264 2602 4280 ο
2632 4245 2777 4300 οὓτω
2810 4249 2902 4300 καὶ
2943 4246 3121 4316 πολλῷ
3160 4248 3382 4316 μᾶλλον,
3412 4247 3598 4299 οὐδενὶ

348 4355 616 4406 ullatenus
648 4353 824 4418 aliqua
857 4360 1226 4403 creaturarum
1262 4365 1381 4421 qua:
1416 4353 1519 4406 vim
1559 4353 1754 4407 habeat
1784 4354 1921 4408 reci-

2020 4339 2124 4390 τῶν
2174 4340 2273 4406 τῆς
2343 4339 2492 4400 θείας
2546 4339 2741 4407 αἴγλης
2783 4339 3166 4392 ἀπολαυόντων
3230 4339 3386 4390 ἔσται
3455 4339 3595 4406 μέθ-

344 4448 532 4517 pieudi
561 4456 813 4498 naturam
843 4445 1141 4523 Creatqrir.

411 4709 511 4763 ‘95.
565 4706 664 4763 llic
705 4718 759 4762 ct
812 4723 959 4762 nunc
993 4722 1092 4762 nec
1125 4719 1431 4764 creaturam
1476 4724 1573 4764 nec
1619 4711 1917 4765 essentiam

340 4815 469 4851 esse
529 4800 618 4852 Dei
658 4803 1113 4854 communicatam
1150 4802 1385 4855 divinam
1426 4802 1719 4855 essentiam
1763 4803 1919 4856 nobis

343 4903 616 4945 testentur
645 4893 803 4945 simul
848 4893 1051 4946 Christi
1102 4892 1341 4959 Baptista
1381 4890 1637 4955 Joannes,
1670 4903 1722 4944 et
1755 4890 1919 4944 Joan-

346 4999 446 5038 nes
481 4995 603 5036 ante
639 4983 774 5038 alios
811 4983 1106 5050 discipulos
1131 4985 1348 5038 Christo
1381 4985 1630 5042 dilectos.
1675 4993 1725 5036 ct
1755 4984 1919 5037 Joan-

353 5092 445 5129 lit‘S
487 5075 912 5144 Chrysostomus
972 5091 986 5128 :
1031 5090 1190 5138 unus,
1223 5087 1281 5128 ut
1322 5073 1615 5127 hist0ricus
1651 5076 1915 5137 referens,

343 5169 549 5222 Christi
601 5180 784 5221 autem
839 5182 1143 5236 praecursur
1173 5179 1226 5221 et
1262 5168 1502 5236 Baptista
1531 5168 1716 5221 dicens
1757 5185 1776 5217 ‹
1813 5184 1917 5220 non

346 5265 412 5313 ad
451 5260 893 5315 inenarramdari
925 5276 954 5314 a
982 5261 1088 5314 Deo
1116 5261 1276 5314 Patre
1323 5261 1588 5329 Spiritum
1613 5258 1856 5324 Christo,
1894 5279 1911 5311 ι

355 5371 553 5409 aureus
588 5357 804 5409 dentom
841 5370 937 5408 ore
970 5355 1242 5423 interpres
1270 5354 1514 5407 scribens
1540 5353 1798 5420 Spiritum
1835 5355 1920 5407 hic

351 5451 726 5512 operationem
753 5447 880 5501 dici.
921 5466 939 5498 ι
980 5448 1182 5499 Omnes
1207 5446 1349 5498 enim
1385 5459 1484 5498 nos
1512 5445 1576 5498 ad
1611 5460 1916 5498 mensuram

354 5541 725 5602 operationem
763 5537 998 5607 Spiritus
1032 5537 1354 5606 accipimus,
1411 5537 1496 5590 ille
1528 5550 1656 5588 vero
1689 5537 1920 5588 immen-

353 5643 470 5704 sam
525 5639 578 5684 et
620 5631 884 5700 integrant
939 5631 1102 5687 habet
1159 5645 1374 5686 omnem
1433 5630 1824 5698 operationem.
1863 5628 1919 5682 Si

2014 4433 2128 4499 εξις
2164 4433 2264 4501 τῆς
2286 4432 2474 4494 οὐσίας
2517 4433 2612 4484 τοῦ
2660 4433 2983 4495 κτίσαντος.
3017 4432 3094 4485 Οὐ
3137 4436 3244 4499 γὰρ
3280 4432 3450 4496 ἔστιν,
3490 4433 3597 4484 οὐκ

2016 4526 2130 4578 ἐστι
2165 4526 2272 4578 τῶν
2305 4526 2617 4594 κτισμάτων
2646 4525 2818 4591 οὐδὲν,
2845 4526 2874 4578 ὃ
2903 4526 3134 4594 δύναμιν
3169 4527 3304 4594 ῖσχει
3334 4525 3598 4596 δεκτικὴν

2014 4619 2113 4688 τῆς
2136 4617 2228 4670 τοῦ
2256 4617 2552 4680 Κτίσαντος
2584 4618 2817 4685 φύσεως.

2084 4713 2184 4776 ιε’.
2219 4711 2685 4780 Συμμαρτυρείτω
2705 4713 2760 4763 δὲ
2794 4711 3068 4763 κάνταῦθα
3091 4711 3186 4763 νῦν
3211 4713 3342 4780 ἡμῖν
3367 4711 3428 4763 τδ
3451 4712 3599 4780 μήτε

2010 4802 2254 4871 κτιστὴν,
2290 4803 2417 4872 μήτ’
2448 4804 2639 4855 οὐσίαν
2681 4800 2819 4856 εἶναι
2870 4805 2963 4856 τοῦ
2991 4805 3124 4856 Θεοῦ
3159 4806 3254 4874 τὴν
3289 4806 3600 4873 μετεχομέ-

2009 4911 2106 4961 νην
2130 4891 2276 4944 θείαν
2309 4893 2609 4960 ἐνέργειαν,
2660 4896 2752 4947 καὶ
2785 4897 2812 4947 ὀ
2861 4895 2952 4947 τοῦ
3000 4895 3238 4962 Χριστοῦ
3280 4896 3601 4967 Βαπτιστὴς

2024 4985 2294 5052 Ἰωάννης,
2336 4985 2432 5036 σὺν
2469 4986 2690 5057 Ἰωάννῃ
2713 4986 2790 5054 τῷ
2829 4987 3030 5055 μᾶλλον
3056 4987 3164 5039 τῶν
3194 4987 3371 5039 ἄλλων
3424 5004 3596 5049 πεφι-

2009 5077 2228 5146 λημένῳ
2261 5077 2338 5144 τῷ
2395 5079 2614 5146 Χριστῷ
2673 5080 2954 5150 μαθητῶν,
3005 5082 3097 5132 καὶ
3153 5080 3229 5146 τῷ
3266 5079 3458 5147 χρυσῷ
3491 5079 3600 5150 τὴν

2011 5168 2251 5234 γλῶτταν
2295 5169 2548 5238 Ἰωάννῃ·
2582 5170 2610 5221 ὁ
2645 5171 2743 5240 μὲν
2791 5171 3021 5240 ἱστορῶν
3051 5188 3108 5222 τε
3139 5173 3232 5223 καὶ
3265 5173 3599 5240 συγγραφό-

2013 5276 2191 5327 μενος,
2219 5261 2246 5311 6
2281 5261 2337 5312 δὲ
2363 5261 2454 5313 τοῦ
2492 5263 2726 5331 Χριστοῦ
2781 5264 3090 5333 ῐιρόδρομος
3134 5263 3225 5314 καὶ
3273 5263 3596 5333 Βαπτιστὴς

2009 5352 2202 5418 λέγων,
2247 5353 2348 5404 οὐκ
2387 5354 2450 5404 ὲκ
2487 5355 2682 5423 μέτρου
2732 5355 2970 5406 δίδοσθαι
3005 5357 3158 5424 παρὰ
3199 5355 3334 5406 Θεοῦ
3375 5355 3600 5424 [ἰατρὸς

2010 5441 2071 5492 τὸ
2101 5439 2319 5504 Πνεῦμα
2350 5441 2424 5510 τῷ
2462 5442 2716 5511 Χριστῷ·
2748 5444 2777 5494 ὁ
2815 5443 2872 5495 δὲ
2899 5445 3324 5514 χρυσορρήμων,
3360 5443 3602 5512 ἐξηγού-

2013 5550 2172 5603 μενος
2204 5535 2295 5584 καὶ
2323 5532 2567 5602 γράφων,
2603 5535 2684 5585 ὅτι
2706 5534 2765 5585 τὸ
2792 5533 3013 5604 Πνεῦμα
3048 5533 3278 5588 ἐνταῦθα
3308 5535 3407 5605 τὴν
3435 5537 3601 5605 ἐνέρ-

2010 5643 2166 5692 γειαν
2193 5624 2360 5692 λέγει.
2391 5627 2594 5688 Πάντες
2622 5628 2730 5697 γὰρ
2753 5630 2931 5696 ἡμεῖς,
2967 5627 3151 5698 μέτρῳ
3171 5627 3268 5696 τὴν
3288 5628 3382 5680 τοῦ
3413 5629 3596 5682 Πνεῦ-
