3994 6206
327 222 458 286 1191

1569 213 1614 270 G
1633 207 1957 269 REGORII
2021 206 2267 266 PALAM
2287 207 2346 261 .‘ltl

3440 203 3584 266 Ηθὲ

326 351 432 402 que
465 347 563 385 nee
595 331 758 384 Deus.
789 328 928 398 Ergo
959 327 1210 381 distincta
1241 336 1318 379 es:
1345 340 1383 401 _a
1410 323 1590 377 divina
1619 322 1896 373 voluntate

2022 323 2222 392 iaov,ﬁ
2288 322 2361 391 μὴ
2436 317 2570 372 εἶναι
2625 317 2848 386 ἀγαθὸν,
2901 316 3098 370 ταυτὸν
3144 315 3188 368 δ’
3239 317 3414 368 είπεῖν
3455 318 3580 369 οὐδὲ

327 426 690 494 praascientia,
728 439 858 491 ergo
890 431 945 476 et
982 431 1208 488 utraque
1237 436 1267 472 a
1307 419 1489 472 divina
1526 415 1788 469 essentia.

406 694 526 746 lOl.
569 693 623 744 Si
682 691 884 744 nullam
923 690 1066 742 inter
1096 705 1156 743 se
1206 688 1443 742 habeant
1500 688 1897 740 distinctionem

333 789 528 841 divina:
554 786 920 853 operationes,
949 783 1156 836 creatio
1183 783 1346 850 igitur
1370 797 1396 832 a
1423 779 1758 846 pra-scientia
1793 794 1897 831 non

330 884 433 935 erit
461 882 740 935 distincta.
780 881 856 931 Ae
889 877 1116 944 proimle
1148 877 1273 944 quia
1313 875 1452 928 Deus
1485 874 1644 941 cmpit
1689 889 1898 936 creare,

327 989 456 1039 ergo
488 981 542 1026 et
584 974 833 1038 praescire
866 969 1047 1036 etrapit.
1078 967 1142 1019 Et
1190 967 1463 1033 quomodo
1497 965 1636 1017 Deus
1677 974 1782 1026 est,
1809 963 1898 1032 qui

328 1082 435 1118 non
468 1065 646 1116 munia
684 1075 808 1115 ante
841 1063 1036 1115 saecula
1061 1059 1368 1128 pra‘seivitl

401 1157 524 1208 102.
562 1154 616 1206 Si
648 1155 781 1206 nihil
813 1154 1068 1207 distincta
1125 1152 1196 1204 sit
1235 1166 1262 1202 a
1314 1150 1500 1204 divina
1562 1151 1900 1220 praeseientia

329 1249 560 1300 creatrix
588 1247 676 1300 Dei
703 1248 961 1314 operatio,
996 1246 1310 1308 praescienti
1355 1258 1550 1296 comma
1571 1253 1731 1295 erunt
1753 1258 1905 1294 erea-

335 1347 494 1400 turaz,
531 1338 597 1388 ab
629 1347 833 1389 aeterno
864 1346 1102 1398 creatae;
1138 1351 1262 1387 nam
1299 1333 1388 1387 ille
1413 1337 1478 1386 ab
1505 1342 1711 1385 mterno
1743 1348 1903 1384 crea~

334 1440 431 1490 ret,
464 1430 587 1497 quia
626 1439 680 1479 et
709 1429 819 1496 ipse
853 1428 919 1480 ab
973 1437 1176 1480 :eteruo
1231 1427 1467 1494 pI‘EBSCll,
1500 1437 1554 1479 et
1608 1425 1856 1492 przescita
1884 1465 1900 1490 ,

334 1522 403 1574 ab
438 1529 640 1574 artcrno
667 1519 1040 1588 praeseiuntur.
1059 1519 1126 1569 At
1143 1520 1410 1586 quomodo
1431 1527 1574 1571 esset
1601 1515 1763 1582 Deus,
1783 1532 1904 1571 cum

335 1613 450 1683 ejus
491 1627 654 1682 Opera
689 1613 802 1681 ipso
837 1613 1133 1680 posteriora
1167 1625 1273 1665 non
1305 1609 1534 1665 essent?

415 1887 536 1942 I05.
591 1887 647 1938 Si
684 1886 910 1940 minime
939 1884 1198 1940 distincta
1250 1885 1321 1938 sit
1363 1901 1392 1938 a
1427 1883 1518 1939 Dei
1569 1886 1906 1954 prmseientia

337 1980 574 2033 creatrix
627 1978 893 2047 operatio,
932 1980 1138 2033 creatio
1187 1995 1292 2032 non
1341 1979 1583 2047 subiacet
1615 1978 1906 2042 voluntati,

317 2053 462 2122 eum
499 2068 572 2122 sit
603 2069 833 2137 ipsamet
888 2070 1268 2137 praescieutia;
1305 2083 1404 2121 nec
1453 2069 1730 2121 voluntate
1761 2077 1910 2121 creat

338 2164 500 2234 Dens.
539 2163 632 2216 sed
679 2162 792 2216 sola
823 2171 1037 2214 natura.
1075 2160 1140 2214 Et
1169 2162 1440 2230 quomodo
1468 2161 1630 2228 Deus,
1670 2163 1762 2230 qui
1790 2166 1908 2218 sine

337 2256 616 2308 Voluntate
653 2252 910 2308 crearet?

405 2347 530 2401 I04.
571 2347 710 2398 Dens
733 2355 816 2401 cst
849 2351 962 2415 ipse
1003 2349 1054 2399 in
1097 2347 1302 2415 seipso,
1332 2346 1461 2414 quia
1506 2355 1616 2400 tres
1663 2358 1909 2414 pet-sonte

303 2438 716 2492 -connaturales
756 2449 809 2491 et
844 2448 1129 2493 cozeternze
1175 2439 1276 2494 sibi
1314 2439 1540 2491 invicem
1574 2449 1720 2502 sunt,
1755 2447 1806 2490 et
1852 2451 1911 2490 se

340 2531 569 2583 invii-ein
598 2532 714 2582 sine
748 2530 1127 2584 commistione
1183 2538 1612 2597 eotupenetrant.
1650 2529 1706 2581 In
1735 2531 1912 2581 omni-

338 2624 437 2676 bus
469 2632 647 2676 autem
683 2631 766 2676 est
797 2620 956 2687 Deus,
985 2632 1042 2676 et
1091 2622 1278 2675 omnia
1313 2622 1365 2674 in
1402 2636 1492 2684 eo,
1528 2621 1644 2688 ipse
1679 2619 1902 2687 quidem

342 2729 398 2769 ut
437 2731 791 2776 conservans,
829 2716 942 2768 haec
966 2729 1094 2768 vero
1116 2723 1176 2766 ut
1209 2725 1528 2769 conservata
1571 2730 1585 2770 ;
1621 2729 1756 2779 ergo
1777 2709 1909 2767 con;

341 2811 692 2862 servatricem
759 2808 848 2860 Dei
906 2810 1316 2874 operationem,
1365 2815 1418 2860 et
1467 2821 1570 2859 non
1617 2805 1908 2860 essentiam

340 2901 520 2952 onmia
548 2900 899 2967 participant.
931 2898 1115 2965 Itaque
1138 2896 1374 2965 theologi
1411 2897 1781 2964 operationem
1815 2895 1907 2950 Dei

342 3000 539 3044 vocant
577 2992 746 3059 ipsam
779 2991 900 3059 ejus
941 2991 1142 3059 ubique
1179 2992 1550 3058 przesenliam.

414 3169 536 3223 105.
579 3167 848 3222 Praeterea
878 3167 970 3231 qui
1022 3167 1130 3220 Deo
1161 3167 1378 3234 placent
1414 3176 1470 3221 et
1508 3165 1638 3219 illud
1668 3166 1733 3219 ad
1767 3167 1911 3235 quod

349 3259 475 3313 lacti
523 3269 652 3312 sunt
690 3257 991 3326 possident,
1047 3257 1097 3309 id
1152 3269 1255 3320 est,
1308 3256 1725 3320 deiﬁcationem,
1761 3257 1914 3324 juxta

344 3351 520 3405 Patris
552 3351 809 3413 eﬂatum;
849 3367 866 3400 ι
903 3347 983 3404 Ad
1024 3348 1124 3402 hoc
1181 3364 1279 3401 nos
1322 3347 1452 3402 fecit
1487 3349 1650 3413 Deus,
1693 3359 1751 3402 ut
1785 3364 1917 3403 con-

343 3457 518 3499 sortes
573 3445 776 3498 faceret
809 3442 1043 3512 propria:
1095 3441 1435 3508 divinitatis;
1479 3458 1495 3490 ι
1540 3442 1615 3496 illi
1649 3440 1810 3512 igitur
1861 3442 1912 3492 in

345 3539 452 3590 Dt-o
481 3544 608 3590 sunt
633 3545 690 3589 ut
715 3536 784 3589 ab
817 3549 881 3588 eo
912 3535 1170 3592 deificati.
1193 3541 1248 3586 et
1295 3532 1442 3602 Deus
1475 3545 1556 3588 est
1607 3535 1659 3587 in
1700 3536 1829 3602 ipsis
1858 3544 1914 3586 ut

345 3647 438 3684 eus
466 3630 743 3684 deilicans.
795 3628 939 3698 Ergo
965 3637 1021 3682 et
1076 3629 1178 3697 ipsi
1222 3627 1462 3681 divinam
1511 3629 1913 3696 operationem,

346 3725 470 3777 licet
506 3724 608 3776 alio
644 3722 823 3782 modo.
852 3723 946 3776 sed
975 3738 1077 3775 non
1111 3723 1408 3777 essentiam
1449 3723 1538 3776 Dei
1566 3723 1913 3791 participant.

347 3815 532 3881 Itaque
557 3814 791 3883 theologi
829 3813 1168 3868 divinitatem
1201 3827 1326 3868 esse
1356 3815 1552 3868 divina:
1583 3813 1916 3884 operationis

347 3925 541 3962 nomen
567 3909 770 3962 dicunt.

419 4092 543 4146 106.
595 4089 819 4144 Omnem
856 4090 1272 4159 supereminens
1305 4091 1598 4145 essentiam
1641 4092 1918 4160 vitamque

349 4185 767 4238 etdivinitatem
812 4195 974 4252 atque
1025 4184 1320 4236 bonitatem
1375 4194 1592 4247 natura,
1645 4195 1917 4250 quatenus

355 4279 649 4330 bonitatem
678 4292 740 4330 ae
763 4276 1098 4329 divinitatem
1129 4285 1184 4329 et
1205 4275 1308 4327 alia
1329 4274 1642 4344 huiusmodi
1673 4285 1916 4342 superat,

1999 413 2154 466 Θεόν.
2185 413 2442 481 Διαφέρει
2498 409 2791 479 τοιγαροῦν
2846 408 2944 476 τῆς
3007 407 3157 470 θείας
3207 406 3482 473 θελήσεως
3542 410 3577 477 ὴ

1999 505 2332 574 πρόγνωσις,
2387 502 2584 556 οὐκοῦν
2623 503 2716 555 καὶ
2754 501 2854 571 τῆς
2903 499 3055 563 θείας
3093 498 3284 570 οὐρίας
3339 499 3578 569 ἑκατέρα

1998 596 2222 653 τούτων.

2071 685 2174 752 ρα’.
2206 687 2268 740 El
2303 688 2377 756 μὴ
2409 687 2544 756 πρὸς
2575 687 2803 756 ἀλλήλας
2845 687 3025 756 ἔχουσι
3053 686 3314 756 διαφορὰν
3341 687 3395 740 αἱ
3427 684 3574 743 θεῖαι

1999 775 2268 845 ἐνέργειαι
2286 815 2300 838 ,
2321 776 2414 826 καὶ
2436 775 2495 826 τὸ
2509 775 2838 844 δημιουργὸν
2860 775 3040 827 λοιπὸν
3062 775 3156 827 τοῦ
3177 778 3580 844 προγινώσκειν

1999 867 2058 918 οὐ
2089 866 2411 936 διενήνοχεν
2447 867 2569 918 ἐπεὶ
2591 862 2683 920 οὖν
2713 867 2916 936 ἧρξατό
2943 883 3072 918 ποτε
3091 866 3134 936 _6
3153 865 3286 929 Θεὸς
3314 866 3581 938 δημιουρ-

1999 959 2115 1024 γεῖν
2171 959 2265 1008 καὶ
2334 956 2752 1025 προγινώσκειν,
2806 958 3010 1026 ἡρξατο
3056 957 3262 1010 λοιπόν.
3297 959 3406 1010 Καὶ
3459 958 3580 1021 πῶς

2000 1049 2152 1111 Θεὸς,
2187 1048 2215 1099 6
2243 1048 2315 1116 μὴ
2347 1047 2453 1116 πρὸ
2489 1045 2700 1099 αἰώνων
2734 1049 2802 1099 τὰ
2833 1047 3008 1100 πάντα
3035 1047 3297 1118 προειδώς
3326 1064 3342 1112 ;

2073 1139 2174 1211 ρβ’.
2215 1142 2277 1192 El
2309 1140 2473 1209 μηδὲν
2521 1139 2770 1209 διαφέρει
2806 1139 2907 1208 τῆς
2942 1139 3093 1199 θείας
3137 1138 3501 1208 προγνώσεως
3543 1141 3578 1205 ἡ

2001 1233 2095 1285 τοῦ
2127 1231 2260 1283 Θεοῦ
2287 1232 2657 1300 δημιουργικὴ
2709 1229 2980 1299 ἐνέργεια.
3020 1233 3086 1299 τῇ
3143 1229 3451 1299 προγνώσει
3483 1230 3582 1281 τοῦ

2001 1323 2139 1376 Θεοῦ
2171 1322 2444 1392 σύνδρομα
2474 1323 2624 1374 ἔσται
2671 1321 2739 1374 τὰ
2789 1321 3271 1391 δημιουργήματα,
3315 1320 3584 1390 δημιουρ-

2005 1414 2246 1483 γούμενα
2276 1412 2550 1481 ἀνάρχως,
2579 1412 2656 1473 ὡς
2686 1411 2941 1480 ἀνάρχως
2974 1411 3139 1463 αὑτοῦ
3180 1411 3583 1480 δημιουργοῦνο

2004 1523 2113 1569 τος,
2144 1507 2264 1558 ἐπεὶ
2290 1505 2381 1556 καὶ
2405 1504 2656 1573 ἀνάρχως
2683 1503 2848 1564 αὐτός
2875 1519 2932 1554 τε
2965 1501 3354 1572 προγινώσκει,
3389 1502 3483 1554 καὶ
3516 1501 3586 1553 τὰ

2008 1598 2495 1669 προγινωσκόμενα
2529 1595 2780 1664 ἀνάρχως
2819 1593 3276 1662 προγινώσκεται.
3320 1594 3430 1647 Καὶ
3464 1595 3584 1654 πῶς

1942 1658 2157 1753 ΒΘεὸς,
2219 1688 2329 1740 τῶν
2402 1687 2725 1756 ποιημάτων
2787 1685 2952 1738 αὑτοῦ
3009 1683 3273 1755 μηδαμῶς
3338 1684 3587 1754 ὑστέρων

2007 1782 2174 1833 ὄντων
2200 1795 2215 1845 ;

2083 1869 2186 1942 ργ’.
2219 1871 2278 1922 El
2310 1868 2476 1939 μηδὲν
2501 1868 2744 1938 διαφέρει
2779 1867 2876 1936 τῆς
2910 1867 3003 1920 τοῦ
3038 1864 3174 1918 Θεοῦ
3223 1864 3589 1935 προγνώσεως

2009 1965 2042 2031 ἡ
2077 1962 2440 2031 δημιουργικὴ
2475 1961 2748 2029 ἐνέργεια,
2789 1959 2910 2013 οὐδὲ
2953 1959 3016 2010 τὸ
3063 1958 3420 2028 δημιουργεῖν
3454 1958 3589 2008 61:6-

2013 2070 2187 2104 κειται
2233 2051 2453 2120 θελήσει
2479 2067 2492 2080 °
2525 2051 2650 2102 ἐπεὶ
2697 2050 2752 2100 δὲ
2793 2051 2826 2119 ή
2860 2048 3188 2119 πρόγνωσις,
3227 2049 3347 2100 οὐδὲ
3388 2046 3467 2115 τῷ
3498 2047 3591 2097 θέ-

2012 2147 2126 2199 λειν
2165 2145 2493 2214 δημιουργεῖ
2518 2143 2670 2207 Θεὸς,
2730 2141 2867 2195 ἀλλὰ
2916 2142 2978 2194 τὸ
3029 2140 3335 2206 πεφυκέναι
3387 2139 3587 2208 μόνον’

2014 2238 2106 2290 καὶ
2142 2237 2257 2299 πῶς
2287 2235 2438 2298 Θεὸς,
2465 2237 2493 2287 ὁ
2513 2233 2782 2303 θελήσεως
2811 2231 3161 2303 δημιουργῶν
3197 2231 3364 2299 χωρίς
3394 2247 3408 2293 ;

2087 2328 2180 2399 ρδ’.
2216 2327 2275 2379 '0
2310 2326 2440 2387 Θεὸς
2473 2325 2632 2386 αὐτὸς
2691 2325 2791 2391 μέν
2830 2324 2977 2374 ἐστιν
3023 2324 3081 2373 ἐν
3127 2321 3322 2388 ἑαυτῷ,
3370 2319 3446 2382 ὡς
3485 2320 3596 2371 τῶν

2012 2421 2182 2492 τριῶν
2214 2420 2370 2472 θείων
2395 2417 2772 2479 ὑποστάσεων,
2810 2413 3074 2484 συμφυῶς
3129 2414 3224 2466 καὶ
3252 2413 3440 2473 ἀϊδίως
3470 2413 3592 2480 ὲχο-

2016 2518 2193 2584 μένων
2221 2514 2487 2582 ἀλλήλων,
2516 2511 2612 2564 καὶ
2643 2509 2900 2578 ἀφύρτως
2931 2505 3358 2577 περιχωρουσῶν
3390 2507 3472 2565 είς
3495 2504 3596 2556 ἀλ-

2016 2609 2179 2676 λήλας
2203 2620 2218 2636 ⁶
2259 2607 2317 2658 ὲν
2341 2604 2418 2673 τῷ
2444 2602 2608 2656 παντὶ
2628 2600 2685 2653 δέ
2713 2603 2859 2652 ὲστιν
2895 2602 2922 2653 6
2972 2599 3128 2661 Θεὸς,
3162 2599 3252 2649 καὶ
3283 2597 3344 2649 τὸ
3375 2598 3484 2648 πᾶν
3536 2598 3599 2646 ἐν

2013 2699 2092 2768 τῷ
2118 2698 2257 2768 Θεῷ,
2287 2699 2315 2750 6
2349 2696 2446 2765 μὲν
2470 2695 2546 2758 ώς
2571 2694 2834 2763 συνέχων,
2860 2692 2920 2745 τὸ
2946 2692 3002 2745 δὲ
3029 2691 3102 2753 ώς
3134 2689 3225 2742 ὑπ’
3252 2690 3417 2742 αὑτοῦ
3436 2707 3561 2744 ,συν
3578 2721 3594 2727 -

2014 2792 2312 2861 εχόμενονο
2351 2787 2548 2841 οὐκοῦν
2587 2787 2684 2840 καὶ
2745 2787 2842 2856 τῆς
2902 2785 3226 2850 συνεκτικῆς
3275 2783 3588 2850 ἐνεργείας,

2014 2883 2129 2936 ἀλλ’
2163 2881 2283 2949 οὐχὶ
2336 2879 2437 2948 τῆς
2481 2879 2667 2940 οὐσίας
2707 2879 2773 2931 τὰ
2811 2878 2989 2929 πάντα
3049 2877 3262 2945 μετέχει
3293 2874 3385 2925 τοῦ
3432 2874 3597 2926 Θεοῦ.

1935 2997 1982 3054 c
2016 2973 2180 3029 Ταῦτ’
2219 2975 2327 3044 ἄρα
2379 2972 2474 3026 καὶ
2527 2973 2577 3025 οί
2647 2970 2886 3037 θεολόγοι
2947 2969 3225 3039 ἐνέργειαν
3282 2984 3414 3034 φασι
3461 2965 3599 3017 Θεοῦ

2017 3063 2179 3128 εἶναι,
2211 3067 2270 3118 τὸ
2308 3061 2446 3117 εἶναι
2475 3063 2662 3115 τοῧτον
2691 3060 2988 3129 πανταχοῦ.

2089 3162 2186 3227 ρε’.
2224 3156 2329 3209 Καὶ
2358 3157 2404 3207 οἱ
2430 3155 2508 3225 τῷ
2540 3154 2659 3221 Θεῷ
2688 3152 3184 3224 εὐαρεστὴσαντες.
3214 3150 3308 3202 καί
3341 3149 3436 3201 τοῦ
3458 3149 3531 3201 δι’
3565 3148 3593 3200 δ
3643 3202 3648 3205 ,

2019 3249 2280 3316 γεγόνασι
2333 3247 2711 3314 ἐπιτυχόντες,
2747 3243 2990 3296 τουτέστι
3023 3241 3124 3310 τῆς
3179 3238 3452 3301 θεώσεως.
3504 3239 3600 3301 El;

2023 3339 2183 3394 τοῦτο
2205 3340 2335 3409 γὰρ,
2377 3337 2529 3405 φασὶ,
2578 3336 2879 3402 πεποίηκεν
2927 3335 3076 3403 ἡμᾶς
3114 3333 3142 3385 6
3179 3331 3330 3394 Θεὸς,
3364 3330 3450 3382 ἵνα
3486 3346 3606 3380 κοι-

2019 3431 2218 3492 νωνοὺς
2251 3429 2453 3500 ποιήσῃ
2481 3427 2580 3496 τῆς
2601 3427 2811 3488 οἰκείας
2834 3425 3110 3492 θεότητος,
3138 3425 3231 3476 καὶ⁵
3288 3422 3337 3473 οί
3365 3420 3602 3472 τοιοῦτοι

2019 3521 2198 3573 τοίνυν
2232 3520 2288 3571 ὲν
2319 3519 2397 3588 τῷ
2416 3517 2535 3586 Θεῷ
2555 3520 2695 3570 εἰσιν
2726 3517 2802 3577 ὡς
2824 3514 2916 3567 ὑπ’
2961 3513 3126 3566 αὐτοῦ
3163 3511 3598 3580 θεοποιούμενοι,

2019 3611 2115 3664 καὶ
2145 3612 2172 3662 6
2201 3610 2333 3672 Θεὸς
2383 3611 2440 3661 ὲν
2468 3610 2672 3671 αὑτοῖς.
2703 3609 2778 3670 ὡς
2830 3607 3096 3660 θεοποιῶν
3149 3603 3348 3668 αὐτούς
3418 3605 3592 3655 ἐστιν.

2021 3699 2229 3753 Οὐκοῦν
2259 3698 2353 3751 καὶ
2386 3698 2540 3752 αὐτοὶ
2575 3699 2676 3766 τῆς
2718 3697 2871 3758 θείας
2906 3695 3208 3766 ἐνεργείας,
3245 3695 3294 3746 εί
3338 3694 3435 3746 καὶ
3468 3693 3597 3762 τρό⁸

2019 3810 2120 3845 πον
2151 3792 2358 3862 ἕτερον,
2404 3791 2520 3844 ἀλλ’
2555 3791 2676 3860 οὐχὶ
2728 3790 2826 3858 τῆς
2889 3788 3080 3846 οὐσίας
3132 3785 3228 3838 τοῦ
3273 3785 3412 3837 Θεοῦ
3466 3803 3602 3852 μετο

2023 3885 2225 3956 έχουσι.
2271 3883 2364 3936 Διὸ
2425 3882 2520 3935 καὶ
2567 3882 2618 3934 οἱ
2671 3863 2912 3956 θεολόγοι
2964 3879 3061 3948 τῆς
3109 3877 3257 3940 θείας
3319 3876 3604 3944 hiematur;

2021 3954 2160 4032 εἶναι
2190 3976 2360 4046 δνομα
2383 3973 2482 4045 τὴν
2515 3954 2746 4042 θεότητᾶ
2770 3987 2957 4040 φασιν.
3040 3988 3045 4002 ο

2099 4089 2209 4160 pg’.
2255 4088 2318 4141 Ἥ
2350 4085 2696 4156 ὑπερούσιος,
2727 4084 2824 4137 καὶ
2857 4067 3162 4154 ὖπέρζωος,
3193 4078 3289 4133 καὶ
3311 4079 3604 4147 ὑπέρθεος,

2025 4185 2119 4237 καὶ
2152 4180 2496 4253 ὑπεράγαθος
2524 4180 2706 4249 φύσις,
2799 4173 3146 4247 ⁹ἷνιιεεράγαθός
3171 4174 3284 4224 ἔστι
3316 4171 3414 4222 xui.
3436 4168 3611 4234 ὑπέρ·

2027 4277 2144 4338 θεος
2202 4275 2298 4328 καὶ
2343 4273 2412 4326 τὰ
2455 4273 2701 4336 τοιαῦτα,
2761 4268 2884 4322 οὔτε
2923 4266 3164 4334 λέγεται,
3197 4261 3322 4315 οὔτε
3375 4262 3609 4319 νοεῖται,

353 4384 450 4421 nec
507 4367 835 4430 nominatur,
891 4381 991 4418 nec
1043 4364 1385 4432 intelligitur,
1441 4380 1542 4419 nec
1598 4367 1708 4418 ullo
1755 4368 1913 4420 modo

2026 4368 2147 4422 οὔτε
2174 4368 2312 4429 ὅλως
2335 4382 2453 4428 πως
2476 4364 2785 4433 θεωρεῖται,
2805 4361 2894 4413 διὰ
2919 4358 3002 4422 τὸ,
3031 4358 3245 4409 πάντων
3266 4351 3608 4420 ἐξῃρημένη.

352 4461 616 4523 cernitur,
649 4459 777 4525 quia
821 4456 1076 4510 omnibus
1137 4457 1296 4526 longe
1329 4467 1593 4524 prmstans
1623 4468 1678 4510 et
1737 4459 1918 4526 igttOla

353 4560 458 4612 est,
496 4560 549 4602 et
600 4550 730 4618 ipsis
775 4549 1089 4603 coelestibus
1120 4548 1400 4617 spiritibus
1432 4552 1792 4618 supersedens
1835 4551 1920 4604 in-

353 4642 822 4712 cnmprehensibili
883 4642 1145 4710 potentia,
1176 4651 1231 4695 et
1264 4642 1517 4696 omnibus
1565 4644 1786 4696 omnino
1835 4647 1920 4696 in-

354 4736 705 4802 iutelligibilis
755 4744 809 4788 et
855 4729 1143 4788 iuellabllis
1193 4750 1429 4802 semper.
1487 4734 1727 4802 Namque
1781 4735 1922 4788 illius

354 4842 455 4879 non
485 4838 569 4880 est
626 4841 820 4880 nomen
876 4828 928 4879 in
967 4827 1220 4894 prtesenti
1281 4826 1479 4880 szeculo
1512 4826 1593 4879 vel
1643 4827 1695 4878 in
1741 4825 1922 4879 futuro

356 4922 716 4984 nominatum,
761 4935 859 4972 nec
902 4934 1085 4973 Sermo
1140 4919 1192 4971 in
1243 4919 1420 4971 anima
1481 4927 1781 4986 conceptus
1837 4917 1923 4970 vel

356 5015 535 5082 lingua
567 5014 832 5079 prolatus,
869 5025 968 5064 nec
1002 5019 1179 5064 laetus
1218 5020 1308 5062 aut
1339 5009 1616 5076 perceptio
1651 5008 1923 5061 sensualis

357 5108 435 5157 vitl
464 5105 868 5167 intellectualis,
905 5102 1014 5153 into
1049 5116 1146 5154 nec
1186 5101 1293 5153 ulla
1349 5098 1693 5163 imaginatio.
1732 5099 1924 5166 Itaque

358 5198 592 5262 theologi
623 5196 809 5249 dicunt
841 5193 1053 5246 aliiuius
1083 5208 1205 5245 eam
1241 5193 1422 5246 vocari
1455 5191 1921 5260 propositionibus

358 5289 747 5359 peril-ctissime
771 5284 1399 5354 incomprehensihilem,
1427 5284 1552 5352 quia
1575 5283 1755 5335 omnia
1781 5297 1926 5349 qum-

357 5397 567 5453 cnnqne
619 5391 745 5435 sunt
770 5379 1115 5447 aliquatenus
1147 5386 1274 5431 sunt
1302 5377 1385 5430 vel
1417 5377 1674 5430 dicuntur
1701 5390 1924 5442 supere-

359 5479 628 5530 minenter
666 5471 897 5537 excedit,
939 5470 1010 5524 ita
1065 5478 1123 5522 ut
1151 5465 1300 5522 illam
1337 5482 1404 5522 ne
1436 5469 1584 5536 justo
1617 5466 1835 5536 quidem
1872 5475 1926 5520 et

359 5568 576 5635 proprio
611 5565 832 5618 nomine
863 5565 1158 5618 essentiam
1189 5573 1243 5616 et
1276 5570 1523 5614 naturam
1566 5575 1924 5626 nuncupave-

364 5656 433 5706 rit
468 5660 783 5723 quicunque
839 5654 1082 5709 veritatis
1135 5655 1357 5707 veritate
1428 5650 1575 5706 omni
1632 5649 1928 5718 superioris

2029 4461 2123 4513 καὶ
2181 4458 2602 4528 ὑπεράγνωστος
2658 4448 2820 4513 εἶναι,
2879 4451 2975 4503 καὶ
3029 4449 3139 4500 τῶν
3190 4443 3610 4514 ὑπερθυρανὶων

2028 4553 2161 4605 νόων
2191 4546 2597 4618 ὑπεριδρυμένη
2633 4543 2992 4612 ἁπεριλήπτῳ
3040 4539 3292 4606 δυνάμει,
3342 4536 3439 4588 καὶ
3469 4534 3609 4584 nit:

2027 4645 2202 4713 πάντη
2227 4639 2466 4710 ἄληπτός
2483 4655 2540 4690 τε
2564 4639 2658 4688 καὶ
2689 4637 2927 4707 apem;
2966 4631 3074 4684 αἰεί
3101 4646 3115 4660 ο
3149 4627 3269 4680 οὐδὲ
3295 4626 3408 4693 γὰρ
3433 4623 3614 4689 διιομὰ

2028 4737 2175 4787 ἐστιν
2213 4732 2384 4800 αὐτῆς
2423 4728 2567 4781 κατὰ
2589 4727 2680 4780 τὸν
2711 4724 2806 4778 νῦν
2857 4722 3049 4784 αἰῶνα,
3085 4719 3118 4790 ἢ
3151 4717 3293 4771 κατὰ
3338 4716 3431 4767 τὸν
3472 4713 3613 4781 μέλ·-

2025 4827 2182 4879 λοντα
2216 4820 2638 4892 ὀνομαζόμενον,
2673 4819 2732 4870 οὐ
2788 4816 2948 4883 λόγος
2983 4816 3041 4866 ὲν
3082 4813 3230 4882 ψυχῇ
3273 4807 3615 4874 συνιστάμε-

2024 4934 2132 4980 νος,
2173 4916 2204 4986 ἢ
2253 4914 2340 4967 διὰ
2391 4910 2639 4981 γλώττης
2674 4906 3103 4978 προφερόμενος.
3153 4903 3252 4954 οὐκ
3285 4900 3472 4967 ὲπαφή
3525 4915 3616 4960 τις

2023 5008 2117 5061 καὶ
2141 5005 2358 5078 μέθεξις
2391 5000 2644 5071 αἰσθητὴ,
2684 5001 2717 5070 ἦ
2753 5000 2938 5069 νοερὰ.
2978 4995 3094 5048 ἀλλ’
3143 4993 3266 5046 οὐδὲ
3329 4989 3617 5057 φαντασία

2025 5101 2180 5162 ὅλως.
2213 5098 2304 5150 Διὸ
2332 5098 2381 5150 οί
2411 5094 2653 5160 θεολόγοι
2682 5089 3064 5160 πλησιωτέραν
3105 5086 3243 5153 αὐτῇ
3283 5080 3488 5152 μᾶλλον
3518 5080 3615 5131 τί·

2025 5194 2227 5246 θενται.
2267 5183 2365 5255 τῆν
2413 5185 2481 5237 δι’
2530 5183 2860 5252 ἀποφάσεων
2921 5176 3265 5244 τελεωτάτην
3325 5166 3614 5238 ἀκαταλη-

2021 5283 2171 5353 ψίαν,
2207 5280 2282 5342 ὡς
2337 5277 2517 5331 πάντα
2543 5276 2644 5328 ὅσα
2705 5268 2872 5336 ἐστὶν,
2909 5272 2942 5341 ἢ
2987 5269 3122 5330 ὅλως
3157 5266 3400 5334 λέγεται,
3437 5263 3618 5331 ὑπερ-

2021 5371 2220 5443 οχικῶς
2245 5367 2678 5439 ἀφαιρουμένην·
2703 5365 2796 5418 καὶ
2817 5363 3018 5426 τοίνυν,
3044 5359 3155 5412 οὐδ’
3186 5356 3378 5411 οὐσίαν
3403 5354 3612 5424 αὐτὴν,

2024 5463 2058 5536 ἦ
2093 5463 2275 5531 φύσιν,
2304 5460 2574 5529 ὀνομάσαι
2603 5455 2843 5522 θεμιτὸν,
2876 5451 3216 5522 ὀνομάζοντα
3239 5446 3483 5517 κυρίως,
3518 5446 3620 5497 ὅσ-

2023 5573 2109 5619 τις
2134 5555 2271 5624 ὑπὲρ
2294 5553 2478 5604 πᾶσαν
2497 5550 2754 5619 ἀλήθειαν
2776 5548 3037 5617 ἀληθείας
3057 5540 3411 5610 ἐπιγνώμων.
3453 5539 3620 5590 Ἐπεὶ

2024 5649 2067 5700 δ’
2099 5646 2252 5707 αὖθις
2280 5647 2497 5698 πάντων
2529 5642 2676 5698 ἐστὶν
2699 5640 2865 5703 αἰτία,
2905 5639 2999 5690 καὶ
3026 5637 3155 5704 περὶ
3189 5633 3360 5702 αὐτὴν
3402 5631 3616 5692 πάντα,
