3994 6206
317 291 458 355 1193

320 419 414 472 καὶ
466 416 634 486 αὐτῆς
666 415 847 481 ἕνεκα,
880 415 974 468 καὶ
1005 414 1142 484 αὐτή
1188 413 1307 465 ἐστι
1360 410 1468 482 πρὸ
1516 407 1761 466 πάντων,
1801 397 1896 452 καὶ

318 509 505 571 ἁπλῶς
533 509 626 560 καὶ
650 506 1047 577 ἀπεριορίστως
1068 507 1126 557 ὲν
1160 504 1327 573 ἑαυτῇ
1357 502 1578 557 ἅπαντα
1627 492 1893 566 προείλη-

317 619 437 669 φεν,
470 603 534 653 ἐκ
580 600 797 653 πάντων
819 599 989 668 αὐτὴν
1021 594 1372 667 ὀνομαστέον,
1410 582 1891 661 καταχρηστικῶς,

314 693 433 746 ἀλλ’
462 692 525 745 οὐ
550 691 776 761 κυρίως·
812 690 1008 744 οὐκοῦν
1037 690 1133 742 καὶ
1162 688 1351 741 οὐσίαν
1380 685 1551 755 αὐτὴν
1590 681 1688 735 καὶ
1732 674 1894 747 φύσιν

319 775 684 847 προσρητέον,
738 776 946 847 κυρίως
988 775 1045 828 δὲ
1098 775 1199 845 τὴν
1257 775 1568 830 οὐσιοποιὸν
1621 776 1717 831 τοῦ
1757 776 1895 831 Θεοῦ

318 869 545 935 πρόοδον
588 886 648 923 τε
690 869 785 922 καὶ
830 869 1147 940 ἐνέργειαν·
1194 867 1399 937 ταύτην
1430 868 1538 940 γὰρ
1576 868 1677 940 τὴν
1725 870 1896 933 ὅντως

317 957 489 1015 οὖσαν
512 961 607 1014 τοῦ
634 962 807 1025 ὅντως
836 960 989 1024 ὄντος
1015 960 1333 1031 θεολογικὴν
1376 962 1769 1032 οὐσιωνυμίαν,
1801 962 1897 1016 καὶ

315 1054 344 1105 ὁ
382 1055 557 1123 μέγας
589 1053 865 1117 Διονύσιός
894 1071 1079 1124 φησιν.

396 1211 492 1280 ρξ’.
527 1207 692 1280 Εὖροι
729 1227 812 1272 τις
846 1208 911 1263 ἂν
957 1208 1057 1279 τὴν
1101 1208 1201 1278 τῆς
1236 1210 1453 1278 φύσεως
1500 1209 1896 1278 προσηγορίαν,

322 1304 460 1356 κάπὶ
489 1302 598 1354 τῶν
628 1302 871 1370 φυσικῶς
901 1301 1213 1370 προσόντων
1240 1300 1551 1371 τιθεμένην,
1582 1299 1674 1352 ἐπί
1696 1316 1755 1352 τε
1792 1299 1901 1353 τῶν

320 1395 556 1454 κτιστῶς
592 1394 781 1460 ὄντων,
817 1396 909 1447 καὶ
958 1394 1053 1447 ἐπὶ
1097 1393 1192 1448 τοῦ
1245 1394 1413 1459 Θεοῦ,
1464 1393 1540 1457 ὡς
1577 1394 1671 1447 καὶ
1725 1394 1753 1446 ό
1789 1391 1899 1446 τῶν

323 1486 647 1557 Γρηγορίων
702 1484 1160 1555 θεολογικώτατός
1203 1485 1337 1555 φησί
1396 1502 1500 1539 που
1548 1485 1655 1538 τῶν
1712 1484 1898 1538 ἐπῶν

323 1578 436 1635 οἶδε
473 1583 583 1652 γὰρ
619 1581 861 1644 ἄνακτος
888 1579 1024 1651 ἐμοῦ
1080 1579 1241 1649 φύσις
1276 1579 1434 1633 ὄλϐον
1462 1579 1711 1644 ὀπάζειν.
1768 1579 1903 1633 Οὐδὲ

321 1677 430 1743 γὰρ
466 1674 527 1726 τὸ
560 1674 760 1727 διδόναι
812 1673 972 1742 φύσις
1015 1672 1242 1743 ὁτῳοῦν,
1275 1672 1412 1726 ἀλλὰ
1458 1673 1703 1742 φυσικῶς
1731 1674 1903 1744 πρόσ-

1235 287 1512 349 CAPITA
1556 281 1885 346 PHYSICA
1961 274 2479 341 THEOLOGICA,
2543 270 2705 332 ETC.

3447 262 3582 328 1194

2018 393 2328 464 indagator.
2391 387 2529 456 Quia
2588 382 2807 441 aliunde
2861 380 3104 438 omnium
3161 387 3246 435 est
3292 392 3475 441 causa,
3527 382 3583 429 et

1997 485 2182 542 omnia
2223 489 2348 539 sunt
2393 493 2558 551 penes
2623 492 2745 533 eam
2770 484 2825 532 et
2857 480 3077 545 propter
3108 484 3249 533 eam,
3271 476 3325 523 et
3364 468 3475 536 ipsa
3500 476 3584 520 est

1999 590 2125 636 ante
2188 579 2371 634 omnia
2414 621 2428 644 ,
2497 584 2553 631 et
2614 569 2943 641 simpliciter
2999 576 3056 622 et
3110 563 3583 629 incircumscripte

1997 674 2177 729 omnia
2216 672 2271 727 in
2303 671 2488 739 seipsa
2519 666 2849 739 prmhabuit,
2872 678 2938 718 ex
2967 658 3224 716 omnibus
3251 652 3579 713 nominanda

1998 774 2103 833 est,
2157 764 2442 837 analogice
2498 759 2745 831 quidem,
2780 772 2886 812 non
2939 752 3176 825 proprie,
3217 758 3274 805 et
3316 746 3439 802 ideo
3501 752 3585 798 est

2000 858 2242 914 essentia
2278 856 2393 925 ipsa
2425 862 2482 909 et
2513 860 2710 908 natura
2746 846 2992 903 vocanda
3033 853 3153 909 est;
3192 839 3414 912 pr0prie
3452 852 3583 890 vero

2000 950 2240 1006 creatrix
2269 947 2362 1002 Dei
2392 943 2675 1016 processio
2715 953 2769 998 et
2805 939 3070 1010 operatio.
3106 938 3254 991 hanc
3285 932 3431 987 enim
3460 943 3585 985 esse

2000 1057 2183 1096 veram
2226 1040 2337 1096 veri
2390 1037 2548 1094 Entis
2600 1032 3133 1094 denmninationem,
3180 1039 3411 1095 magnus
3451 1022 3585 1078 dicit

2002 1130 2322 1200 Dionysius.

2010 1242 2015 1245 ν
2074 1222 2200 1275 107.
2237 1220 2485 1275 Inveniet
2522 1215 2723 1286 aliquis
2758 1223 2964 1268 naturae
3003 1223 3205 1267 nomen
3239 1202 3446 1275 imponi
3482 1218 3584 1256 na-

2004 1312 2273 1369 turalibus
2303 1309 2754 1381 proprietatibus,
2785 1306 2900 1361 sive
2955 1304 3009 1357 in
3042 1301 3329 1363 creaturis,
3369 1298 3485 1350 sive
3532 1294 3587 1346 in

2006 1405 2200 1473 Deo,ut
2217 1398 2823 1470 acerrimusGregorios
2840 1398 2981 1452 inter
2995 1393 3274 1462 theologus
3296 1390 3372 1444 ait
3389 1386 3590 1443 alicubi

1952 1546 1957 1549 _
2004 1504 2335 1567 poematum.
2368 1513 2386 1547 ι
2413 1494 2527 1549 Scit
2556 1494 2702 1547 enim
2734 1490 2876 1560 regis
2916 1487 3026 1543 mei
3057 1492 3248 1539 natura
3272 1481 3589 1537 felicitatem

2003 1589 2185 1658 largiri
2223 1606 2268 1641 ι.
2304 1586 2435 1640 Nam
2484 1585 2615 1640 dare
2654 1599 2761 1637 non
2812 1590 2895 1636 est
2971 1587 3169 1631 natura
3213 1574 3460 1634 cuilibet,
3495 1571 3589 1625 sctl

2003 1680 2327 1741 naturaliter
2369 1676 2627 1746 competit
2707 1671 2973 1729 beneﬂco.
3018 1670 3149 1724 ltem
3206 1668 3272 1722 de
3320 1666 3445 1733 igne
3488 1663 3593 1716 dici

321 1781 437 1816 εστι
466 1763 542 1834 τῷ
601 1762 954 1833 εύεργετικῷ.
991 1762 1144 1816 Κάπὶ
1193 1760 1289 1815 τοῦ
1325 1763 1497 1833 πυρὸς
1542 1762 1597 1816 δὲ
1646 1762 1778 1835 φαίη
1822 1781 1905 1825 τις

2015 1782 2185 1849 potest
2216 1773 2358 1827 hanc
2409 1768 2457 1825 ei
2493 1782 2616 1825 esse
2642 1777 2893 1823 naturam
2930 1772 2989 1818 ut
3033 1775 3252 1816 sursum
3303 1758 3508 1814 feratur
3541 1764 3594 1809 et

324 1858 412 1919 ἂν,
446 1857 606 1926 φύσιν
634 1857 779 1927 ἔχειν
802 1858 1082 1928 ἀνωφερὲς
1114 1853 1273 1921 εἶναι,
1302 1857 1398 1910 καὶ
1426 1857 1541 1926 φῶς
1564 1857 1769 1909 ἐνιέναι
1792 1859 1906 1919 τοῖς

322 1949 542 2019 δρῶσιν,
577 1950 694 2001 ἀλλ’
721 1950 818 2020 οὐχ
856 1952 887 2019 ἡ
920 1951 1130 2021 κίνησις
1154 1948 1306 2018 αὐτῷ
1342 1949 1525 2016 φύσις,
1558 1948 1682 2001 οὐδὲ
1707 1947 1769 2000 τὸ
1807 1948 1907 2019 ἐμ-

326 2041 502 2092 ποιεῖν
526 2039 734 2104 ἁπλῶς,
765 2038 880 2094 ἀλλ’
922 2041 954 2110 ή
991 2040 1089 2109 τῆς
1136 2039 1403 2107 κινήσεως
1451 2039 1620 2107 ἀρχή.
1675 2038 1906 2106 Λέγεται

324 2129 619 2201 τοιγαροῦν
645 2133 739 2185 καὶ
766 2131 834 2184 τὰ
867 2130 1072 2200 φυσικὰ
1118 2129 1300 2199 φύσις,
1332 2130 1407 2189 ὠς
1431 2129 1526 2183 καὶ
1553 2129 1717 2195 αὐτὸς
1742 2131 1771 2183 ό
1815 2131 1911 2201 μέ-

327 2240 432 2289 γας
484 2224 758 2286 Διονύσιος
820 2222 1053 2291 ἀλλαχοῦ
1106 2240 1268 2292 φησι,
1302 2222 1489 2287 Φύσις,
1523 2221 1772 2294 γράφων,
1834 2218 1912 2292 τῷ

326 2314 517 2385 ἀγαθῷ
554 2315 616 2368 τὸ
657 2315 932 2386 παράγειν
986 2316 1081 2368 καὶ
1116 2314 1332 2379 σώζειν,
1375 2315 1624 2385 δηλονότι
1660 2315 1913 2384 φυσικῶς

325 2407 484 2461 τοῦτο
506 2409 798 2477 πρόσεστιν
831 2406 997 2478 αύτῷ.
1029 2408 1140 2461 Καὶ
1166 2406 1345 2460 τοίνυν
1380 2407 1509 2461 ὅταν
1532 2408 1773 2478 ἀκούσῃς
1802 2407 1910 2460 τῶν

330 2500 614 2569 Πατέρων,
643 2501 947 2570 ἀμέθεκτον
990 2499 1259 2566 λεγόντων
1281 2498 1380 2568 τὴν
1414 2499 1720 2553 οὐσίανθντοῦ
1751 2498 1909 2563 Θεοῦ,

328 2592 545 2656 ἐκείνην
573 2608 663 2662 μοι
702 2591 811 2644 νόει
846 2590 942 2660 τὴν
984 2588 1378 2658 ἀνεκφοίτητόν
1416 2607 1475 2642 τε
1525 2590 1617 2642 καὶ
1647 2588 1915 2659 ἅνέκφαν-

326 2697 443 2735 τονο
471 2683 599 2735 ὅταν
626 2684 671 2736 δ’
705 2682 863 2744 αὖθις
897 2679 1190 2751 μεθεκτὴν,
1242 2679 1352 2733 νόει
1406 2697 1495 2750 μοι
1525 2680 1624 2750 τὴν
1668 2680 1915 2749 φυσικῶς

329 2773 640 2843 προσοῦσαν
665 2774 741 2843 τῷ
773 2772 892 2843 Θεῷ
944 2770 1190 2839 πρόοδον,
1226 2770 1324 2823 καὶ
1362 2770 1460 2841 τὴν
1497 2771 1781 2839 ἕκφανσιν,
1820 2773 1914 2823 καὶ

328 2863 429 2935 τὴν
464 2865 764 2935 ἐνέργειαν,
796 2865 888 2917 καὶ
934 2862 1108 2925 οὓτως
1149 2861 1396 2933 στέργων
1427 2863 1736 2935 ἀμφότερα,
1783 2863 1903 2932 ὀμό·

329 2955 490 3024 λογος
518 2956 614 3027 ἔσῃ
644 2960 753 3020 τοῖς
792 2957 1061 3029 Πατράσι.
1642 3008 1645 3011 ,

406 3045 509 3119 βτί·
542 3049 616 3101 Τδ
655 3049 819 3119 μέρος
851 3051 948 3119 τῆς
977 3051 1168 3117 οὐσίας
1192 3052 1287 3105 καὶ
1316 3052 1377 3104 τὸ
1415 3049 1779 3121 βραχύτατον,
1812 3048 1909 3103 πά-

2010 1872 2185 1924 lucem
2218 1863 2478 1920 immittat
2510 1860 2844 1922 videntibus,
2894 1867 2950 1911 at
2997 1871 3101 1911 non
3128 1861 3214 1909 est
3247 1851 3350 1921 ipsi
3400 1860 3595 1904 natura

2008 1972 2218 2024 motus,
2301 1972 2401 2013 nec
2452 1952 2777 2024 simpliciter
2829 1956 3011 2003 motus
3056 1943 3363 2015 productio,
3392 1941 3488 1997 sed
3536 1950 3596 1995 ut

2010 2064 2191 2109 motus
2246 2049 2484 2105 initium.
2517 2046 2783 2100 Dicuntur
2805 2040 2969 2111 igitur
2987 2037 3071 2093 vel
3092 2034 3361 2092 naturalia
3392 2043 3596 2095 motus,

2010 2153 2072 2200 ut
2095 2146 2212 2215 ipse
2264 2155 2495 2213 magnus
2540 2135 2836 2207 Dionysius
2884 2131 3014 2188 alibi
3073 2129 3226 2193 dicit,
3294 2127 3595 2182 scribens:

2015 2258 2035 2292 ι
2080 2238 2282 2293 Natura
2315 2235 2443 2290 boni
2481 2241 2564 2289 est
2595 2228 2903 2300 producere
2932 2233 2987 2280 et
3041 2235 3287 2284 servare,
3321 2218 3426 2275 hoc
3453 2218 3601 2272 scilia

2013 2341 2105 2388 cet
2137 2330 2187 2384 ei
2224 2326 2551 2383 naturaliter
2587 2325 2751 2379 inest.
2785 2341 2804 2376 ›
2856 2320 2992 2376 Cum
3018 2317 3185 2388 igitur
3211 2312 3364 2369 audis
3403 2311 3595 2367 Patres

2011 2419 2578 2481 iucommunicabilem
2612 2417 2856 2471 dicentes
2883 2410 3181 2468 essentiam
3239 2407 3359 2471 Dei,
3443 2404 3592 2460 illam

2014 2515 2253 2585 intellige
2280 2513 2583 2581 inapertam
2617 2518 2671 2563 et
2706 2508 3084 2569 inaccessam;
3124 2515 3258 2558 cum
3288 2512 3419 2553 vero
3446 2511 3600 2551 com-

2013 2602 2401 2660 municabilem
2436 2601 2648 2663 dicunt,
2699 2595 2944 2663 intellige
2985 2592 3293 2648 naturalem
3347 2588 3439 2644 Dei
3473 2601 3599 2657 pro-

2013 2694 2327 2765 cessioneml
2367 2688 2975 2756 manifestationemque
3020 2695 3076 2740 et
3108 2680 3509 2753 operationem,
3542 2686 3600 2736 et

2014 2788 2093 2842 sic
2116 2796 2403 2858 utrumque
2420 2782 2773 2855 amplectens,
2805 2776 3156 2835 consentiens
3178 2776 3286 2831 eris
3312 2773 3593 2828 Patribus.

2091 3047 2216 3098 108.
2258 3044 2394 3100 Pars
2417 3049 2674 3096 essentia:
2718 3037 2799 3093 vel
2834 3035 3164 3094 tenuissima
3218 3048 3409 3089 omnes
3444 3033 3607 3087 habet

332 3158 431 3203 σας
455 3139 567 3210 ἔχει
602 3140 700 3203 τὰς
723 3141 895 3211 αὐτῆς
917 3142 1198 3213 δυνάμεις,
1224 3144 1296 3207 ὡς
1330 3143 1426 3197 καὶ
1452 3143 1480 3195 ὁ
1508 3141 1741 3213 σπινθὴρ
1774 3140 1911 3212 λαμ-

2021 3136 2187 3207 hujus
2218 3136 2470 3201 virtutes;
2496 3134 2639 3188 sicut
2673 3131 2918 3189 scintilla
2957 3139 3045 3185 est
3072 3129 3248 3185 lucida
3279 3138 3332 3183 et
3356 3127 3604 3189 lucifera,

333 3233 472 3302 πρόν
504 3250 564 3285 τε
614 3232 709 3285 καὶ
768 3234 1099 3299 φωτιστικόν
1146 3236 1285 3297 ἐστι,
1342 3233 1685 3305 διακριτικόν
1727 3251 1784 3287 τε
1818 3234 1914 3286 καὶ

333 3324 628 3378 καυστικὺν
653 3324 762 3377 τῶν
792 3323 1144 3393 ἐγγιζόντων,
1169 3325 1522 3397 αὐτοκίνητόν
1554 3342 1611 3379 τε
1634 3324 1793 3392 φύσει
1814 3325 1914 3387 ⁷καὶ

331 3417 634 3485 ἀνωφερὲς,
686 3418 778 3470 καὶ
821 3417 1008 3481 ἁπλῶς
1042 3418 1141 3470 ὅσα
1168 3418 1264 3471 καὶ
1300 3417 1362 3470 τὸ
1414 3417 1544 3488 πῦρ,
1587 3410 1648 3470 οῦ
1723 3418 1913 3488 μόριόν

336 3508 488 3558 ἐστι·
521 3508 615 3559 καὶ
654 3508 686 3577 η
718 3506 934 3574 σταγὼν
965 3508 1032 3560 τὰ
1071 3506 1229 3559 πάντ’
1265 3507 1379 3576 ἔχει
1411 3508 1511 3560 ὅσα
1543 3509 1635 3560 καὶ
1679 3508 1739 3560 τὸ
1770 3507 1914 3576 ῦδωρ

332 3589 394 3649 οὗ
429 3598 547 3650 ἐστι
590 3596 827 3666 σταγὼν,
862 3598 1012 3668 καὶὴ
1053 3598 1243 3668 βῶλος,
1266 3600 1368 3652 ὅσα
1404 3599 1497 3652 καί¹
1549 3599 1609 3652 τὸ
1652 3599 1915 3679 μέταλλον

332 3690 621 3759 κέκτηται,
653 3686 822 3762 οὗπερ
867 3692 1128 3765 ἀπορρὼξ
1157 3692 1446 3762 τυγχάνει.⁴
1495 3692 1800 3762 Τοιγαροῦν
1840 3691 1915 3745 εί-

334 3796 442 3849 περ
484 3783 580 3851 τῆς
615 3783 958 3851 ἀνεκφάντου
986 3783 1207 3853 ἐκείνης
1240 3784 1428 3847 οὐσίας
1486 3782 1581 3836 τοῦ
1617 3782 1753 3835 Θεοῦ
1792 3800 1917 3853 μετ-

334 3870 558 3941 έχομεν,
584 3872 687 3925 κᾶν
715 3875 762 3925 εί
800 3874 1003 3943 πάσης,
1032 3874 1137 3925 κᾶν
1163 3875 1210 3926 εί
1243 3874 1432 3943 μορίου
1472 3871 1673 3944 μετέχῃ
1698 3890 1780 3935 τις
1816 3874 1914 3926 αύ-

334 3964 456 4033 τῆς,
485 3964 894 4035 παντοδύναμος
924 3965 1097 4029 ἔσται,
1132 3967 1220 4017 καὶ
1253 3964 1395 4017 οὕτω
1434 3964 1541 4017 τῶν
1599 3964 1768 4016 ὄντων
1795 3963 1917 4016 ἕκα-

335 4070 463 4106 στον
516 4054 666 4108 ἔσται
720 4055 1159 4124 παντοδύναμον·
1198 4056 1226 4108 ὃ
1284 4054 1418 4126 μηδὲ
1465 4055 1669 4116 πάντες
1724 4053 1919 4123 ἔχομεν

333 4145 495 4214 ὁμοῦ,
530 4146 633 4198 κᾶν
664 4148 845 4199 πᾶσαν
890 4148 991 4217 τὴν
1046 4148 1223 4200 κτίσιν
1263 4145 1686 4217 συμπεριλαϐὼν
1734 4147 1917 4217 εἴπῃς.

335 4235 509 4290 Τοῦτο
536 4237 749 4301 δεικνὺς
796 4241 822 4291 ὁ
853 4239 1064 4303 Παῦλος
1110 4242 1173 4293 ὲκ
1223 4239 1560 4309 περιουσίας,
1597 4238 1694 4290 καὶ
1737 4239 1959 4300 αὐτοῖς.

334 4330 450 4391 τοῖς
508 4329 867 4402 εύμοιρηκόσι
925 4331 1034 4383 τῶν
1083 4331 1347 4384 θεοποιῶν
1409 4329 1768 4400 χαρισμάτων
1824 4328 1919 4382 τοῦ

338 4420 676 4490 ῐΙνεύματος,
710 4424 768 4476 ού
800 4422 957 4475 πάνθ’
983 4422 1199 4493 ἑκάστῳ
1230 4424 1511 4492 προσεῖναι
1558 4424 1827 4492 μαρτυρεί
1854 4421 1921 4475 τὰ

2027 3237 2082 3286 ει
2119 3228 2369 3298 proxima
2397 3227 2709 3282 dissolvens
2741 3235 2796 3281 et
2822 3240 3010 3290 urens,
3052 3234 3107 3280 et
3154 3238 3275 3281 sese
3317 3224 3460 3278 ultro
3491 3239 3605 3277 mo-

2027 3337 2162 3379 vens
2192 3330 2248 3376 et
2271 3336 2486 3376 sursum
2522 3321 2727 3383 ferens,
2752 3327 2808 3374 et
2842 3319 3142 3389 generatim
3182 3326 3410 3373 cunctas
3443 3316 3606 3371 habet

2028 3417 2404 3488 proprietates
2441 3414 2604 3485 ignis,
2631 3414 2791 3485 cujus
2826 3421 2909 3470 est
2944 3428 3086 3483 pars.
3120 3411 3183 3466 Et
3238 3421 3388 3482 gutta
3419 3426 3609 3466 omnes

2026 3509 2189 3562 habet
2220 3508 2363 3561 vires
2389 3520 2566 3576 aquae,
2606 3506 2767 3575 cujus
2822 3513 2909 3561 est
2947 3505 3129 3571 stilla;
3163 3515 3218 3558 et
3252 3518 3432 3559 massa
3471 3520 3609 3559 cun-

2023 3610 2144 3656 ctas
2177 3598 2539 3669 proprietates
2575 3597 2777 3652 metalli
2805 3599 2957 3667 cujus
2987 3608 3071 3652 est
3119 3596 3503 3668 fragmentum.
3530 3596 3587 3649 Si

2025 3708 2155 3764 ergo
2211 3690 2498 3746 inell'abilis
2558 3691 2646 3745 illa
2714 3688 2809 3743 Dei
2859 3691 3093 3746 essentia
3143 3690 3300 3745 nobis
3345 3704 3598 3744 commu-

2026 3787 2322 3850 nicaretur,
2353 3784 2468 3840 sive
2498 3783 2726 3855 integre,
2757 3783 2873 3837 sive
2907 3784 3104 3852 partim
3170 3782 3288 3852 ejus
3313 3783 3384 3837 sit
3410 3782 3607 3851 aliquis

2025 3891 2272 3944 consors,
2306 3878 2410 3932 erit
2469 3878 2814 3947 omnipotens
2863 3891 2877 3933 :
2923 3882 2978 3930 et
3038 3876 3117 3931 sic
3150 3891 3483 3946 unaquaeque
3522 3891 3606 3929 res

2023 3972 2129 4027 erit
2160 3972 2527 4040 omnipotens,
2599 3971 2743 4040 quod
2803 3984 2901 4025 nec
2960 3983 3151 4027 omnes
3213 3971 3373 4027 simul
3442 3971 3608 4024 habe-

2026 4073 2194 4123 mus,
2254 4058 2467 4113 etiamsi
2528 4059 2837 4115 universam
2900 4060 3233 4116 creationem
3318 4061 3608 4116 collertive

2026 4148 2255 4204 dixeris.
2286 4148 2348 4202 ld
2383 4148 2605 4219 copiose
2627 4149 2967 4206 demonstrat
2992 4150 3209 4217 Paulus,
3238 4151 3367 4222 ipsis
3384 4166 3610 4205 consor-

2026 4242 2170 4297 tibus
2200 4242 2520 4298 deiﬂcorum
2549 4242 2778 4312 spiritus
2816 4243 3211 4297 charismatum
3262 4244 3611 4298 consortibus

2024 4348 2132 4389 non
2165 4335 2347 4390 omnia
2382 4334 2612 4405 singulis
2643 4336 2824 4390 inesse
2858 4336 3157 4405 perhibetis
3179 4336 3417 4405 Spiritus
3443 4337 3604 4401 dona,

2026 4429 2126 4487 sed
2155 4449 2171 4482 ι
2206 4430 2321 4495 alii,
2354 4430 2553 4498 inquit,
2584 4429 2746 4484 datur
2772 4444 2957 4485 sermo
2976 4430 3278 4501 sapientiae,
3309 4432 3396 4485 alii
3425 4446 3607 4487 set-n10

337 4516 651 4584 χαρίσματα
664 4515 756 4567 τοῦ
778 4514 1111 4584 Πνεύματος,
1128 4513 1282 4576 ἀλλὰ,
1298 4512 1388 4583 Τῷ
1403 4513 1523 4583 μὲν,
1543 4513 1697 4583 φησὶ,
1720 4513 1911 4567 δίδοται

2023 4520 2290 4586 scientiae,
2339 4528 2395 4575 et
2453 4520 2546 4575 alii
2603 4520 2748 4575 aliud
2806 4522 2935 4591 quid
2997 4522 3296 4575 secundum
3355 4524 3606 4576 eumdem

335 4606 493 4673 λόγος
518 4607 731 4675 σοφίας,
774 4605 851 4676 τῷ
869 4606 925 4658 δὲ
953 4606 1113 4673 λόγος
1143 4604 1417 4673 γνώσεως,
1443 4605 1589 4675 ἄλλῳ
1630 4605 1674 4658 δ’
1712 4604 1842 4657 ἄλλο
1864 4621 1920 4656 τι

336 4697 483 4750 κατὰ
514 4697 574 4749 τὸ
597 4696 729 4750 αὐτὸ
768 4697 1009 4766 πνεῦμα.
1053 4697 1110 4751 Ὀ
1160 4696 1216 4749 δὲ
1268 4696 1654 4765 Χρυσόστομος
1703 4695 1917 4766 Πατὴρ,

338 4789 591 4857 φανερῶς
628 4787 1080 4858 προαναστέλλων
1122 4786 1220 4858 τὴν
1244 4787 1352 4839 τῶν
1388 4786 1646 4839 ἐναντίων
1671 4785 1881 4854 πλάνην
1903 4800 1917 4815 ·

339 4878 416 4930 υύ
441 4878 617 4930 πάντα
653 4895 737 4941 τις
788 4878 924 4947 ἔχει,
971 4878 1158 4947 φησὶν,
1209 4877 1298 4931 ἵνα
1334 4877 1409 4948 μὴ
1450 4877 1611 4945 φύσιν
1643 4873 1785 4931 εἶναι
1821 4876 1920 4947 τὴν

337 4968 501 5038 χάριν
528 4969 777 5038 νομίσῃς,
823 4968 960 5022 Ἀλλ’
990 4967 1111 5021 οὐδὲ
1147 4968 1370 5039 κτιστὴν
1396 4969 1667 5040 ἡγήσαιτό
1696 4986 1779 5032 τις
1797 4966 1920 5021 νοῦν

338 5060 502 5131 ἔχων,
529 5062 628 5131 τὴν
682 5061 1258 5131 ἀντιδιαστελλομένην
1306 5053 1406 5113 ὧδε
1439 5062 1596 5132 χάριν
1636 5061 1735 5129 τῆς
1773 5060 1923 5123 Θείας

340 5154 581 5223 φύσεως,
610 5156 690 5208 ὅτι
730 5172 789 5207 τε
823 5155 959 5209 Θεοῦ
1000 5155 1166 5225 φύσιν
1207 5155 1308 5208 οὐκ
1334 5155 1400 5209 ἂν
1434 5154 1563 5207 ποτέ
1602 5171 1685 5217 τις
1725 5153 1923 5206 δείσειε

341 5245 419 5313 μή
455 5260 539 5306 τις
572 5244 634 5296 τὸ
673 5244 880 5313 κτίσμα
909 5244 1127 5315 νομίσῃ,
1162 5244 1255 5296 καὶ
1294 5242 1373 5294 ὅτι
1406 5242 1454 5293 εί
1505 5241 1598 5293 καὶ
1645 5239 1923 5307 διενήνοχε

340 5335 439 5404 τῆς
462 5333 612 5399 θείας
640 5335 876 5404 φύσεως,
906 5336 966 5387 ού
1014 5335 1309 5389 διασπᾶται
1340 5332 1542 5402 ταύτης
1572 5333 1604 5402 ἠ
1636 5330 1729 5383 τοῦ
1756 5328 1923 5382 Πνεύ-

344 5442 519 5496 ματος
541 5428 722 5497 χάρις,
757 5429 1056 5480 ἐπισπᾶται
1094 5427 1151 5480 δὲ
1185 5425 1388 5498 μᾶλλον
1433 5424 1559 5487 τοὺς
1590 5424 1921 5496 ἠξιωμένους

342 5519 481 5586 πρὸς
505 5520 603 5587 τὴν
645 5520 940 5589 συνάφειαν
972 5519 1064 5573 τοῦ
1097 5518 1241 5572 θείου
1273 5516 1623 5589 Πνεύματος.

413 5654 496 5708 ³⁸1
524 5655 768 5721 Conxtt,
801 5656 856 5711 8.

656 5752 928 5818 ΡΑτιιοι.
963 5756 1085 5819 Gn.
1125 5754 1236 5814 CL.
1275 5831 1278 5835 .

2020 4612 2282 4682 Spiritutn
2312 4611 2380 4665 ³⁸.
2423 4630 2441 4664 ι
2474 4614 2901 4674 Chrvsostomus
2933 4625 3115 4668 autem
3150 4614 3329 4680 Pater,
3381 4616 3605 4668 eviden-

2018 4714 2101 4758 ter
2128 4713 2461 4773 praavertens
2515 4705 2957 4759 adversariorum
3016 4720 3261 4761 errorem
3318 4726 3331 4761 :
3399 4726 3418 4758 ι
3483 4709 3603 4762 Νοιι

2020 4796 2202 4851 omnia
2228 4798 2465 4867 quisque
2495 4798 2682 4862 habet,
2716 4797 2914 4867 inquit,
2944 4806 3003 4851 ut
3036 4814 3143 4853 non
3184 4808 3435 4853 naturam
3482 4815 3607 4855 esse

2020 4889 2253 4959 gratiam
2288 4889 2594 4945 existimes.
2637 4908 2657 4942 ι
2698 4889 2805 4945 Sed
2852 4904 2951 4946 nec
2988 4898 3230 4945 creatam
3262 4891 3458 4960 aliquis
3512 4909 3605 4948 sa-

2021 4982 2179 5052 piens
2215 4980 2443 5037 duceret
2477 4983 2555 5037 sic
2586 4982 2901 5040 distinctam
2935 4998 2964 5037 a
3028 4992 3215 5037 natura
3253 4985 3432 5039 divina
3475 5001 3603 5056 gra-

2020 5073 2149 5127 tiam
2179 5112 2194 5139 ,
2228 5073 2353 5144 quia
2398 5090 2557 5131 nemo
2596 5091 2830 5145 unquam
2869 5076 3085 5132 timeret
3116 5092 3184 5132 ne
3207 5088 3457 5133 creatura
3508 5096 3605 5148 pro

2025 5173 2217 5220 natura
2260 5167 2353 5221 Dei
2388 5168 2706 5234 haberetur,
2756 5178 2807 5224 et
2843 5170 2969 5239 quia
3002 5169 3127 5225 licet
3185 5172 3429 5226 diStincta
3474 5176 3603 5227 sita

2019 5264 2211 5312 natura
2247 5258 2451 5326 divina,
2496 5275 2603 5315 non
2653 5259 2721 5314 ab
2760 5274 2824 5316 ea
2857 5258 3181 5316 distrahitur
3228 5259 3451 5328 spiritus
3482 5275 3603 5328 gra-

2022 5350 2122 5414 tia,
2152 5350 2248 5404 sed
2282 5351 2459 5419 potius
2510 5353 2738 5408 attrahit
2784 5356 3012 5411 meritos
3053 5352 3121 5407 ad
3173 5352 3341 5407 divini
3378 5354 3604 5423 spiritus

2020 5444 2487 5499 communionem.

3120 5705 3201 5770 38
