3994 6206
416 266 554 331 1195

487 381 611 438 109.
646 381 893 435 Essentia
947 394 974 434 a
1023 391 1188 448 quam
1242 373 1429 429 multis
1463 371 1848 442 participatur,
1881 377 1988 439 tam
2024 377 2065 434 Α

413 477 584 533 multa
637 473 798 530 habet
831 472 1133 541 supposita.
1169 467 1381 522 Etenim
1416 475 1549 535 quot
1580 463 1860 532 lampadas
1884 461 1989 516 ali.

415 572 540 641 quis
557 583 620 622 ex
654 582 756 620 una
789 563 1056 628 accendit,
1078 570 1157 616 tot
1185 560 1327 631 ignis
1351 557 1630 628 supposita
1663 555 1815 609 facit.
1842 554 1990 609 Con-.

417 669 713 732 sequenter
747 659 930 729 igitur,
953 658 1022 723 si,
1053 665 1113 710 ut
1143 655 1314 710 nostri
1357 654 1693 708 contendunt
1733 651 1993 704 adversa—

419 755 508 820 rii,
541 752 781 808 essentia
829 751 922 805 Dei
959 748 1339 819 participetur,
1367 755 1420 801 et
1459 745 1682 814 quidem
1711 741 1780 797 ab
1811 741 1991 796 omni-

425 846 548 910 bus,
571 845 682 914 jam
725 856 832 897 non
872 852 982 897 tres
1022 848 1136 896 haec
1165 853 1428 908 personas
1485 837 1670 903 habet,
1697 835 1790 890 sed
1829 834 1992 887 innu-

424 950 605 990 meras
657 949 938 1005 personas.
990 930 1125 998 Quis
1156 943 1350 998 autem
1405 929 1602 985 divinis
1658 925 1995 998 dogmatibus

423 1029 718 1082 innutritus
742 1027 915 1082 nescit
939 1025 1082 1080 hunc
1113 1037 1233 1079 esse
1258 1021 1708 1078 Massalianorum
1728 1032 1992 1081 errorem,

425 1122 678 1176 essentiae
711 1120 802 1174 Dei
847 1119 963 1173 fieri
1009 1118 1300 1187 participes
1333 1115 1425 1184 qui
1470 1115 1538 1169 ad
1568 1127 1839 1168 summum
1876 1125 1997 1181 per-

427 1213 679 1268 fectionis
723 1221 776 1266 tu
829 1226 1018 1265 eorum
1063 1224 1226 1264 sensu
1267 1208 1556 1262 intellectas
1591 1203 1999 1276 pervenerunt?

425 1311 662 1378 Quorum
696 1306 1086 1376 blasphemiam
1113 1302 1412 1357 adversarii
1446 1315 1706 1369 superare
1737 1299 1998 1353 affectan-

429 1415 530 1466 tc-s,
581 1417 683 1454 non
741 1400 911 1453 solum
953 1398 1124 1452 elatos
1164 1396 1228 1448 ad
1282 1392 1671 1465 perfectionem
1725 1392 1995 1454 homines,

429 1497 520 1549 sed
575 1493 735 1547 etiam
791 1489 1089 1561 generatim
1152 1488 1433 1542 universos
1501 1485 1696 1538 divina:
1748 1483 2002 1537 essentia:

428 1587 616 1638 dicunt
654 1583 972 1652 participes,
1007 1577 1329 1632 stultissime
1368 1585 1657 1630 causantes
1684 1575 1824 1630 hanc
1881 1575 2000 1628 ubi-

428 1693 536 1746 que
585 1677 796 1729 adesse.
851 1671 955 1726 Sed
1010 1670 1213 1724 multus
1267 1669 1320 1723 in
1375 1669 1647 1739 theologia
1687 1666 2001 1738 Gregorius,

1661 250 2047 314 GliEGORII
2094 251 2284 309 PALA
2301 252 2352 308 Μ
2368 253 2430 309 [Ε

3555 257 3694 320 1196

2196 373 2294 446 ρθ’.
2339 375 2405 428 ’H
2437 376 2593 430 οὖσία
2628 378 2756 448 παρ’
2785 378 2926 432 ὅσων
2957 378 3074 431 ἐστὶ
3106 377 3470 448 μετεχομένη,
3501 379 3702 432 τοσαύ-

2124 482 2220 529 τας
2249 470 2338 520 καὶ
2385 469 2484 531 τὰς
2518 470 2844 530 ὑποστάσεις
2875 470 3010 540 ἔχει.
3067 471 3182 524 Καὶ
3231 471 3340 539 γὰρ
3397 470 3606 533 ὁπόσας
3637 471 3702 523 ἂν

2125 556 2414 629 λαμπάδας
2451 561 2650 630 ἀνάψαι
2679 578 2764 624 τις
2812 563 2922 616 ἀπὸ
2961 562 3061 631 τῆς
3105 563 3255 630 μιᾶς,
3308 560 3579 624 τοσαύτας
3609 563 3704 614 καὶ

2125 650 2223 712 τὰς
2250 649 2574 715 ὑποστάσεις
2600 651 2695 706 τοῦ
2729 653 2902 722 πυρὸς
2945 654 3226 722 εποίησεν.
3262 651 3556 722 Συμῦαίνει
3591 653 3704 705 τοί-

2123 757 2239 806 νυν,
2272 743 2431 814 εἴπερ
2461 744 2601 797 κατὰ
2637 745 2764 808 τοὺς
2812 747 2942 815 ἡμῖν
2997 746 3404 813 ἀντικειμένως
3462 746 3496 815 ἡ
3545 745 3705 798 οὐσία

2127 838 2220 890 τοῦ
2251 838 2386 892 Θεοῦ
2426 839 2732 911 μετέχεται,
2795 841 3096 894 καὶταῦτα
3127 839 3278 909 παρά
3319 840 3560 904 πάντων,
3603 856 3704 909 μη⁹

2127 929 2246 984 κέτι
2271 932 2697 1002 τρισυπόστατον
2720 926 2860 985 εἶναι
2887 930 3110 1000 ταύτην,
3129 930 3264 984 ἀλλά
3297 934 3494 1000 μυριοῦ
3508 930 3703 982 πόστι-

2118 1051 2228 1088 τον.
2269 1036 2365 1099 Τίς
2392 1035 2450 1089 δὲ
2486 1035 2712 1090 καὶτῶν
2741 1041 2856 1101 τοῖς
2899 1036 3066 1100 θείοις
3093 1037 3358 1108 δόγμασιν
3387 1037 3696 1110 ἐντεθραμ-

2119 1130 2295 1197 μένων
2323 1128 2423 1183 οὐκ
2471 1129 2760 1184 ἐπίσταται
2807 1129 3206 1182 Μασσαλιανῶν
3258 1127 3594 1186 εἶναιτοῦτο
3639 1133 3704 1184 τὸ

2119 1217 2494 1288 παράλημμα,
2546 1221 2648 1290 τῆς
2711 1219 2902 1283 οὐσίας
2935 1219 3028 1273 τοῦ
3098 1219 3234 1273 Θεοῦ
3297 1222 3698 1292 μετεσχηκέναι

2115 1307 2242 1369 τοὺς
2268 1310 2346 1370 είς
2391 1309 2559 1378 ἄκρον
2586 1309 2682 1378 τῆς
2709 1309 2829 1362 κατ’
2861 1311 3057 1373 αὐτοὺς
3084 1308 3287 1380 ἀρετῆς
3323 1310 3658 1378 ἐληλακότας
3683 1328 3697 1374 ;

2117 1393 2189 1452 ὧν
2217 1401 2315 1470 τὴν
2350 1399 2698 1471 βλασφημίαν
2761 1403 2810 1454 οἱ
2867 1402 3258 1472 ἀντικείμενοι,
3319 1403 3413 1455 καὶ
3457 1402 3705 1472 ὑπερῧα-

2116 1493 2302 1544 λέσθαι
2335 1493 2800 1564 φιλοτιμούμενοι,
2847 1495 2908 1548 οὐ
2963 1495 3091 1557 τοὺς
3150 1495 3272 1547 κατ’
3299 1496 3501 1565 ἀρετὴν
3536 1496 3703 1565 μόνον

2117 1581 2493 1648 διενεγκόντας
2523 1583 2630 1636 τῶν
2679 1584 3003 1656 ἀνθρώπων,
3042 1585 3178 1638 ἀλλά
3206 1587 3300 1638 καὶ
3331 1586 3517 1650 ἁπλῶς
3567 1585 3709 1654 ξύμ-

2121 1689 2328 1736 παντας
2360 1674 2458 1743 τῆς
2493 1675 2642 1736 θείας
2681 1676 2868 1740 οὐσίας
2909 1678 3043 1746 φασὶ
3089 1678 3359 1748 μετέχειν,
3383 1679 3705 1748 ἀνουστάτῳ

423 1766 676 1820 insanam
714 1762 905 1818 horum
935 1771 988 1814 et
1016 1761 1232 1815 illorum
1271 1759 1575 1814 doctrinam
1605 1773 1634 1811 a
1671 1757 1828 1827 longe
1867 1771 2003 1826 pra:-

2125 1765 2412 1835 προφάσει,
2446 1766 2540 1819 τοῦ
2569 1769 2822 1836 παρεῖναι
2855 1768 3059 1840 ταύτην
3088 1771 3388 1839 πανταχοῦ.
3428 1771 3486 1824 '0
3509 1772 3564 1823 δὲ
3603 1789 3702 1824 που

429 1865 689 1912 vertens:
728 1872 748 1906 ι
793 1854 1070 1916 Christus,
1103 1852 1198 1917 ait,
1243 1851 1444 1906 dicitur
1495 1849 1564 1904 ob
1608 1850 1945 1904 divinitatem
1981 1866 1998 1907 :

425 1948 554 2004 Haec
590 1950 732 2004 enim
770 1945 954 2000 unctio
999 1945 1394 1999 humanitatem
1441 1957 1547 1996 non
1581 1942 1919 2010 operatione,
1947 1951 2006 1998 ut

431 2045 566 2097 alios
609 2041 865 2105 cltristos,
894 2039 1215 2101 sanctiﬁcat,
1245 2035 1338 2091 sed
1379 2035 1667 2105 prasentia
1704 2037 1864 2089 totius
1904 2051 2002 2089 un-

428 2136 625 2203 gentis.
668 2151 688 2186 ι
723 2134 791 2188 Ει
816 2132 924 2187 divi
969 2129 1153 2186 Patres
1183 2127 1458 2183 connuuni
1493 2141 1766 2181 consensu
1803 2128 2004 2181 docue-

415 2233 555 2278 eruut
605 2221 910 2278 inhabitare
967 2221 1186 2290 quidem
1240 2217 1577 2272 divinitatem
1635 2217 1832 2270 animis
1875 2229 2006 2268 con-

424 2334 477 2386 ε⁴
495 2327 685 2370 uenter
706 2313 998 2380 mundatis,
1015 2311 1110 2366 sed
1136 2325 1242 2366 non
1269 2319 1534 2379 quatenus
1548 2317 1632 2363 est
1658 2316 1866 2361 natura.
1886 2304 2004 2362 Non

431 2411 594 2478 igitur
635 2407 933 2463 secundum
987 2403 1302 2468 essentiam,
1341 2416 1442 2456 nec
1490 2400 1790 2457 secundum
1836 2398 2004 2469 hypo-

431 2503 621 2557 stashn
669 2500 958 2570 quamdam
1010 2497 1070 2552 lit
1115 2496 1315 2565 aliquis
1348 2492 1439 2549 Dei
1477 2493 2005 2562 particepszneutra

427 2596 574 2647 enim
625 2593 817 2646 harum
868 2590 1140 2644 ullatenus
1191 2586 1473 2648 dividitur,
1505 2593 1601 2638 aut
1634 2583 1724 2636 ulli
1782 2594 2009 2652 prorsus

429 2688 887 2741 communicatur.
945 2683 1074 2736 Ideo
1127 2679 1426 2735 secundum
1463 2678 1564 2732 hos
1595 2675 1850 2731 omnibus
1887 2689 2006 2727 om-

435 2779 568 2831 nino
611 2775 1144 2830 incommnnicabitis
1183 2781 1272 2827 est
1322 2771 1489 2833 Deus,
1519 2767 1767 2837 quamvis
1811 2766 2011 2834 ubique

434 2873 736 2925 secundum
791 2869 888 2922 has
921 2867 1092 2929 adsit;
1129 2864 1435 2918 communis
1473 2872 1653 2914 autem
1695 2860 1857 2913 trium
1890 2872 2011 2927 per-

433 2975 690 3015 sonarum
724 2969 931 3012 naturae
954 2955 1202 3024 operatio
1234 2964 1288 3008 et
1317 2955 1510 3014 virtus,
1537 2965 1658 3004 cum
1693 2949 1908 3002 diverse
1946 2961 2010 3003 ac

444 3067 530 3106 (‘0.
557 3062 816 3121 gruenter
833 3049 1196 3103 distribuatur
1231 3045 1587 3115 participibus
1609 3087 1624 3110 ,
1650 3042 1854 3097 idcirco
1884 3058 2010 3111 gra-

2099 1855 2215 1918 ’λὺς
2241 1858 2297 1908 ὲν
2321 1855 2572 1927 θεολογίᾳ
2595 1857 2918 1928 Γρηγόριος,
2945 1857 3043 1920 τὰς
3074 1857 3464 1930 φρενοϐλαϐεῖς
3492 1859 3702 1911 τούτων

2121 1965 2182 2000 τε
2214 1948 2480 2000 κάκείνων
2503 1947 2657 2012 δόξας
2691 1949 2971 2021 πόρρωθεν
3005 1950 3414 2015 ἀνασκευάζων,
3439 1952 3699 2021 Χριστδς,

2123 2039 2278 2111 φησι,
2309 2039 2397 2093 διὰ
2436 2040 2532 2110 τὴν
2561 2039 2811 2110 θεότητα·
2837 2042 3015 2112 χρίσις
3048 2043 3154 2112 γὰρ
3177 2041 3316 2113 αὕτη
3343 2043 3445 2111 τῆς
3483 2044 3694 2113 ἀνθρω-

2119 2132 2372 2200 πότητος,
2409 2133 2504 2184 οὐκ
2539 2132 2788 2202 ἐνεργείᾳ
2830 2135 2970 2188 κατά
3023 2137 3148 2198 τοὺς
3199 2134 3389 2197 ἄλλους
3435 2136 3695 2205 χριστοὺς

2120 2220 2446 2290 ἀγιάζουσα,
2496 2225 2770 2294 παρουσίᾳ
2804 2223 2862 2277 δὲ
2892 2223 3015 2277 ὅλου
3046 2224 3142 2277 τοῦ
3200 2225 3467 2294 χρίοντος.
3516 2227 3626 2279 Καὶ
3655 2227 3704 2278 οἱ

2123 2315 2372 2384 θεόσοφοι
2412 2315 2470 2369 δὲ
2501 2315 2765 2386 Πατέρες,
2828 2318 2980 2386 κοινῇ
3034 2316 3457 2387 συνεληλυθότες
3488 2318 3701 2386 ἀπεφήκ

2122 2423 2302 2470 ναντο,
2347 2406 2577 2460 ἐνοικεῖν
2606 2407 2706 2476 μὲν
2738 2407 2837 2478 τὴν
2861 2407 3091 2477 θεότητα
3119 2411 3229 2470 τοῖς
3273 2408 3349 2466 ὡς
3404 2409 3582 2477 χρεὼν
3608 2426 3705 2461 κε-

2123 2497 2514 2570 καθαρμένοις,
2550 2498 2665 2552 ἀλλ’
2689 2499 2787 2569 οὐχ
2827 2497 2903 2560 ὡς
2934 2498 3047 2566 ἔχει
3082 2497 3296 2566 φύσεως
3317 2515 3332 2528 ν
3365 2497 3490 2550 οὔτε
3524 2500 3704 2552 τοίνυν

2123 2591 2265 2646 κατὰ
2303 2592 2401 2663 τὴν
2423 2592 2635 2656 οὐσίαν,
2665 2591 2788 2647 οὔτε
2825 2592 2945 2646 καθ’
2987 2592 3284 2646 ὑπόστασιν
3318 2609 3442 2648 τινα
3475 2593 3706 2663 μέτοχός

2122 2701 2205 2748 τις
2235 2684 2444 2754 γίνεται
2483 2685 2653 2738 Θεοῦ·
2705 2686 2989 2758 μερίζεται
3035 2687 3144 2758 γὰρ
3180 2687 3386 2740 τούτων
3437 2688 3706 2756 ἑκάτερον

2122 2776 2231 2829 οὐδ’
2259 2778 2532 2842 ὁπωσοῦν,
2559 2779 2678 2832 οὐδὲ
2728 2780 3066 2850 μεταδίδοται
3118 2782 3443 2851 τοπαράπαν
3501 2781 3703 2835 οὐδενί.

2123 2870 2214 2923 Διὸ
2250 2872 2346 2924 καὶ
2377 2873 2512 2925 πᾶσι
2545 2873 2892 2925 παντάπασιν
2942 2871 3241 2943 ἀχὼρητος,
3286 2874 3425 2926 κατὰ
3478 2872 3705 2926 ταῦταὸ

2125 2962 2284 3027 Θεός·
2327 2966 2374 3018 εί
2408 2964 2502 3018 καὶ.
2540 2964 2818 3034 πανταχοῦ
2851 2965 2993 3020 κατά
3043 2966 3214 3020 ταῦτα
3247 2968 3535 3037 πάρεστιν,
3570 2969 3605 3037 ἡ
3648 2967 3701 3018 δὲ

2126 3050 2277 3122 κοινὴ
2307 3051 2408 3123 τῆς
2461 3053 2896 3123 τρισυποστάτυυ
2941 3054 3158 3124 φύσεως
3209 3055 3460 3124 ἐνέργεια
3495 3073 3556 3108 τε
3612 3058 3702 3109 καὶ

438 3147 510 3197 tia
537 3144 752 3197 donatis
785 3140 1243 3196 communicatur.
1290 3134 1425 3190 Nam
1483 3133 1717 3204 Spiritus
1768 3145 2010 3200 sanctus,

2125 3144 2372 3214 δύναμις,
2405 3147 2676 3217 διαφόρως
2703 3146 3034 3218 μεριζομένη
3084 3149 3177 3201 καὶ
3207 3146 3562 3217 καταλλήλως
3593 3150 3701 3212 τοῖς

438 3247 495 3289 ιιι
530 3237 600 3288 ait
655 3249 883 3304 magnus
934 3231 1186 3296 Basilius,
1231 3230 1438 3285 nonad
1489 3244 1652 3283 unam
1704 3241 2011 3281 mensuram

439 3327 615 3396 dignis
645 3341 703 3380 se
730 3326 842 3387 dat,
880 3327 974 3377 sed
1023 3338 1120 3392 pro
1164 3323 1374 3376 ratione
1421 3318 1545 3373 [ldei
1597 3317 1784 3371 dividit
1820 3331 2016 3385 opera-

443 3422 668 3483 tionem,
722 3418 952 3488 simplex
1007 3416 1227 3484 quidem
1260 3412 1521 3478 essentia,
1574 3410 1850 3480 multiplex
1887 3423 2015 3463 vero

443 3511 755 3564 virtutibus.

519 3813 638 3867 ilO.
698 3811 855 3878 Quod
908 3809 1237 3879 participare
1287 3805 1489 3876 aliquid
1537 3803 1759 3868 dicitur,
1814 3811 2020 3870 partem

444 3910 608 3964 habet
634 3907 938 3978 participati
969 3921 983 3958 :
1015 3919 1136 3957 nam
1157 3902 1200 3957 si
1228 3916 1331 3955 non
1352 3900 1544 3970 partis,
1565 3899 1656 3952 sed
1691 3897 1854 3950 totius
1883 3903 2044 3950 esset-

449 4016 700 4069 consors,
748 3999 1028 4070 possidere
1083 3997 1306 4065 proprie
1358 3993 1658 4054 diceretur,
1707 3988 1848 4044 haud
1897 4004 2024 4044 vero

445 4094 778 4162 participare
806 4109 821 4146 :
861 4089 1138 4145 divisibile
1170 4102 1297 4157 ergo
1329 4095 1412 4140 est
1463 4085 1870 4154 participatum,
1901 4082 2025 4152 quia

447 4187 646 4258 partim
702 4183 1096 4239 communicari
1152 4179 1310 4233 debet
1362 4176 1727 4248 participanti.
1780 4176 2026 4230 Essentia

452 4297 582 4335 vero
619 4279 710 4333 Dei
751 4286 835 4351 est
878 4276 1101 4328 omnino
1148 4272 1513 4333 indivisibilis,
1539 4284 1666 4340 ergo
1696 4277 1752 4324 et
1807 4269 2029 4323 omnino

451 4385 535 4428 cst
571 4369 1062 4442 imparticipabilis.
1094 4365 1424 4421 Divisibiletn
1451 4372 1630 4418 tamen
1649 4378 1771 4418 esse
1794 4363 2027 4416 divinam

453 4465 823 4534 operationem
859 4462 1050 4512 crebro
1081 4457 1135 4512 in
1187 4455 1533 4512 sermonibus
1563 4454 1806 4510 ostendit
1849 4453 2026 4524 Chry-

456 4565 733 4612 sostomus
758 4553 913 4608 Pater
941 4569 956 4620 ;
984 4567 1046 4605 ea
1077 4550 1242 4621 igitur
1271 4562 1356 4604 est
1387 4564 1505 4619 quae
1538 4563 1568 4602 a
1601 4546 2027 4618 deiiicaelgratize

455 4647 799 4718 compotibus
848 4645 1233 4718 participatur.
1282 4643 1419 4696 Audi
1474 4657 1604 4711 ergo
1652 4657 1774 4695 cum
1837 4657 2029 4696 rursus

456 4756 620 4798 aur-ea
654 4741 832 4812 lingua
863 4741 1024 4793 ambo
1075 4736 1376 4791 clarissime
1408 4736 1713 4797 docentetn,
1749 4748 1944 4802 nempe
1975 4741 2029 4787 et

459 4829 856 4898 operationem,
891 4827 1034 4880 haud
1065 4841 1194 4880 vero
1238 4825 1527 4880 essentiam
1561 4824 1751 4889 dividi,
1780 4833 1834 4876 et
1880 4823 2028 4876 illaut

457 4921 791 4992 participari,
809 4919 953 4973 haud
976 4933 1103 4974 vero
1122 4915 1687 4972 iucommunicahilem
1714 4917 2032 4980 essentiam,

457 5028 525 5066 ex
557 5027 662 5082 qua
693 5012 874 5066 divina
907 5013 1160 5079 procedet
1190 5009 1433 5080 operatio
1484 5027 1498 5065 :
1534 5023 1770 5080 namque
1803 5007 2037 5062 ailcrens

457 5104 832 5174 evangelicum
866 5103 993 5158 illud
1019 5119 1036 5164 ;
1069 5123 1084 5155 ι
1114 5103 1188 5157 De
1223 5102 1557 5172 plenitudine
1584 5101 1702 5172 ejus
1729 5115 1824 5154 nos
1848 5113 2039 5154 omnes

462 5198 816 5266 accepimus;
845 5197 892 5229 ”
933 5216 950 5248 ι
982 5195 1166 5252 subdit
1199 5213 1257 5251 ιι
1303 5195 1362 5250 Si
1397 5196 1541 5248 enim
1572 5193 1770 5262 ignem,
1804 5192 1874 5245 ibi
1897 5191 2038 5261 quod

466 5291 726 5344 dividitur
757 5291 991 5346 essentia
1024 5298 1078 5342 et
1109 5301 1307 5355 corpus
1338 5297 1441 5352 est,
1473 5285 1768 5339 dividimus
1804 5285 2042 5338 simulet

452 5397 572 5435 non
599 5381 915 5446 dividimus,
947 5392 1152 5451 quanto
1186 5380 1357 5449 magis
1391 5377 1785 5448 operationem,
1815 5385 1863 5428 et
1913 5389 2041 5446 ope-

457 5478 728 5532 rationem
761 5478 976 5548 quidem
1001 5475 1356 5546 incorporalis
1385 5472 1672 5530 essentizel
1721 5491 1737 5522 ι

541 5758 586 5789 ⁸⁸
613 5761 770 5814 Joln.
801 5778 843 5828 1,
873 5765 941 5816 H5

2127 3236 2433 3306 μετέχουσι,
2470 3241 2558 3293 διὰ
2585 3243 2740 3296 τοῦτο
2772 3246 2865 3299 καὶ
2905 3249 3129 3318 χωρητὴ
3163 3248 3372 3317 γίνεται
3406 3251 3522 3312 τοῖς
3550 3266 3700 3318 κεχα·

2125 3329 2446 3398 ριτωμένοις
2469 3348 2482 3363 ·
2517 3333 2574 3385 τὸ
2599 3335 2704 3403 γὰρ
2734 3337 2958 3408 Πνεῦμα
2989 3339 3050 3391 τὸ
3080 3339 3256 3407 ἅγιον,
3292 3340 3437 3392 κατὰ
3469 3341 3562 3394 τὸν
3606 3341 3698 3410 μέ-

2123 3435 2226 3484 γαν
2262 3421 2427 3488 ιράναι
2469 3423 2770 3490 Βασίλειον,
2836 3428 2932 3499 οὐχ
2999 3430 3081 3485 ἑνὶ
3138 3431 3322 3500 μέτρῳ
3372 3435 3487 3495 τοῖς
3534 3431 3696 3496 ἀξίοις

2126 3513 2485 3582 μετεχὸμενόν
2525 3517 2694 3585 ἐστιν,
2749 3518 2887 3574 ἀλλά
2947 3524 3088 3576 κατὰ
3139 3523 3431 3593 ἀναλογίαν
3484 3527 3582 3593 τῆς
3614 3525 3697 3576 πί-

2124 3616 2290 3667 στεως
2327 3603 2528 3675 διαιρεῖ
2549 3607 2648 3679 τὴν
2687 3609 2992 3681 ἐνέργειαν,
3023 3614 3229 3668 ἁπλοῦν
3275 3616 3376 3686 μὲν
3416 3616 3475 3670 ὃν
3506 3619 3572 3688 τῇ
3621 3618 3700 3668 οὐ·

2123 3693 2232 3764 σία,
2269 3697 2510 3750 ποικίλον
2549 3700 2604 3752 δὲ
2639 3704 2758 3763 ταῖς
2790 3704 3077 3773 δυνάμεσι.

2196 3782 2281 3853 ρι’.
2313 3785 2384 3837 Τὸ
2413 3789 2660 3857 μετέχειν
2705 3790 2851 3853 τινος
2893 3790 3206 3863 λεγόμενον,
3256 3792 3422 3864 μέρος
3461 3794 3572 3863 ἔχει
3605 3791 3698 3846 τοῦ

2127 3875 2515 3942 μετεχομένου’
2545 3876 2650 3930 κᾶν
2679 3878 2788 3950 γὰρ
2824 3881 2873 3932 εί
2924 3881 2998 3949 μὴ
3035 3881 3257 3951 μέρους,
3285 3882 3420 3933 ἀλλά
3443 3882 3535 3934 τοῦ
3575 3899 3695 3933 παν-

2123 3963 2212 4026 τὲις
2244 3966 2481 4034 μετέχει,
2512 3967 2658 4036 ἔχειν
2692 3968 2758 4021 ἂν
2815 3971 3020 4042 κυρίως
3050 3971 3247 4040 λέγοιτ’
3281 3975 3377 4036 ἂν,
3424 3973 3538 4026 ἀλλ’
3576 3973 3697 4040 οὐχὶ

2127 4055 2374 4124 μετέχειν
2403 4059 2591 4110 τούτου
2615 4075 2627 4088 ’
2652 4062 2905 4131 μεριστὸν
2926 4063 3034 4134 ἄρα
3062 4063 3122 4116 τὸ
3151 4063 3509 4133 μετεχόμενόν
3531 4063 3698 4124 ἐστιν,

2125 4143 2283 4214 εἰπερ
2330 4146 2526 4215 μέρους
2577 4151 2829 4220 μετέχειν
2872 4152 3090 4224 ἀνάγκη
3129 4153 3189 4206 τὸ
3241 4155 3491 4224 μετέχον.
3545 4155 3605 4207 Ἡ
3641 4154 3699 4206 δὲ

2125 4235 2282 4289 οὐσία
2303 4237 2397 4290 τοῦ
2421 4238 2556 4292 Θεοῦ
2595 4243 2941 4297 παντάπασίν
2971 4246 3119 4297 ἐστιν
3146 4245 3467 4315 ἀμέριστος·
3508 4244 3701 4298 οὐκοῦν

2126 4327 2221 4379 καὶ
2256 4329 2606 4383 παντάπασίν
2638 4333 2786 4384 ἐστιν
2812 4333 3139 4403 ἀμέθεκτος.
3172 4336 3245 4387 Τὸ
3273 4335 3329 4388 δὲ
3357 4334 3695 4406 μερίζεσθαι,

2124 4420 2223 4489 τῆς
2265 4419 2415 4486 θείας
2445 4425 2726 4493 ἐνεργείας
2785 4423 2946 4490 εἶναι,
3004 4427 3272 4498 πολλαχοῦ
3313 4429 3421 4482 τῶν
3474 4429 3638 4495 λόγων
3672 4429 3702 4478 ὁ

2058 4495 2103 4554 Ῑ)
2127 4511 2512 4583 Χρυσόστομος
2544 4515 2907 4582 ἀποφαίνεται
2969 4495 3208 4590 Πατήρ,
3233 4517 3372 4590 αὕτη
3417 4517 3701 4587 τοιγαροῦν

2128 4603 2274 4656 ἔστιν
2308 4605 2340 4674 ή
2371 4605 2465 4658 καὶ
2496 4606 2648 4674 παρὰ
2675 4607 2783 4659 τῶν
2807 4609 3128 4677 ἠξιωμένων
3158 4611 3258 4680 τῆς
3295 4610 3552 4678 θεουργοῦ
3599 4609 3701 4678 χά-

2132 4713 2278 4767 ριτος
2308 4698 2668 4767 μετεχομένη.
2696 4701 2965 4752 Ἀκουσον
2987 4697 3080 4755 οὖν
3110 4702 3276 4755 αὐτοῦ
3303 4703 3467 4755 πάλιν
3492 4701 3578 4754 τοῦ
3601 4701 3700 4770 τὴν

2127 4787 2375 4855 γλῶτταν
2428 4789 2655 4860 χρυσοῦ,
2694 4791 3070 4861 προδηλότατα
3124 4793 3472 4858 διδάσκοντος
3521 4794 3698 4860 ἀμφό·

2127 4893 2292 4947 τερα·
2329 4877 2386 4929 τό
2415 4895 2472 4930 τε
2499 4879 2597 4950 τὴν
2638 4881 2942 4950 ἐνέργειαν,
2977 4883 3090 4938 ἀλλ’
3120 4885 3180 4938 οὗ
3223 4885 3320 4953 τὴν
3359 4885 3545 4936 οὐσίαν
3564 4879 3702 4934 εἶναι

2128 4969 2226 5038 τὴν
2279 4971 2646 5041 μεριζομένην
2685 4974 3001 5044 ἀμερίστως
3047 4976 3141 5029 καὶ
3173 4976 3556 5046 μετεχομένην,
3587 4973 3702 5026 ἀλλ’

2125 5061 2250 5129 οὐχὶ
2276 5063 2377 5132 τὴν
2406 5063 2711 5132 ἀμέθεκτον
2750 5066 2961 5129 οὐσίαν,
3011 5067 3070 5130 ἐξ
3100 5062 3167 5141 ἦς
3203 5070 3232 5138 ἡ
3294 5069 3415 5121 θεία
3462 5067 3704 5140 πρόεισιν

2130 5155 2397 5224 ἐνέργεια·
2447 5155 2702 5227 προσθεὶς
2725 5158 2832 5228 γὰρ
2865 5158 2926 5211 τὸ
2959 5159 3312 5227 εὐαγγελικδν
3341 5159 3532 5223 έκεῖνο,
3566 5179 3582 5209 ι
3604 5157 3701 5209 Ἐκ

2130 5247 2223 5300 τοῦ
2252 5247 2617 5316 πληρώματος
2660 5250 2824 5302 αὐτοῦ
2848 5251 3008 5320 ἡμεῖς
3044 5250 3242 5313 πάντες
3279 5250 3600 5321 ὲλάϐομεν,ι
3637 5247 3698 5298 Ei

2131 5340 2241 5410 γὰρ
2267 5340 2360 5392 ἐπὶ
2393 5341 2486 5393 τοῦ
2519 5342 2714 5412 πυρὸς,
2749 5345 2937 5411 φησὶν,
2979 5343 3104 5396 ἔνθα
3131 5343 3289 5396 οὖσία
3315 5343 3375 5395 τδ
3417 5341 3694 5412 μεριζόμε-

2131 5450 2221 5486 νον
2239 5432 2535 5502 καὶσῶμα,
2557 5435 2652 5486 καὶ
2678 5435 2996 5506 μερίζομεν,
3024 5434 3117 5488 καὶ
3143 5435 3204 5488 οὐ
3237 5451 3300 5504 με
3312 5433 3530 5504 ρίζομεν
3550 5429 3696 5487 αὐτὶ.

2131 5525 2284 5597 πόσῳ
2316 5525 2515 5596 μᾶλλον
2554 5527 2645 5579 ἐπὶ
2675 5528 2775 5596 τῆς
2815 5527 3118 5596 ἐνεργείας.
3154 5526 3249 5580 καὶ
3279 5523 3554 5594 ἐνεργείας
3591 5519 3694 5586 τῆς

2121 5618 2191 5682 ἐξ
2219 5617 2512 5686 ἀσωμάτου
2545 5617 2731 5679 οὐσίας
2751 5633 2765 5680 ;
