3960 6190
310 317 448 380 1197

1212 309 1479 369 CAPITA
1521 303 1875 373 PﬂYSlCA,
1915 301 2436 389 TIIEOLOGICA,
2478 300 2637 361 ETC.

3426 301 3563 365 1198

367 415 492 488 ρια¹.
534 417 743 473 Ἔτιτό
786 434 929 482 τινος
981 417 1231 489 μετέχειν
1257 425 1378 472 κατ’
1427 418 1638 483 οὐσίαν,
1686 418 1873 489 κοινὴν

2049 418 2171 471 lli.
2201 416 2445 487 Insuper,
2481 416 2625 493 quod
2657 415 2948 487 participat
2997 413 3201 486 aliquid
3263 421 3560 479 secundum

293 512 507 581 ἀνάγκη
540 510 680 579 μετὰ
712 510 805 564 τοῦ
846 511 1211 580 μετεχομένου
1235 509 1336 579 τὴν
1364 510 1555 563 οὐσίαν
1583 509 1747 580 ἔχειν,
1778 512 1874 571 καὶ

294 604 438 659 κατά
463 620 517 654 τι
543 602 642 671 τὴν
668 601 860 670 αὑτήν.
895 602 989 665 Τίς
1019 598 1113 655 οῦν
1137 602 1256 654 ποτ’
1286 602 1487 673 ἢκουσε
1546 602 1678 672 μίαν
1727 595 1870 661 εἶναι

298 694 393 747 τοῦ
420 693 555 746 Θεοῦ
613 694 706 746 καὶ
732 693 886 761 ἡμῶν
939 694 1079 747 κατά
1105 710 1158 748 τι
1191 695 1288 765 τὴν
1317 694 1543 758 ούσίανς
1574 693 1669 749 καὶ
1699 694 1873 753 ταῦτα

300 788 395 840 τοῦ
429 786 669 855 μεγάλου
702 784 981 839 Βασιλείω
1011 786 1260 853 λέγοντος
1288 801 1303 817 θ
1354 786 1420 838 Δί
1451 786 1553 857 μὲν
1597 786 1873 857 ἐνέργειαι

294 878 393 933 τοῦ
418 877 553 930 Θεοῦ
584 876 719 943 πρὸς
748 877 892 945 ἡμᾶς
924 876 1359 940 καταϐαίνουσιν,
1386 877 1493 949 ἡδὲ
1518 876 1677 937 οὐσία
1710 876 1874 933 αὐτοῦ

305 976 459 1041 μένει
488 970 781 1039 ἀπρόσιτος
803 983 817 999 ο
850 971 945 1023 καὶ
971 969 1063 1023 τοῦ
1097 970 1240 1023 Θείου
1262 969 1515 1040 Μαξίμου
1540 968 1840 1041 φάσκοντος
1858 984 1872 1000 ·

297 1063 507 1123 Πάντα,
554 1061 652 1113 ὅσα
678 1062 704 1113 6
724 1060 881 1122 Θεὸς,
914 1061 1007 1112 καὶ
1035 1062 1063 1112 6
1091 1060 1180 1113 διὰ
1202 1060 1301 1130 τῆς
1330 1060 1552 1131 χάριτος
1599 1060 1877 1135 τεθεωμέ-

290 1181 385 1229 νος
423 1162 597 1223 ἔσται,
633 1163 801 1232 χωρὶς
854 1161 954 1229 τῆς
985 1162 1105 1215 κατ’
1156 1163 1344 1223 οὐσίαν
1370 1181 1718 1235 ταυτοτητος.
1756 1171 1872 1231 Οὐκ

293 1259 403 1329 ἄρα
456 1256 556 1324 τῆς
588 1254 737 1316 θείας
784 1254 974 1317 οὐσίας
1009 1254 1183 1308 ἔνεστι
1234 1256 1501 1326 μετέχειν,
1532 1258 1642 1315 οὐδ’
1677 1260 1875 1325 αὐτοὺς

294 1350 422 1409 τοὺς
454 1347 542 1402 διὰ
587 1347 686 1416 τῆς
718 1346 869 1410 θείας
930 1347 1151 1418 χάριτος
1192 1347 1605 1415 τεοεωμένουςο
1651 1352 1763 1422 Τῆς
1817 1352 1872 1409 δέ

298 1441 448 1502 θείας
474 1438 752 1508 ἐνεργείας
783 1437 959 1490 ἔνεστι
1007 1438 1278 1507 μετέχειν.
1327 1440 1418 1503 Εἰς
1449 1441 1607 1497 τοῦτο
1658 1444 1765 1515 γάρ
1804 1460 1873 1513 με

297 1533 458 1603 φέρει
488 1532 546 1584 τὸ
575 1532 792 1603 μέτριον
819 1531 1053 1586 ἐνταὶθα
1080 1532 1281 1600 φέγγος
1298 1532 1399 1602 τῆς
1430 1533 1706 1603 ἀληθείας,
1734 1534 1875 1605 λαμ-

298 1625 545 1694 πρότητα
571 1623 704 1676 Θεοῦ
745 1622 874 1676 ἰδεῖν
918 1624 1013 1680 καὶ
1048 1623 1259 1689 παθεῖν,
1318 1626 1484 1694 φησὶν
1537 1628 1564 1680 ὁ
1614 1626 1874 1694 Θεολόγος

295 1717 596 1788 Γρηγὸριος
625 1732 638 1753 ο
668 1716 761 1769 καὶ
802 1715 834 1784 ἡ
886 1715 1205 1785 λαμπρότης
1270 1716 1363 1773 τοῦ
1408 1715 1544 1773 θεοῦ
1606 1717 1762 1788 ἡμῶν
1790 1718 1874 1788 ἐφ’

294 1810 446 1879 ἡμᾶς
472 1808 613 1861 κατὰ
639 1807 729 1861 τὸν
761 1805 1052 1875 ψαλμῳδδν
1083 1807 1373 1877 προφήτην
1396 1821 1410 1836 ⁶
1443 1806 1538 1861 καὶ
1572 1808 1703 1879 μίαν
1734 1805 1876 1866 εἶναι

299 1899 395 1954 τοῦ
434 1897 569 1952 θεοῦ
600 1900 695 1953 καὶ
735 1898 844 1955 τῶν
874 1897 1047 1964 ἁγίων
1108 1898 1208 1966 τὴν
1248 1898 1554 1967 ἐνέργειαν,
1591 1899 1621 1952 6
1670 1900 1881 1966 τούτοις

298 1990 613 2061 ἐναρίθμιος
657 1987 908 2057 Μάξιμος
952 1987 1154 2058 γράφει
1192 1988 1509 2061 διαρρήδην,
1542 1990 1640 2046 καὶ
1696 1990 1877 2056 ζώσας

297 2084 513 2145 εἰκόνας
544 2077 688 2135 εἶναι
746 2079 969 2142 τούτους
992 2078 1268 2150 Χριστοῦ,
1322 2080 1422 2134 καὶ
1470 2081 1639 2135 ταυτὸ
1683 2082 1884 2153 μᾶλλον

234 2208 241 2215 ~
298 2174 451 2243 αὐτῷ
478 2172 621 2227 κατὰ
655 2171 753 2243 τὴν
786 2170 968 2242 χάριν,
1001 2170 1035 2239 ἢ
1065 2170 1421 2242 ἀφομοίωμα.

370 2267 497 2337 ριβ’.
542 2267 599 2320 '0
650 2265 785 2329 Θεὸς
812 2265 975 2326 αὑτός
1029 2264 1180 2321 ἐστιν
1224 2265 1285 2319 ἐν
1331 2262 1532 2334 ἐαυτῷ,
1572 2263 1683 2317 τῶν
1708 2263 1880 2336 τριῶν

300 2359 465 2414 οείων
510 2356 862 2415 ὑποστάσεων
918 2354 1183 2423 φυσικῶς,
1241 2354 1460 2422 ὁλικῶς,
1519 2356 1724 2420 ἁῖδίως,
1786 2356 1881 2411 καὶ

298 2449 725 2518 ἁνεκφοιτήτως,
758 2446 875 2517 ἅμα
897 2446 952 2499 δὲ
980 2446 1073 2500 καὶ
1100 2444 1378 2516 άφύρτως,
1413 2446 1509 2499 καὶ
1555 2445 1881 2516 ἀσυγχύτως

300 2539 575 2609 ἐχομένων
613 2537 880 2607 ἀλλήλων,
922 2538 1017 2592 καὶ
1038 2536 1466 2608 περιχωρουσῶν
1516 2536 1595 2600 εἰς
1622 2536 1881 2608 ἀλλήλας,

298 2633 376 2695 ὡς
418 2632 544 2701 μίαν
589 2626 727 2683 εἶναι
761 2629 966 2683 τούτων
992 2629 1085 2682 καὶ
1121 2628 1219 2699 τὴν
1244 2628 1549 2701 ἐνέργειαν.
1579 2630 1759 2700 Ὅπερ
1792 2611 1883 2682 ἐπ’

296 2721 514 2785 οὐδενὸς
536 2720 601 2775 ἄν
646 2736 729 2782 τις
759 2719 910 2791 εὖροι
935 2718 1043 2772 τῶν
1084 2718 1343 2774 κτιστῶν.
1375 2719 1602 2790 (Ὁμοία
1643 2721 1741 2790 μὲν
1774 2721 1884 2791 γὰρ

298 2814 361 2865 ἐν
398 2814 511 2876 τοῖς
544 2811 885 2882 ὁμογενέσιν,
919 2812 1035 2871 ἀλλ’
1082 2811 1321 2884 ἑκάστης
1350 2813 1708 2878 ὑποστάσεως
1761 2813 1883 2867 καθ’

301 2904 505 2974 ἑαυτὴν
534 2902 885 2973 ἐνεργούσης,
943 2903 1046 2956 ἰδία
1077 2903 1170 2956 καὶ
1198 2906 1231 2974 ἡ
1271 2904 1568 2974 ἐνέργεια.)
1622 2903 1737 2958 Ούκ
1766 2902 1880 2972 ἔχει

300 2990 357 3043 δὲ
380 2989 552 3052 οὕτως
583 2991 678 3044 ἐπὶ
704 2990 813 3044 τῶν
838 2989 1007 3061 τριῶν
1034 2989 1259 3045 ἐκείνων
1308 2991 1473 3045 θείων
1505 2993 1599 3048 καὶ
1641 3010 1882 3064 προσκυο

302 3078 479 3147 νητῶν
514 3078 886 3133 ῦποστάσεων’
923 3077 997 3141 ὡς
1046 3077 1261 3148 ἀληθῶς
1291 3080 1401 3151 γὰρ
1434 3079 1531 3148 μία
1584 3082 1699 3134 ἐκεῖ
1729 3079 1822 3134 καὶ
1851 3081 1883 3150 ἡ
1914 3111 1957 3168 c

302 3170 441 3238 αὐτή
472 3171 587 3222 ἐστι
621 3186 635 3200 ο
671 3169 769 3239 μία
792 3169 902 3242 γάρ
931 3173 962 3240 ἡ
987 3170 1079 3223 τοῦ
1103 3170 1250 3229 Θείου
1280 3170 1619 3245 βουλήματος
1648 3173 1883 3245 κίνησις,

304 3267 367 3316 ἐκ
396 3261 838 3332 προκαταρτικοῦ
877 3260 1051 3319 αἰτίου
1076 3261 1168 3317 τοῦ
1203 3262 1415 3333 Πατρὶς
1447 3263 1768 3335 ὁρμωμένη,
1791 3262 1887 3316 καὶ

303 3353 390 3411 διὰ
434 3353 527 3406 τοῦ
563 3353 692 3411 Υἱοῦ
748 3352 1033 3423 προϊοῦσα,
1066 3353 1157 3406 καὶ
1186 3353 1247 3405 ἐν
1302 3352 1380 3423 τῷ
1434 3353 1572 3423 ἁγίῳ
1607 3354 1884 3425 Πνεύματι

306 3445 738 3517 προφαινομένη.
770 3445 877 3497 Καὶ
910 3443 1066 3498 τοῦτο
1096 3444 1253 3512 δῆλον
1278 3446 1343 3501 ἐκ
1368 3445 1474 3501 τῶν
1509 3444 1885 3514 ἀποτελεσμά-

302 3556 416 3594 των
433 3555 448 3570 ο
471 3538 717 3592 ἐντεῦθεν
743 3538 851 3608 γὰρ
876 3540 1026 3595 πᾶσα
1054 3537 1260 3609 φυσικὴ
1282 3537 1535 3606 ἐνέργεια
1565 3536 1886 3595 καθίσταται

306 3629 609 3699 γνώριμος.
640 3629 750 3682 Καὶ
772 3630 951 3683 τοίνυν
979 3630 1075 3699 οὐχ
1104 3628 1296 3699 ὥσπερ
1318 3629 1479 3703 ὁμοία
1512 3628 1632 3699 μὲν,
1666 3628 1798 3700 άλλη
1830 3628 1886 3682 δὲ

305 3725 438 3796 παρ’
462 3725 625 3793 ἄλλης
642 3722 905 3793 χελιδόνος
926 3721 1228 3775 ἐκτελεῖται
1255 3719 1419 3776 καλιά
1435 3737 1448 3749 ⁸
1474 3721 1568 3773 καὶ
1590 3720 1726 3787 άλλη
1752 3720 1882 3793 παρ’

306 3815 471 3870 ἄλλου
502 3812 760 3885 γραφέως
785 3812 1202 3885 καταγράφεται
1233 3810 1400 3877 σελὶς,
1439 3808 1542 3865 κᾶν
1562 3811 1627 3863 ἐκ
1655 3811 1762 3863 τῶν
1793 3810 1883 3864 αῦ-

306 3907 419 3960 τῶν
447 3906 726 3976 στοιχείων
764 3903 820 3979 ᾖ,
874 3904 1018 3959 οῦτω
1048 3907 1142 3959 καὶ
1188 3904 1281 3957 ἐπὶ
1320 3903 1552 3973 Πατρδς,
1593 3902 1687 3955 καὶ
1729 3902 1883 3964 Υίοῦ,

308 3999 405 4059 καὶ
446 3998 606 4065 ἁγίου
657 3998 991 4066 Πνεύματος,
1040 3995 1169 4051 ῐδιον
1205 3994 1552 4063 ἀποτέλεσμα
1583 3992 1713 4062 παρ’
1754 3992 1884 4046 ἐκά-

307 4106 444 4159 στης
467 4090 662 4159 ὁρᾶται
696 4088 804 4141 τῶν
850 4088 1201 4142 ὑποστάσεων
1227 4102 1241 4115 ο
1270 4084 1405 4140 ἀλλὰ
1433 4085 1585 4139 πᾶσα
1611 4085 1643 4155 ἡ
1690 4083 1886 4155 κτίσις,

307 4182 419 4237 τῶν
451 4181 616 4251 τριῶν
639 4182 783 4237 ἐστιν
812 4180 971 4250 ἔργον
1008 4179 1087 4233 ἓν.
1112 4179 1225 4239 Καὶ
1250 4177 1358 4231 ἀπὸ
1386 4175 1591 4247 ταύτης
1632 4176 1765 4244 μίαν
1794 4176 1889 4231 καὶ

309 4273 482 4342 αὐτὴν
513 4271 619 4329 τῶν
652 4271 815 4342 τριῶν
847 4268 1238 4340 προσκυνητῶν
1282 4267 1612 4337 προσώπων,
1639 4265 1756 4322 ἀλλ’
1788 4266 1889 4320 οὐκ

310 4364 761 4432 ἀποτεταγμένην
808 4361 1023 4430 ἑκάστῳ
1076 4361 1169 4415 καὶ
1227 4359 1419 4433 ὁμοίαν
1452 4360 1592 4412 νοεῖν
1645 4355 1751 4412 ὑπὸ
1780 4354 1888 4411 τῶν

312 4454 572 4525 Πατέρων
603 4454 934 4524 μεμνήμεθα
968 4454 1066 4524 τὴν
1090 4452 1239 4507 θείαν
1264 4451 1567 4522 ἐνέργειαν.

384 4552 510 4617 ριγ¹.
547 4547 702 4602 Ἐπεὶ
724 4548 781 4599 ἐν
806 4546 1055 4616 ἀλλήλοις
1074 4543 1393 4613 ἁσυγχύτως
1423 4559 1483 4594 τε
1509 4552 1604 4599 καὶ
1636 4542 1888 4612 ἀφύρτως

313 4638 339 4689 6
376 4635 562 4707 Πατὴρ
589 4636 682 4689 καὶ
710 4636 738 4688 6
763 4635 886 4697 Υἱὸς
926 4634 1019 4687 καὶ
1074 4632 1134 4687 τὸ
1166 4633 1391 4702 Πνεῦμα
1440 4631 1501 4685 τὸ
1541 4630 1697 4699 ἅγιόν
1728 4632 1887 4694 εἰσιν,

311 4726 435 4780 ὅθεν
475 4726 631 4797 ἴσμεν
656 4726 786 4797 μίαν
808 4721 949 4783 εἶναι
997 4724 1202 4779 τούτων
1257 4723 1501 4794 ἀκριϐῶς
1533 4723 1631 4792 τὴν
1679 4721 1891 4787 κίνησιν

313 4820 409 4873 καὶ
433 4817 532 4888 τὴν
570 4818 874 4888 ἐνέργειαν,
910 4818 977 4887 ἦν
1011 4816 1127 4887 ἔχει
1154 4818 1182 4869 6
1218 4815 1404 4885 Πατὴρ
1442 4817 1501 4869 ἐν
1538 4813 1714 4884 ἐαυτῷ
1747 4811 1890 4889 ζωὴν

314 4908 347 4979 ἦ
381 4908 630 4977 δύναμιν,
666 4908 764 4979 ούχ
796 4905 983 4976 ἔτερόν
1023 4908 1137 4959 ἐστι
1190 4904 1340 4974 παρὰ
1374 4904 1464 4956 τὸν
1494 4904 1642 4969 Υἱδν,
1676 4903 1752 4967 ὡς
1792 4902 1889 4979 τὴν

313 5000 485 5069 αὐτὴν
520 5000 713 5069 ἐκείνῳ
770 5000 864 5052 καὶ
902 4996 1046 5069 ζωὴν
1107 4997 1200 5057 καὶ
1227 4996 1458 5065 δύναμιν
1495 4994 1710 5065 ἔχοντα,
1750 4992 1892 5050 οὕτω

312 5092 381 5161 δὴ
411 5092 503 5147 καὶ
530 5092 558 5144 6
581 5091 727 5156 Υἱὸς,
750 5090 845 5145 καὶ
893 5090 955 5143 τὸ
987 5088 1209 5159 Πνεῦμα
1252 5087 1313 5141 τὸ
1354 5086 1530 5157 ἅγιον.
1561 5087 1623 5139 υἱ
1649 5086 1705 5140 δὲ
1738 5086 1891 5155 νομί-

321 5182 505 5249 ζοντες
530 5183 696 5254 μηδὲν
729 5182 1009 5252 διαφέρειν
1052 5181 1151 5250 τῆς
1190 5179 1340 5244 Θείας
1361 5179 1551 5242 ούσίας
1596 5179 1695 5248 τὴν
1744 5177 1892 5237 θείαν

321 5276 622 5345 ἐνέργειαν,
655 5277 953 5346 ἐπειδήπερ
980 5274 1080 5333 οῦκ
1130 5272 1308 5339 ἄλλος,
1350 5271 1467 5327 ἀλλ’
1494 5271 1655 5336 αὐτός
1688 5272 1836 5325 ἐστιν
1860 5270 1889 5321 6

318 5367 453 5431 Θεὸς
489 5368 523 5436 ἡ
547 5367 658 5437 ζωὴ
690 5367 866 5437 ἡμῶν,
898 5366 993 5419 καὶ
1040 5364 1203 5427 αὐτός
1251 5365 1400 5417 ἐστιν
1432 5366 1461 5416 6
1493 5363 1568 5433 μὴ
1607 5363 1745 5436 πρὸς
1776 5363 1893 5416 ’ἐτε-

320 5476 438 5529 ρον.
493 5460 628 5515 ἀλλὰ
654 5459 776 5521 καθ’
823 5457 1015 5517 ἐαυτὸν
1065 5455 1395 5528 προαιώνιος
1444 5455 1558 5526 ζωὴ
1608 5455 1893 5527 ὑπάρχων,

321 5551 603 5614 δυσσεὸεῖς
630 5551 693 5604 τέ
734 5553 839 5605 είσι
882 5551 977 5604 καὶ
1015 5548 1287 5619 ἀμαθείς’
1337 5548 1573 5618 ἀμαθεῖς
1603 5547 1725 5617 μὲν,
1771 5549 1895 5601 ἐπεὶ

328 5641 493 5710 μήπω
542 5640 918 5711 ἐδιδάχθησαν,
963 5641 1044 5692 ὅτι
1098 5639 1188 5691 καὶ
1222 5640 1255 5707 ﬂ
1307 5637 1568 5691 ἀνωτάτω
1599 5638 1770 5707 Τριάς
1798 5641 1895 5710 οὐχ

324 5730 534 5799 ἕτερος,
566 5729 679 5783 ἀλλ’
705 5732 866 5794 αύτός
888 5734 1034 5783 ἐστιν
1068 5732 1095 5782 6
1128 5728 1280 5794 Θεὸς,
1317 5730 1410 5783 καὶ
1435 5728 1591 5783 οὐδὲν
1615 5730 1895 5797 ἐμποδίζει

1924 4441 1972 4499 D

1980 509 2294 575 essentiam,
2325 524 2675 567 communem
2724 508 2925 571 habere
2955 509 3115 566 debet
3168 525 3292 567 cum
3345 510 3566 579 partici-

1980 611 2107 670 pato
2160 601 2485 663 essentiam.
2538 610 2595 655 et
2653 601 3055 669 quodammodo
3100 603 3371 657 eamdem.
3434 600 3565 667 Quis

1980 704 2161 753 autem
2222 710 2460 763 unquam
2516 695 2724 755 audivit
2772 709 2934 755 unam
2960 708 3082 753 esse
3135 694 3244 749 Deo
3295 703 3351 751 et
3407 696 3563 749 nobis

1978 787 2384 855 quodammodo
2438 787 2732 845 essentiam
2763 786 2933 845 Ticum
2974 788 3273 854 praesertim
3336 802 3565 859 magnus

1980 877 2123 931 dicat
2158 877 2387 937 Basilius
2421 893 2435 932 :
2476 895 2495 928 ι
2528 878 2885 947 Uperationes
2930 879 3148 946 quidem
3193 877 3290 932 Dei
3337 881 3401 931 ad
3467 892 3564 933 nos

1979 968 2339 1034 descendunt,
2374 970 2612 1027 essentia
2667 983 2801 1027 vero
2828 970 2947 1039 ejus
2975 970 3454 1033 manetinaccessa
3490 988 3508 1023 ι
3547 985 3561 1036 ;

1979 1068 2033 1115 et
2092 1061 2248 1115 divus
2307 1061 2615 1117 Maximus:
2654 1078 2674 1112 ι
2714 1059 2889 1116 Omne
2939 1061 3199 1130 quidquid
3258 1061 3422 1128 Deus,
3461 1063 3565 1116 erit

1979 1150 2093 1221 ipse
2112 1153 2289 1221 gratia
2320 1149 2608 1206 deiﬁeatus
2629 1158 2829 1219 praeter
2846 1152 3108 1213 essentiae
3133 1149 3502 1211 identitatetn.
3542 1170 3558 1198 ι

1978 1243 2097 1300 Non
2152 1243 2320 1312 igitur
2369 1242 2608 1301 divinam
2646 1243 2943 1298 essentiam
2998 1243 3160 1296 datur
3215 1242 3561 1314 participare.

1980 1352 2047 1390 ne
2088 1337 2219 1405 ipsis
2248 1336 2463 1405 quidem
2512 1335 2695 1393 divina
2750 1335 2926 1405 gratia
2962 1335 3247 1390 deiﬁcatis.
3298 1334 3545 1391 Divinam

1979 1442 2107 1482 vero
2146 1428 2444 1483 essentiam
2481 1426 2609 1480 licet
2668 1429 3034 1499 participare:
3076 1445 3094 1483 ι
3140 1427 3206 1480 ad
3261 1426 3367 1483 boc
3416 1428 3560 1480 enim

1980 1536 2065 1575 me
2088 1535 2232 1576 nunc
2259 1522 2407 1575 ducit
2439 1521 2683 1575 veritatis
2710 1520 2900 1587 iubar.
2928 1529 2984 1575 ut
3020 1519 3195 1575 lucem
3228 1520 3323 1575 Dei
3358 1520 3565 1573 videam

1981 1623 2034 1666 et
2080 1612 2349 1680 experiar,
2388 1613 2468 1667 ait
2514 1613 2813 1683 Gregorius
2847 1612 3177 1683 Tlieologus,
3224 1631 3245 1667 ›
3276 1611 3342 1665 Et
3381 1610 3563 1665 lumen

1984 1703 2075 1757 Dei
2110 1720 2276 1774 super
2310 1720 2432 1770 nos,
2468 1706 2620 1776 juxta
2666 1704 3013 1765 Psalmistam
3051 1704 3395 1775 prophetam.
3431 1720 3450 1754 ι
3496 1703 3563 1757 Et

1984 1809 2147 1848 unam
2181 1811 2301 1851 esse
2321 1795 2415 1850 Dei
2442 1806 2495 1851 et
2525 1804 2840 1851 sanctorum
2865 1797 3256 1864 operationem,
3284 1795 3561 1851 ascribeu-

1984 1886 2095 1940 dus
2148 1886 2215 1940 ad
2256 1888 2355 1941 bos
2407 1884 2677 1947 Maximus
2724 1885 2938 1955 precise
2990 1883 3202 1951 scribit,
3229 1894 3285 1939 et
3316 1884 3415 1940 bos
3445 1900 3566 1940 esse

1981 1977 2134 2031 vivas
2162 1976 2422 2047 imagines
2448 1975 2677 2039 Christi,
2707 1985 2764 2031 et
2792 1975 2937 2033 idem
2977 1976 3159 2045 potius
3184 1989 3308 2029 cum
3342 1988 3410 2031 eo
3443 1989 3566 2031 esse

1972 2084 2081 2137 'per
2108 2071 2295 2141 gratiae
2330 2069 2806 2127 assimilationem.

2057 2245 2181 2301 112.
2210 2244 2351 2301 Deus
2384 2254 2467 2300 est
2499 2245 2632 2315 ipse
2677 2244 2735 2300 in
2784 2244 2982 2313 seipse,
3018 2243 3143 2313 quia
3178 2253 3291 2299 tres
3321 2257 3567 2314 personae

1986 2352 2261 2407 nunquam
2295 2352 2325 2390 a
2359 2351 2419 2392 se
2450 2337 2684 2393 invicem
2716 2345 3006 2402 exeuntes,
3051 2335 3376 2390 naturaliter
3427 2336 3563 2399 inte-

1985 2444 2078 2502 grc
2122 2439 2178 2487 et
2224 2440 2449 2495 aeterne.
2492 2429 2611 2485 sine
2663 2428 2768 2484 ulla
2831 2438 3013 2489 tamen
3064 2429 3451 2485 commistione
3502 2445 3564 2481 ac

1984 2522 2301 2580 confusione
2329 2538 2388 2578 se
2426 2522 2657 2578 invicem
2700 2531 3132 2590 eompenetrant,
3166 2522 3239 2575 ita
3292 2530 3349 2575 ut
3399 2538 3559 2579 uuam

1985 2616 2222 2675 habeant
2260 2617 2649 2685 operatiOuem.
2697 2600 2869 2680 Quod»
2909 2615 2963 2669 in
3000 2614 3145 2668 nulla
3182 2625 3560 2669 creaturarum

1987 2708 2223 2778 reperiri
2244 2718 2442 2779 potest.
2460 2705 2596 2763 Nam
2618 2707 2814 2765 similis
2832 2706 3048 2777 quidem
3072 2706 3127 2762 in
3149 2712 3563 2777 congencribus,

1988 2811 2043 2857 at
2089 2802 2216 2871 quia
2266 2814 2545 2870 nutumque
2598 2800 2936 2869 suppositum
2974 2814 3131 2859 more
3178 2800 3279 2857 sibi
3326 2816 3567 2869 congruo

1989 2893 2119 2963 agit,
2144 2893 2364 2964 proprie
2399 2892 2563 2951 simul
2614 2893 2755 2951 inest
2800 2891 3068 2962 operatio.
3100 2891 3213 2947 Non
3255 2894 3381 2951 item
3438 2909 3567 2946 vero

1989 2985 2057 3039 de
2089 2985 2269 3041 tribus
2322 2984 2429 3041 illis
2492 2983 2695 3044 divinis
2752 2984 3161 3052 adorandisque
3201 2987 3474 3052 personis,
3513 2984 3564 3036 in

1993 3078 2189 3148 quibus
2218 3094 2320 3134 una
2359 3088 2414 3135 et
2449 3080 2638 3135 eadem
2682 3077 2930 3146 operatio
2960 3086 3081 3133 est:
3121 3092 3263 3136 unus
3303 3078 3447 3133 enim
3484 3086 3567 3129 est

1989 3170 2185 3224 divina:
2211 3170 2501 3225 voluntatis
2533 3179 2743 3235 motus,
2773 3184 2803 3227 a
2832 3169 3092 3237 primario
3118 3170 3384 3239 principio
3410 3168 3568 3226 Patre

1986 3263 2277 3328 excitatus,
2306 3271 2361 3319 et
2412 3278 2506 3331 per
2566 3263 2758 3319 Filium
2810 3263 3135 3331 procedens,
3171 3271 3224 3319 et
3263 3263 3315 3316 in
3362 3263 3565 3330 Spit-.tu

1988 3364 2178 3411 sancto
2228 3353 2635 3411 manifestatus.
2690 3354 2755 3413 Et
2808 3354 2915 3413 hoc
2977 3364 3127 3425 patet
3176 3370 3241 3413 ex
3286 3357 3565 3425 operibus,

1987 3448 2182 3503 exinde
2212 3448 2356 3503 enim
2393 3449 2574 3503 omnis
2596 3447 2863 3505 naturalis
2894 3449 3140 3518 operatio
3168 3450 3220 3502 lit
3252 3462 3398 3503 uota.
3430 3450 3566 3518 Ergo

1988 3555 2094 3594 non
2125 3541 2263 3593 sicut
2296 3539 2493 3595 similis
2519 3540 2759 3608 quidem,
2795 3540 2889 3595 sed
2934 3540 3076 3599 alius
3109 3540 3177 3593 ab
3225 3542 3329 3594 alia
3371 3542 3564 3595 biruu-

1990 3632 2113 3687 dine
2140 3634 2425 3689 coniicitur
2454 3634 2635 3695 nidus.
2662 3646 2760 3687 nec
2805 3632 2949 3688 sicut
2984 3633 3088 3686 alia
3132 3635 3197 3689 ab
3228 3633 3333 3689 alio
3385 3636 3563 3687 scriba

1990 3723 2318 3779 describitur
2346 3724 2563 3794 pagina,
2601 3723 2816 3778 etiamsi
2868 3737 2935 3777 ex
2982 3723 3174 3781 iisdem
3207 3723 3401 3777 litteris
3438 3740 3567 3777 con-

1990 3823 2114 3879 stet,
2149 3816 2221 3869 ita
2254 3826 2309 3870 et
2339 3815 2389 3869 in
2420 3815 2581 3873 Patre
2607 3825 2659 3869 et
2682 3813 2821 3874 Filio
2851 3823 2907 3870 et
2942 3813 3146 3884 Spiritu
3200 3826 3390 3870 sancto
3441 3832 3566 3883 pro-

1992 3906 2167 3974 prium
2203 3922 2337 3974 opus
2365 3906 2433 3964 ab
2469 3920 2790 3976 unaquaque
2813 3906 2872 3962 ﬁt
2902 3920 3153 3974 persona.
3186 3908 3279 3963 sed
3308 3908 3564 3963 universa

1991 3998 2196 4054 creatio
2227 3999 2391 4055 trium
2424 4007 2508 4055 est
2557 4012 2698 4067 cpus
2748 4013 2935 4053 unum.
2984 3998 3052 4059 Et
3096 3998 3290 4055 exinde
3320 4015 3481 4055 unam
3514 4013 3567 4055 et

1991 4088 2237 4143 eamdem
2270 4087 2447 4147 tribus
2472 4088 2765 4147 aderandis
2792 4088 3060 4155 personis,
3079 4098 3134 4143 et
3156 4104 3262 4143 non
3293 4094 3563 4159 prOpIiam

1993 4179 2191 4247 cuique
2238 4189 2293 4233 et
2340 4180 2578 4239 similem
2636 4179 2879 4237 tribuere
2910 4197 2937 4234 a
2978 4180 3232 4239 Patribus
3276 4182 3566 4239 didit-Imus

1993 4270 2233 4329 divinam
2266 4270 2659 4339 operationem.

2075 4541 2197 4603 H3.
2218 4543 2350 4608 Quia
2384 4544 2437 4599 in
2472 4560 2531 4599 se
2560 4545 2792 4601 invicem
2816 4546 2937 4603 sine
2984 4547 3303 4606 confusione
3331 4564 3395 4606 ac
3425 4567 3573 4607 com-

2000 4633 2252 4695 mistione
2281 4632 2441 4691 Pater
2467 4644 2522 4688 et
2551 4633 2723 4695 Filius
2761 4642 2817 4690 et
2857 4634 3090 4709 Spiritus
3122 4649 3343 4697 sanctus
3390 4642 3575 4694 cccxi-

1999 4733 2168 4788 stuttt,
2203 4725 2344 4781 unde
2375 4725 2581 4783 scimus
2621 4740 2781 4782 unam
2810 4741 2932 4783 esse
2977 4728 3168 4781 borum
3200 4728 3442 4795 profecto
3482 4746 3572 4782 ac-

2002 4816 2203 4877 tionem
2228 4826 2285 4875 et
2314 4816 2688 4886 operationem
2715 4833 2729 4871 :
2770 4816 2891 4877 ideo
2921 4832 3085 4886 quam
3116 4817 3283 4877 habet
3326 4819 3485 4875 Pater
3519 4820 3570 4877 in

1994 4910 2178 4978 seipse
2205 4910 2373 4965 vitam
2407 4919 2499 4965 aut
2533 4911 2846 4978 potentiam,
2883 4911 2999 4973 haec
3032 4924 3140 4969 non
3168 4910 3277 4969 alia
3316 4920 3403 4967 est
3431 4914 3571 4982 apud

1999 5001 2220 5067 Filium,
2252 5001 2455 5074 quippe
2481 5002 2574 5069 qui
2604 5003 2852 5063 eamdem
2899 5016 2961 5061 ac
2993 5002 3084 5063 ille
3130 5003 3293 5065 habet
3323 5005 3487 5065 vitam
3516 5013 3572 5057 et

2000 5090 2339 5160 potentiam;
2375 5100 2432 5151 ut
2483 5099 2663 5153 autem
2703 5090 2892 5155 Filius.
2924 5094 3003 5148 sic
3055 5102 3112 5155 et
3158 5094 3395 5163 Spiritus
3444 5111 3572 5149 sau-

2000 5193 2143 5251 ctus.
2168 5183 2271 5251 Qui
2306 5199 2438 5247 vero
2475 5185 2813 5245 arbitrantur
2843 5184 3068 5251 minime
3114 5185 3424 5241 distinctam
3455 5202 3575 5241 esse

2001 5289 2032 5330 a
2065 5275 2246 5337 divina
2296 5276 2533 5339 essentia
2574 5274 2819 5339 divinam
2869 5276 3261 5345 Operationem,
3306 5275 3433 5342 quia
3468 5291 3571 5331 non

2000 5367 2163 5433 alius.
2183 5368 2281 5429 sed
2310 5368 2429 5436 ipse
2453 5375 2538 5429 est
2570 5365 2710 5422 Deus
2738 5367 2846 5423 vita
2877 5376 3084 5435 nostra,
3119 5374 3174 5421 et
3207 5366 3322 5436 ipse
3352 5381 3456 5420 non
3493 5381 3573 5419 re-

2000 5458 2163 5519 lative
2191 5459 2258 5514 ad
2290 5458 2462 5526 aliud,
2500 5458 2594 5515 sed
2642 5458 2695 5513 in
2741 5459 2922 5527 seipse
2968 5468 3176 5515 :eterna
3208 5458 3316 5513 vita
3355 5467 3457 5516 est.
3497 5458 3572 5512 illi

2001 5557 2129 5607 sunt
2157 5548 2304 5618 impii
2334 5556 2388 5609 et
2434 5550 2605 5619 ignari
2636 5565 2651 5606 :
2686 5549 2863 5620 ignari
2890 5550 3133 5619 quidem,
3162 5562 3284 5603 cum
3335 5548 3573 5602 nondum

2000 5640 2290 5693 didicerint
2321 5655 2587 5695 summam
2635 5641 2952 5696 Trinitatem
3004 5656 3112 5696 non
3143 5641 3333 5703 alium,
3356 5641 3451 5695 sed
3496 5641 3573 5709 ip-

2002 5745 2122 5786 sum
2175 5746 2297 5787 esse
2358 5732 2547 5797 Deum,
2583 5748 2758 5803 neque
2813 5734 2864 5788 id
2916 5744 3099 5794 tamen
3141 5735 3399 5803 impedire
3443 5734 3573 5803 quin
