3994 6206
392 284 414 349 i
425 284 536 350 203

1639 275 2033 342 GBEGORH
2075 279 2406 342 PALAM/E

3503 265 3641 328 1204

401 421 420 450 ο
453 396 770 463 immortali,
801 394 1086 462 invisibili,
1114 389 1216 451 soli
1244 395 1475 463 sapienti
1506 393 1614 450 Deo
1635 395 1683 427 “'
1707 413 1722 450 :
1762 407 1781 448 ι
1820 394 1968 450 unde

2106 400 2277 470 μύσία;
2317 399 2501 455 Θέλων
2553 397 2608 456 δὲ
2642 397 2817 465 δεῖξαι
2867 399 2962 454 καί
3016 411 3137 456 ⁶τινα
3185 397 3297 456 τῶν
3346 405 3659 473 προσόντων

405 492 579 556 iungis
613 489 792 544 adhuc
855 488 1161 543 ostenditur
1191 486 1396 541 nullum
1430 487 1816 540 attributorum
1871 486 1960 539 Dei

383 581 674 635 essentiam
710 595 847 634 esse.
873 578 1156 644 Quomodo
1182 579 1328 632 enim
1389 577 1793 642 immortalitas,
1819 577 1959 631 invi-

383 672 634 736 sibilitas,
667 680 720 725 et
741 671 1036 738 generatim
1081 671 1262 724 omnia
1307 669 1573 740 privative
1595 680 1686 723 aut
1714 670 1963 740 negatlvo

383 765 554 827 dicta,
593 763 707 817 sive
750 762 910 817 simul
966 763 1082 816 sive
1144 762 1375 817 seorsim
1438 762 1676 817 essentia
1736 760 1964 816 iurent?

385 855 575 911 Omnis
603 854 746 910 enim
797 854 1035 909 essentia
1062 855 1280 911 nonnisi
1314 855 1418 909 hoc
1438 854 1523 908 Vel
1559 854 1688 908 illud
1714 863 1815 908 est.
1849 854 1964 910 imo

385 948 429 1002 si
461 962 584 1001 cum
615 947 720 1002 illis
752 945 1162 1016 conjuugantur
1187 960 1306 1016 qua:
1337 959 1366 1000 ιι
1409 947 1678 1015 theologis
1709 947 1966 1001 dicuntur

385 1039 698 1092 aﬂirmativa
752 1038 850 1092 Dei
897 1038 1174 1102 attributa,
1212 1047 1358 1104 patet
1409 1039 1600 1092 horum
1633 1038 1782 1092 nullo
1807 1039 1956 1093 desio

384 1131 537 1200 gnari
569 1131 864 1192 essentiam
910 1130 1028 1197 Dei,
1059 1131 1308 1200 quamvis
1337 1131 1593 1184 omnibus
1641 1129 1832 1184 borum
1868 1145 1964 1185 no-

388 1224 644 1288 minibus,
663 1225 880 1293 quando
896 1237 1034 1293 opus
1055 1229 1158 1289 est,
1187 1231 1428 1289 utamur,
1453 1223 1519 1276 ad
1544 1221 1960 1291 significandum

387 1317 682 1370 essentiam
717 1315 864 1370 illam
889 1315 1036 1370 omni
1078 1315 1285 1369 nomini
1333 1315 1689 1384 superiorem.

2080 494 2288 549 τούτων
2348 493 2837 563 πλεονεκτημάτων
2878 493 2956 564 τῷ
2995 492 3190 566 Πανρὶ,
3251 496 3536 566 προήγαγε
3569 499 3659 549 τόν

2081 583 2290 643 Παῦλον
2316 588 2564 656 λέγοντα,
2582 584 2888 656 Ἀφθάρτῳ,
2906 587 3144 656 ἀοράτῳ,
3175 587 3321 657 μόνῳ
3349 587 3497 657 σοφῷ
3519 588 3658 658 Θεῷο

2080 680 2202 735 ὅθεν
2233 678 2310 733 ἔτι
2334 679 2607 733 δείκνυται
2639 677 2860 749 μᾶλλον,
2889 677 2965 741 ὡς
3009 677 3165 733 οὐδὲν
3193 679 3302 731 τῶν
3347 681 3661 750 προσόντων

2079 774 2159 846 τῷ
2205 770 2323 844 Θεῷ
2348 771 2506 827 οὐσία
2550 771 2688 825 ἐστί.
2736 771 2858 835 [Ιῶς
2885 770 2995 841 γὰρ
3034 769 3100 824 ἂν
3152 769 3238 840 εἴη
3271 771 3331 823 τὸ
3359 771 3660 844 ἄφθαρτον,

2081 865 2178 921 καὶ
2209 865 2269 918 τὸ
2289 863 2541 935 ἀόρατον,
2575 863 2668 916 καὶ
2696 862 2882 925 ἁπλῶς
2912 863 3088 915 πάντα
3124 861 3191 914 τὰ
3214 864 3659 932 ἁφαιρεματικᾶ,

2082 959 2116 1029 ἢ
2150 959 2244 1012 καὶ
2264 956 2334 1010 τὰ
2357 954 2708 1024 ἀποφατικὰ,
2754 953 2889 1025 ὁμοῦ
2949 971 3027 1017 τε,
3084 943 3119 1024 ἦ
3173 955 3344 1024 χωρὶς
3402 956 3661 1021 ἕκαστον,

2084 1049 2278 1116 οὐσίας
2309 1045 2536 1119 οὐδεμία
2566 1047 2673 1118 γὰρ
2705 1046 2885 1110 οὐσία,
2909 1046 2991 1099 ὅτι
3029 1047 3103 1115 μὴ
3132 1045 3248 1098 τόδε
3279 1045 3314 1116 ἢ
3344 1045 3470 1099 τάδε
3519 1046 3661 1098 ἐστί’

2083 1141 2295 1204 τούτοις
2342 1140 2397 1194 δὲ
2426 1141 2520 1193 καὶ
2563 1139 2633 1192 τὰ
2665 1139 2936 1209 προσόντα
2965 1137 3042 1207 τῷ
3081 1136 3222 1206 Θεῷ,
3271 1137 3666 1204 καταφατικῶς

2088 1230 2497 1300 συνταττόμενα
2524 1229 2672 1302 παρὰ
2700 1229 2809 1282 τῶν
2848 1228 3136 1295 θεολόγων,
3187 1227 3463 1280 δείκνυται
3493 1228 3667 1298 μηδὲν

2087 1323 2269 1378 αὐτῶν
2299 1323 2494 1394 δηλοῦν
2517 1322 2616 1393 τὴν
2639 1320 2828 1375 οὐσίαν
2857 1319 2951 1372 τοῦ
2987 1319 3144 1384 Θεοῦ,
3173 1320 3220 1372 εἰ
3256 1319 3349 1372 καὶ
3389 1321 3522 1370 πᾶσι
3551 1322 3671 1381 τοῖς

390 1402 596 1450 τούτων
643 1397 926 1467 ὀνόμασιν,
973 1399 1047 1462 ὡς
1077 1401 1433 1455 παντάπασιν
1468 1402 1762 1473 ἀνωνύμου
1809 1405 1911 1474 τῆς
1942 1405 2411 1480 ύπερουσιότητος
2444 1410 2664 1484 ἐκείνης
2693 1410 2881 1483 οὔσης,
2915 1413 3004 1466 ἐπ’
3028 1411 3220 1481 αὐτῆς,
3253 1405 3400 1480 ἡνίκ’
3429 1407 3498 1462 ἂν
3527 1406 3655 1474 δέῃ.

391 1493 675 1564 χρώμεθα.

467 1591 591 1644 H9.
621 1588 898 1643 Naturalia
921 1587 1227 1674 necessario
1250 1586 1513 1656 quaeritur
1539 1586 1696 1656 cujus
1722 1586 1832 1641 sint
1855 1601 1873 1654 ;
1893 1593 1967 1652 et,

397 1684 442 1738 si
469 1683 667 1737 nullius
720 1682 852 1748 sint,
882 1680 1144 1734 naturalia
1175 1693 1281 1733 non
1327 1687 1498 1744 sunt;
1529 1678 1572 1734 si
1628 1692 1758 1732 vero
1804 1679 1971 1734 unius

2161 1597 2284 1669 ριθ’.
2315 1595 2397 1652 Τὰ
2418 1597 2708 1668 προσόντα,
2735 1593 2794 1658 ἐξ
2824 1591 3070 1662 ἀνάγκης
3088 1589 3330 1662 ζητεῖται
3353 1589 3460 1642 τίνι
3489 1589 3669 1657 πρόσ-

2090 1704 2228 1750 εστι,
2261 1688 2356 1741 καί⁵
2380 1689 2428 1741 εί
2456 1687 2665 1756 μηδενὶ,
2715 1685 2837 1739 οὐδὲ
2869 1684 3142 1754 προσόντα
3183 1681 3354 1743 ἐστὶν,
3412 1682 3462 1732 εἰ
3507 1679 3550 1731 δ’
3589 1677 3688 1758 ἑνί

399 1775 676 1847 cujusdam
706 1776 816 1830 sint
846 1773 1281 1838 naturalia,cum
1323 1771 1424 1828 hoc
1473 1771 1710 1827 essentia
1743 1771 1835 1837 sit,
1879 1772 1982 1826 mi-

2106 1797 2198 1832 τινι
2227 1779 2488 1849 πρόσεστι
2527 1778 2596 1831 τὰ
2623 1777 2916 1847 προσόντα,
2951 1773 3177 1827 τοῦτοδ⁹
3214 1772 3366 1825 ἐστὶν
3409 1773 3441 1839 ὴ
3484 1770 3668 1833 οὐσία,

402 1870 548 1923 nime
610 1877 789 1920 autem
844 1864 1165 1935 haec,juxta
1203 1864 1567 1932 adversarios,
1602 1864 1857 1918 distincta
1899 1864 1975 1918 sit

403 1977 431 2014 a
465 1957 692 2030 singulis
715 1967 768 2012 et
794 1958 954 2014 simul
1006 1958 1074 2014 ab
1101 1955 1353 2013 omnibus
1391 1956 1693 2024 attributis,
1724 1959 1980 2012 attributa

403 2067 530 2107 vero
549 2053 654 2106 sint
674 2054 862 2117 multa,
876 2065 1003 2121 ergo
1030 2065 1134 2104 una
1155 2049 1243 2103 illa
1263 2050 1501 2104 essentia
1548 2048 1653 2102 erit
1676 2049 1980 2118 multiplex,

403 2152 456 2197 et
486 2141 611 2196 illud
647 2141 881 2196 essentia
931 2156 1096 2194 uumn
1141 2139 1249 2194 erit
1282 2141 1518 2193 essentia
1582 2138 1897 2207 plurimum,
1929 2143 1985 2194 et

408 2233 602 2287 multas
635 2231 859 2302 proinde
881 2231 1104 2286 habebit
1132 2231 1422 2286 essentias.
1446 2229 1508 2286 Si
1536 2239 1714 2285 autem
1738 2243 1791 2286 et
1817 2245 1983 2284 unum

406 2331 489 2379 est
514 2333 570 2377 et
598 2322 795 2378 multas
821 2321 984 2376 habet
1008 2320 1294 2385 essentias,
1314 2329 1397 2374 est
1419 2320 1729 2375 necessario
1762 2325 1986 2389 prorsus

407 2417 784 2486 compositum.
811 2414 857 2469 Δ
893 2422 1043 2469 tanta
1084 2413 1364 2482 impietate
1383 2419 1437 2467 et
1468 2411 1771 2484 ignorantia
1803 2412 1989 2466 lideles

407 2509 651 2563 eximens
685 2507 842 2564 divus
864 2504 1124 2576 Cyrillus,
1157 2504 1212 2558 in
1239 2504 1370 2574 ipsis
1397 2502 1696 2558 Thesauris
1726 2503 1802 2556 ait
1832 2520 1845 2556 :
1874 2521 1892 2554 ι
1930 2503 1986 2557 Si

408 2601 772 2673 quodcunque
825 2599 969 2655 inest
1021 2598 1122 2654 soli
1160 2599 1286 2662 Deo,
1321 2597 1453 2651 illud
1487 2597 1559 2651 sit
1588 2597 1834 2667 profecto
1867 2594 1983 2661 ejus

408 2691 666 2757 essentia,
696 2703 764 2747 ex
793 2689 977 2744 multis
1007 2688 1170 2758 igitur
1215 2695 1433 2741 constat
1479 2685 1734 2742 essentiis
1775 2701 1790 2740 :
1823 2686 1990 2739 multa

409 2783 701 2836 sinitenitn
729 2794 849 2850 quae
875 2778 950 2834 illi
980 2780 1082 2834 soli
1116 2779 1438 2833 naturaliter
1473 2777 1680 2845 insunt,
1706 2779 1840 2833 nulli
1867 2791 1994 2834 vero

415 2876 504 2930 alii
539 2892 555 2941 ;
585 2888 820 2944 namque
851 2883 936 2929 est
981 2871 1094 2928 Rex
1127 2883 1180 2928 et
1211 2873 1469 2928 Dominus
1500 2880 1557 2928 et
1585 2872 1908 2926 immortalis
1939 2879 1995 2926 et

415 2967 724 3030 invisibilis,
754 2973 808 3022 et
836 2974 1033 3036 praeter
1061 2966 1176 3020 haec
1209 2964 1276 3019 de
1327 2977 1392 3019 eo
1417 2971 1671 3018 sexcenta
1701 2962 1892 3018 dicunt
1913 2962 1998 3019 di-

361 3081 367 3088 -
413 3057 552 3114 vina:
583 3057 901 3127 Scriptura.
926 3056 982 3112 Si
1002 3057 1168 3127 igitur
1215 3056 1641 3124 unumquodque
1670 3054 1993 3110 naturalium

415 3151 534 3220 ejus
560 3151 627 3206 ad
657 3151 948 3206 essentiam
1004 3149 1370 3216 adscribatur,
1415 3163 1595 3204 nonne
1637 3149 1741 3203 erit
1774 3161 1992 3216 compo-

415 3243 554 3297 situs
574 3239 910 3312 etsimplexl
937 3258 956 3292 ι
974 3240 1127 3306 Quod
1149 3248 1235 3296 est
1251 3239 1491 3309 cogitatu
1513 3237 1990 3293 absurdissimum.

489 3498 616 3560 120.
646 3499 938 3572 Postquam
965 3499 1361 3556 demonstravit
1409 3501 1602 3558 multis
1658 3503 1994 3574 argumentis

421 3605 587 3667 sagax
632 3594 944 3650 divinorum
991 3593 1230 3666 Cyrillus
1276 3591 1495 3662 Filium,
1533 3609 1841 3664 quanquam
1887 3597 1996 3652 vita

421 3688 495 3743 sit
517 3698 573 3741 et
596 3685 762 3740 vitam
793 3685 1008 3740 dicatur
1034 3685 1237 3740 habere
1264 3685 1564 3741 secundum
1599 3688 1996 3757 operationem,

422 3779 548 3852 quia
578 3778 817 3834 viviﬁcat
867 3793 968 3833 nos
993 3787 1046 3833 et
1069 3777 1178 3832 vita
1212 3779 1515 3834 viventium
1571 3791 1677 3846 est,
1713 3796 1819 3836 non
1880 3795 2002 3837 esse

423 3873 478 3928 in
539 3873 640 3926 huc
693 3869 1016 3926 dissimilem
1051 3862 1226 3938 Patri,
1288 3887 1412 3925 nam
1464 3881 1520 3926 et
1571 3873 1662 3926 hic
1715 3873 1999 3941 viviﬁcat;

426 3960 621 4018 deinde
645 3961 933 4016 ostendere
991 3960 1176 4016 volens
1204 3962 1452 4016 eumdem
1500 3962 1721 4030 Filium,
1755 3966 2004 4034 quamvis

431 4070 538 4109 non
573 4053 799 4109 relative
848 4055 914 4107 ad
947 4054 1114 4119 aliud,
1154 4054 1248 4110 sed
1298 4056 1724 4125 independenter
1784 4073 2006 4126 prorsus

429 4159 480 4203 et
504 4147 750 4202 absolute
773 4149 880 4201 vita
903 4149 975 4201 sit
1003 4157 1059 4202 et
1102 4152 1268 4202 vitam
1295 4148 1498 4203 habere
1554 4150 1792 4213 dicatur,
1823 4165 1892 4205 ne
1925 4151 2006 4205 sic

429 4242 641 4312 quidem
664 4256 785 4295 esse
801 4241 944 4295 Patri
973 4243 1079 4295 vita
1098 4241 1433 4307 dissimilem,
1456 4243 1578 4311 quia
1603 4246 1818 4312 quando
1839 4242 2005 4298 Deum

431 4349 535 4387 non
574 4335 734 4386 vitam
772 4345 1013 4388 nostram
1047 4343 1105 4387 ut
1163 4350 1262 4388 nos
1291 4334 1675 4401 viviﬁcantem,
1717 4337 1811 4390 sed
1857 4337 2006 4392 inde-

2094 1865 2262 1940 μηδὲν
2289 1866 2334 1921 δ’
2366 1865 2506 1936 αὐτη
2537 1866 2713 1934 πάντη
2748 1864 2868 1917 κατ’
2916 1863 3114 1926 αὐτοὺς
3143 1860 3410 1930 διαφέρει,
3436 1860 3671 1912 ἑκάστου

2091 1977 2151 2014 τε
2181 1960 2274 2013 καὶ
2303 1959 2436 2030 ὁμοῦ
2461 1959 2677 2012 πάντων
2705 1955 2813 2010 τῶν
2838 1956 3167 2027 προσόντων.
3196 1954 3278 2006 Τὰ
3308 1951 3363 2004 δὲ
3395 1951 3674 2022 προσόντα

2096 2053 2285 2116 πολλὰ,
2318 2054 2351 2122 ὴ
2403 2051 2501 2123 μία
2539 2051 2721 2121 ἐκείνη
2756 2049 2950 2102 πολλαὶ
2985 2048 3199 2100 ἔσονται
3247 2045 3449 2106 οὐσίαι,
3488 2043 3586 2095 καὶ
3611 2042 3672 2094 τὸ

2097 2144 2156 2198 ἓν
2189 2145 2364 2198 ὲκετνο
2397 2144 2520 2197 κατ’
2547 2142 2736 2196 οὐσίαν
2764 2139 2936 2194 πολλὰ
2969 2139 3124 2192 ἔσται
3153 2137 3297 2190 κατὰ
3326 2136 3427 2206 τὴν
3457 2134 3672 2195 οὐσίαν,

2100 2236 2194 2292 καὶ
2223 2236 2424 2300 πολλὰς
2449 2226 2644 2289 οὐκοῦν
2697 2234 2887 2296 οὐσίας
2927 2232 3060 2303 ἔχει.
3115 2231 3176 2284 ΕΞ
3211 2230 3267 2283 δὲ
3319 2227 3413 2282 καὶ
3457 2227 3518 2279 ἓν
3557 2229 3676 2279 ἐστι

2099 2330 2193 2383 καὶ
2226 2329 2424 2392 πολλὰς
2450 2327 2637 2390 οὐσίας
2683 2325 2818 2397 ἔχει,
2871 2323 3123 2377 σύνθετόν
3157 2323 3272 2375 ἐστι
3314 2319 3456 2374 κατὰ
3495 2320 3677 2371 πᾶσαν

2099 2418 2365 2486 ἀνάγκην.
2398 2417 2616 2470 Τούτων
2667 2412 2760 2469 οῦν
2812 2413 2923 2466 τῶν
2949 2413 3039 2465 ὲπὶ
3083 2407 3336 2464 τοσοῦτον
3399 2407 3679 2462 δυσσεϐὧν

2099 2510 2483 2579 ἀγνοημάτων,
2515 2508 2543 2560 ό
2592 2504 2735 2568 θεῖος
2791 2500 3063 2572 Κύριλλος
3112 2500 3500 2570 ἐξαιρούμενος
3549 2500 3682 2560 τοὺς

2103 2600 2481 2670 πειθομένους,
2523 2599 2579 2651 ὲν
2645 2598 2831 2660 αὐτοῖς
2864 2597 2976 2657 τοῖς
3010 2593 3316 2664 Θησαυροῖς
3367 2602 3570 2662 φησιν·
3616 2591 3683 2642 Ei

2103 2694 2239 2762 ὅπερ
2264 2691 2329 2746 ἂν
2358 2691 2579 2761 ὑπάρχῃ
2614 2690 2762 2760 μόνῳ
2794 2687 2870 2758 τῷ
2893 2686 3034 2756 Θεῷ,
3068 2685 3225 2738 τοῦτο
3261 2683 3475 2745 πάντως
3505 2679 3686 2734 αὐτοῦ

2103 2783 2256 2838 ἔσται
2289 2784 2382 2837 καὶ
2402 2783 2580 2844 οὐσία,
2599 2783 2662 2834 ὲκ
2693 2779 2901 2833 πολλῶν
2919 2780 3050 2849 ἡμῖν
3069 2778 3266 2832 οὐσιῶν
3301 2775 3683 2843 συγκείσεταιο

2103 2875 2276 2929 πολλὰ
2329 2875 2437 2944 γάρ
2469 2875 2615 2927 ἐστιν
2649 2872 2685 2927 ἆ
2750 2873 2896 2942 μόνῳ
2959 2872 3058 2940 μὲν
3114 2868 3260 2940 αὐτῷ
3319 2867 3460 2922 κατὰ
3519 2867 3688 2934 φύσιν

2106 2963 2359 3040 ὑπάρχει,
2387 2967 2558 3038 ἑτέρῳ
2591 2965 2647 3018 δὲ
2670 2963 2778 3018 τῶν
2801 2964 2971 3017 ὄντων
2999 2960 3172 3016 οὐδενί
3199 2977 3212 2991 ⁸
3247 2959 3344 3014 καὶ
3371 2959 3481 3028 γὰρ
3517 2958 3687 3012 Βασιο

2104 3060 2229 3123 λεύς
2259 3061 2354 3114 καλ⁴
2377 3059 2581 3130 Κύριος
2616 3057 2710 3111 καὶ
2735 3055 3009 3126 ἄφθαρτος
3033 3055 3125 3107 καὶ
3142 3054 3393 3122 ἀόρατος,
3417 3050 3513 3105 καὶ
3548 3049 3691 3119 πρὸς

2105 3153 2316 3215 τούτοις
2349 3151 2516 3219 ἕτερα
2550 3149 2720 3222 μυρία
2755 3149 2883 3220 περὶ
2930 3147 3094 3201 αὐτοῦ
3152 3146 3401 3215 λέγουσιν
3441 3144 3502 3198 αἱ
3541 3143 3690 3197 θεῖαι

2107 3242 2344 3315 Γραφαί.
2385 3242 2446 3294 Ei
2475 3242 2656 3295 τοίνυν
2687 3241 2914 3293 ἕκαστον
2951 3240 3058 3292 τῶν
3088 3237 3237 3307 αὐτῷ
3278 3236 3594 3307 προσόντων
3631 3237 3690 3286 ἐν

2107 3335 2296 3396 οὐσίας
2329 3331 2482 3398 τάξει
2536 3332 2802 3394 κείσεται,
2848 3329 2965 3394 πῶς
3006 3331 3105 3384 οὐκ
3146 3328 3300 3382 ἔσται
3358 3326 3616 3387 σύνθετος
3661 3327 3690 3377 ό

2109 3423 2345 3491 ἀπλοῦς;
2380 3423 2517 3493 ὅπερ
2545 3424 2692 3475 ἐστὶν
2722 3422 2922 3473 ἐννοεῖν
2958 3419 3326 3472 ἀτοπώτατον.

2185 3521 2288 3588 ρκ’.
2321 3515 2685 3585 Παραστήσας
2713 3513 2800 3567 διὰ
2849 3511 3058 3564 πολλῶν
3081 3511 3108 3563 ό
3135 3509 3296 3577 σοφὸς
3325 3506 3392 3561 τὰ
3424 3503 3546 3559 θεῖα
3572 3503 3690 3556 K6-

2117 3606 2313 3680 ριλλος,
2340 3605 2416 3669 ὡς
2439 3606 2486 3658 εί
2517 3606 2609 3658 καὶ
2641 3606 2754 3675 ζωή
2788 3606 2926 3667 ἐστι,
2971 3603 3066 3656 καὶ
3113 3597 3257 3671 ζωήν
3291 3599 3436 3668 ἔχειν
3469 3597 3693 3663 λέγεται

2115 3697 2235 3750 κατ’
2266 3695 2549 3767 ἐνέργειαν
2577 3697 2605 3748 ό
2636 3694 2788 3758 Υἱὸς,
2815 3695 2891 3756 ὡς
2919 3689 3198 3756 Cicone:th
3231 3691 3263 3759 ἡ
3275 3690 3406 3758 μᾶς,
3454 3689 3549 3740 καὶ
3577 3684 3691 3754 ζωὴ

2115 3787 2224 3843 τῶν
2258 3782 2476 3852 ζώντων
2504 3786 2601 3853 ὢν,
2633 3785 2734 3839 οὐκ
2761 3785 2910 3838 ἐστιν
2936 3784 3192 3853 ἀνόμοιος
3230 3781 3325 3833 καὶ
3360 3779 3504 3832 κατὰ
3529 3778 3693 3830 τοῦτο

2114 3876 2192 3950 τῷ
2225 3879 2400 3948 Πατρί
2420 3895 2435 3911 ο
2457 3880 2550 3933 καὶ
2577 3871 2731 3941 οὗτος
2753 3877 2862 3948 γὰρ
2895 3876 3175 3941 ζωοποιεῖ·
3209 3872 3379 3926 θέλων
3405 3886 3694 3941 προσαπο-

2113 3974 2304 4041 δεῖξαι,
2329 3973 2406 4035 ὡς
2440 3974 2489 4025 εἱ
2549 3973 2644 4025 καὶ
2681 3971 2754 4041 μὴ
2786 3969 2924 4040 πρὸς
2963 3967 3152 4034 ἕτερόν
3200 3983 3275 4025 τι,
3326 3964 3444 4020 ἀλλ’
3473 3963 3696 4031 ἁφέτως

2117 4067 2292 4134 πάντη
2323 4063 2418 4116 καὶ
2449 4061 2732 4126 ἀπολύτως
2772 4061 2886 4131 ζωὴ
2914 4062 3008 4113 καὶ
3041 4059 3187 4126 ζωὴν
3225 4057 3370 4125 ἔχειν
3417 4055 3645 4122 λέγεται
3669 4055 3697 4107 ό

2116 4157 2267 4221 Υίὸς,
2306 4155 2421 4208 ἀλλ’
2446 4153 2554 4206 οὐδ’
2587 4151 2761 4214 οὔτως
2785 4151 3036 4220 ἀνόμοιός
3067 4151 3184 4201 ἐστι
3213 4146 3290 4216 τῷ
3323 4146 3498 4215 Πατρὶ
3555 4143 3697 4196 κατὰ

2115 4246 2214 4316 τὴν
2240 4247 2407 4316 ζωὴν,
2439 4245 2735 4316 ἐπειδήπερ
2775 4241 2936 4314 ἡνίκα
2962 4243 3035 4313 μὴ
3067 4240 3210 4310 ζωὴν
3234 4239 3389 4308 ἡμῶν
3419 4237 3494 4298 ὡς
3547 4237 3699 4304 ἡμᾶς

2120 4333 2486 4400 ζωοποιοῦν-σα
2516 4335 2606 4386 τὸν
2645 4333 2777 4388 Οεὸν
2801 4333 3057 4401 λέγομεν,
3105 4329 3218 4383 ἀλλ’
3259 4329 3473 4397 ἀφέτως
3517 4328 3698 4394 πάντη

437 4422 728 4493 pendenter
778 4437 1001 4492 prorsus
1027 4433 1081 4476 et
1129 4424 1378 4478 absolute
1431 4423 1682 4493 dicimus,
1717 4436 1845 4483 tunc
1889 4430 1991 4498 ejus

2119 4427 2214 4480 καὶ
2241 4425 2681 4496 ἁπολελυμένως,
2713 4423 3022 4494 τηνικαῦτα
3041 4422 3138 4491 τὴν
3170 4419 3363 4474 οὐσίαν
3395 4417 3566 4472 αὐτοῦ
3597 4434 3699 4467 κα-

436 4519 725 4570 essentiam
750 4531 1003 4570 vocamus
1026 4531 1056 4569 a
1083 4517 1316 4570 naturali
1349 4517 1466 4589 ejus
1505 4521 1840 4588 operatione,
1869 4522 1982 4576 sicu

2119 4517 2318 4587 λοῦμεν
2349 4517 2456 4571 ἀπὸ
2489 4516 2589 4585 τῆς
2616 4517 2758 4570 κατὰ
2790 4515 2950 4585 φύσιν
2994 4511 3144 4582 αὐτῷ
3188 4509 3498 4582 προσούσης
3546 4510 3700 4576 ἐνερ-

435 4615 489 4662 et
519 4607 837 4676 sapientiam
872 4606 1280 4676 bonitatemque
1307 4619 1361 4661 et
1401 4617 1594 4662 caetera
1627 4611 1810 4664 omnia
1851 4627 1867 4679 ;
1907 4613 2008 4667 hoc

437 4699 600 4770 igitur
646 4700 929 4754 ostendere
984 4700 1166 4754 volens
1214 4700 1344 4754 dicit
1384 4717 1446 4754 ιι
1486 4700 1619 4756 Cum
1652 4703 1732 4756 sic
1779 4705 2013 4758 dicimus

437 4791 645 4850 Patrem
678 4792 882 4847 habere
911 4794 964 4847 in
996 4793 1288 4861 semetipso
1348 4794 1537 4862 vitam,
1569 4803 1696 4848 tunc
1736 4795 1898 4850 vitam
1925 4812 2018 4865 ap-

441 4883 701 4953 pellamus
729 4881 945 4947 Filium,
981 4885 1070 4954 qui
1119 4895 1202 4940 est
1229 4883 1367 4940 alius
1397 4902 1558 4954 quatn
1594 4883 1753 4941 Pater
1778 4885 2018 4956 ‘pcrsona

443 4986 674 5042 tantum,
703 4978 795 5030 sed
851 4989 959 5032 non
1017 4977 1125 5031 vita
1159 4994 1173 5030 :
1208 4979 1348 5032 unde
1379 4979 1511 5033 nihil
1570 4984 1933 5048 compositum
1970 4991 2027 5034 ct

435 5070 625 5139 duplex
657 5070 721 5124 de
740 5083 805 5123 eo
826 5069 1110 5137 cogitatur.
1139 5069 1344 5126 Etcum
1366 5073 1540 5126 adhuc
1561 5073 1793 5128 dicimus
1823 5069 2020 5126 Filium

437 5162 640 5216 habere
669 5161 719 5215 in
763 5162 1057 5229 semetipso
1086 5163 1272 5229 vitam,
1307 5164 1453 5218 illaut
1492 5165 1699 5219 scilicet
1754 5180 1876 5235 quae
1933 5165 2023 5218 ab-

437 5255 614 5310 solute
660 5253 997 5324 intelligitur,
1023 5256 1186 5308 vitam
1233 5256 1564 5324 appellamus
1604 5255 1819 5312 Patrem
1850 5275 1864 5311 :
1899 5274 2020 5311 nam

440 5350 545 5401 vita
573 5357 655 5402 est
677 5359 780 5402 non
803 5347 1026 5401 relative
1051 5347 1116 5400 ad
1145 5346 1311 5410 aliud,
1336 5351 1428 5402 sed
1452 5351 1702 5404 absolute
1731 5351 1780 5404 in
1811 5354 2021 5418 seipse,

438 5451 490 5494 et
522 5441 626 5495 vita
653 5441 857 5493 suntin
882 5439 1073 5508 seipsis
1125 5441 1355 5494 invicmn
1393 5438 1550 5494 Pater
1606 5449 1658 5496 el
1701 5439 1892 5505 Filius,
1926 5442 2016 5495 hic

438 5533 578 5586 enim
613 5532 747 5586 dixit
783 5549 797 5586 :
836 5552 855 5584 ι
897 5533 1006 5598 E30
1042 5533 1092 5587 in
1129 5531 1308 5597 Patre,
1344 5544 1394 5587 et
1434 5533 1592 5587 l'ater
1637 5536 1688 5587 in
1719 5549 1824 5589 tne.
1871 5551 1887 5586 ι
1927 5536 2017 5589 Sic

517 5707 558 5734 "
615 5713 636 5766 ι
685 5713 892 5779 Tint.1,
929 5717 1016 5773 l7.

2075 4673 2088 4686 .
2121 4608 2297 4677 γείας,
2322 4609 2515 4678 ὥσπερ
2564 4608 2659 4660 καὶ
2689 4605 2882 4674 σοφίαν
2912 4603 3008 4659 καὶ⁵
3033 4603 3347 4672 ἀγαθότητα
3391 4601 3504 4653 καὶ·
3531 4599 3702 4652 τᾶλλα

2124 4702 2320 4754 πάντα.
2349 4699 2520 4752 Τοῦτο
2546 4697 2723 4751 τοίνυν
2741 4697 2910 4750 θέλων
2933 4695 3210 4761 ἀποδεῖξαί
3231 4710 3417 4762 φησιν,
3434 4692 3509 4753 ὡς
3537 4689 3703 4741 Ὅταν

2122 4791 2295 4856 οὕτως
2335 4793 2606 4862 λέγωμεν,
2637 4791 2782 4861 ζωὴν
2810 4789 2955 4860 ἔχειν
3014 4790 3070 4841 ὲν
3110 4785 3291 4856 ἑαυτῴ
3332 4786 3424 4837 τὸν
3462 4784 3703 4851 Πατέρα,

2125 4882 2268 4955 ζωὴν
2302 4883 2424 4936 τότε
2473 4882 2751 4953 καλοῦμεν
2787 4881 2878 4935 τὸν
2932 4879 3083 4948 Υίδν,
3113 4880 3301 4947 ἕτερον
3357 4877 3451 4930 τοῦ
3485 4875 3701 4944 Ila-:95;

2125 4980 2254 5034 ὄντα
2282 4977 2424 5032 κατὰ
2458 4977 2627 5048 μόνην
2677 4975 2775 5048 τὴν
2839 4974 3161 5035 ὑπόστασιν,
3213 4970 3350 5026 ἀλλὰ
3405 4968 3529 5038 οὐχὶ
3564 4968 3707 5020 κατὰ

2125 5074 2225 5143 τὴν
2256 5072 2424 5143 ζωήν.
2480 5071 2570 5125 Διδ
2622 5070 2744 5122 οὐδὲ
2777 5068 3027 5130 σύνθεσίς
3065 5084 3147 5129 τις
3191 5069 3285 5119 καὶ
3336 5061 3526 5133 διπλόη
3579 5067 3704 5130 περὶ

2122 5165 2285 5218 αὐτὸν
2313 5163 2534 5227 νοεῖται,
2579 5163 2674 5214 καὶ
2716 5161 2805 5213 ὅτε
2852 5157 3016 5215 πάλιν
3055 5157 3199 5226 ζωὴν
3230 5159 3285 5207 ἐν
3309 5155 3486 5222 ἐαυτῷ
3523 5170 3704 5220 φαμεν

2123 5261 2268 5329 ἔχειν
2290 5258 2380 5312 τὸν
2403 5257 2552 5317 Υίὸν,
2576 5255 2674 5326 τὴν
2693 5251 3116 5323 ἁπολελυμένως
3144 5249 3443 5318 νοουμένην
3466 5245 3702 5310 ἐκείνην,

2125 5351 2268 5421 ζωὴν
2291 5347 2569 5416 καλοῦμεν
2604 5346 2696 5398 τὸν
2734 5344 2956 5414 Πατέρα
2989 5359 3002 5374 ·
3037 5341 3151 5410 ζωὴ
3198 5341 3308 5410 γὰρ
3353 5339 3428 5391 ὢν
3473 5337 3533 5389 οὐ
3571 5335 3705 5403 πρὸς

2123 5443 2332 5511 ἕτερον,
2365 5439 2480 5494 ἀλλ’
2511 5437 2729 5506 ἀφέτως
2760 5434 2922 5500 αὐτὸς
2945 5431 3071 5487 καθ’
3108 5430 3303 5484 ἑαυτὸν
3333 5429 3360 5480 ό
3385 5428 3578 5498 Πατὴρ
3609 5424 3705 5475 καὶ

2125 5539 2152 5589 τι
2192 5518 2394 5597 rage»;
2420 5530 2672 5602 ἀλλήλοις
2695 5527 2872 5584 εἰσίν·
2906 5526 3067 5588 αὐτὸς
3090 5524 3198 5592 γὰρ
3227 5522 3471 5594 ειρηκεν,
3503 5538 3522 5572 ‹
3561 5514 3700 5581 era,
