3994 6206
394 278 462 343 ῙΞ
486 278 536 335 ‘5

386 484 564 536 τοίνυν
592 485 620 535 ὁ
643 482 785 544 θεῖος
813 481 1097 551 Κύριλλος,
1127 480 1315 550 ἕτερόν
1360 499 1477 547 πως
1527 484 1621 535 καὶ
1647 484 1747 556 οὐχ
1777 484 1967 555 ἕτερον

387 575 603 636 δεικνὺς
626 574 775 643 παρὰ
808 571 893 624 τὸν
920 573 1135 643 Πατέρα
1168 572 1267 643 τὴν
1307 574 1365 625 ἐν
1402 575 1559 644 αὐτῷ.
1596 573 1764 645 ζωὴν,
1798 578 1967 648 ἧγουν

386 668 479 720 τὸν
508 666 656 719 Υίόν.
711 666 775 717 Οἱ
812 664 857 717 δ’
900 664 975 728 ὡς
1010 666 1274 736 μηδαμῶς
1303 666 1491 736 ἕτερον
1533 668 1665 722 ὄντα
1705 670 1835 740 παρ’
1865 668 1970 723 αὐ-

387 759 499 821 τὸν,
533 759 628 811 καὶ
658 757 759 827 τὴν
788 756 955 828 αὐτὴν
986 757 1131 811 κατὰ
1164 760 1341 812 πάντα
1376 759 1452 829 τῷ
1490 761 1666 832 Πατρὶ
1709 761 1967 829 λέγοντες

384 848 486 921 τὴν
518 851 575 902 ἐν
598 848 747 919 αὐτῷ
767 848 933 920 ζωὴν,
954 848 1029 912 ὡς
1057 850 1222 920 μηδὲν
1244 851 1630 920 διαφέρουσαν,
1654 855 1722 907 τὰ
1744 854 1973 908 τοιαῦτα

387 939 842 1013 προϐαλλόμενοι,
902 941 996 994 καὶ
1056 942 1270 1013 ταύτην
1320 940 1462 997 εἶναι
1503 945 1971 1017 διαόεϐαιούμανοι

386 1033 482 1086 τὸν
508 1031 607 1085 τοῦ
642 1031 858 1102 Πατρδς
885 1034 1189 1102 Μονογενῆ,
1220 1036 1282 1088 οὐ
1332 1038 1576 1099 τοτςητοῦ
1612 1035 1813 1092 σεπτοῦ
1851 1038 1966 1093 Ku-

391 1127 596 1196 ρίλλου,
621 1125 755 1179 ἀλλὰ
783 1129 893 1188 τοῖς
918 1125 1013 1178 τοῦ
1054 1125 1344 1181 Σαϐελλίου
1392 1130 1535 1185 κατὰ
1581 1134 1761 1186 πᾶσαν
1791 1134 1963 1203 ἀνάγ-

396 1235 501 1288 κην
529 1217 877 1270 συνίστανται
900 1215 1187 1285 δόγμασιν.

470 1314 611 1379 ρκα’.
655 1308 814 1361 Ἀλλὰ
843 1309 938 1361 καὶ
976 1308 1067 1361 τὸν
1107 1308 1250 1361 θεῖον
1300 1309 1570 1380 Κύριλλον
1616 1311 1737 1365 καθ’
1772 1313 1970 1365 ἑαυτοῦ

398 1398 663 1469 προάγειν
689 1398 816 1459 τοὺς
854 1396 995 1449 κατὰ
1033 1398 1140 1451 τῶν
1165 1398 1449 1466 ἐναντίων,
1478 1400 1595 1464 πῶς
1622 1402 1683 1454 οὑ
1734 1402 1836 1472 τῆς
1872 1420 1975 1474 με-

400 1489 595 1556 γίστης
628 1486 929 1558 καταδίκης
953 1488 1137 1552 αὐτοῖς
1172 1488 1435 1560 πρόξενον
1462 1506 1477 1558 ;
1511 1488 1573 1544 τὸ
1596 1491 1709 1563 γὰρ
1740 1490 1836 1547 νῦν
1870 1492 1967 1565 μιν

395 1579 576 1645 τοῦτο,
611 1580 706 1633 νῦν
729 1581 775 1635 δ’
805 1584 981 1637 ἐκεῖνο
1006 1586 1220 1653 λέγειν,
1248 1591 1582 1662 ἀμφοτέρων
1627 1595 1799 1651 ὄντων
1837 1599 1967 1671 ἁλη-

395 1669 525 1731 θῶν,
560 1671 762 1733 παντός
783 1674 899 1725 ἐστι
923 1674 1297 1742 θεολογοῦντος
1321 1681 1579 1750 εὐσεϐῶς,
1602 1685 1681 1756 τῷ
1700 1687 1757 1741 δὲ
1776 1669 1970 1745 τάναν-

1300 277 1580 338 CAPITA
1622 274 1974 347 PllYSlCA,
2013 281 2526 354 THEOLOGICA,
2568 285 2729 345 ETC.

387 397 447 446 ἑν
474 391 550 462 τῷ
584 390 780 459 Πατρὶ,
832 396 925 443 καὶ
960 391 989 443 ὁ
1034 390 1221 459 Πατὴρ
1256 391 1315 441 ὲν
1346 392 1491 460 ἐμοί.
1549 410 1566 440 ι
1610 389 1691 443 Τὰ
1736 387 1958 440 τοιαῦτα

2062 393 2228 462 igitur
2255 396 2414 451 dit-us
2441 395 2679 467 Cyrillns
2698 393 2937 451 ostendit
2968 394 3131 451 aliam
3169 397 3569 467 quodammodo
3597 413 3653 456 et
3752 468 3755 471 Α

3521 288 3653 351 1ἓοιὸ

2062 500 2170 539 non
2200 486 2361 540 aliam
2397 502 2559 557 quam
2595 486 2809 541 Patrem
2839 502 2963 542 esse
2992 488 3156 543 vitam
3189 504 3308 559 quat
3328 491 3381 544 in
3402 492 3518 560 ipso
3546 504 3652 554 est.

2059 577 2270 633 scilicet
2305 577 2522 633 Filium.
2553 579 2657 646 Qui
2692 593 2823 635 vero
2857 579 3058 635 dicunt
3093 582 3237 636 hunc
3288 583 3435 636 nullo
3492 584 3654 639 modo

2064 670 2231 724 alium
2266 685 2391 726 esse
2447 686 2614 740 qnam
2648 671 2826 737 illum,
2854 682 2910 727 et
2938 674 3185 728 eamdem
3232 674 3455 729 omnino
3488 691 3650 745 quam

2066 762 2286 817 Patrem
2313 777 2437 819 esse
2460 763 2620 817 vitam
2650 777 2772 834 qua:
2809 763 2863 817 in
2894 762 3011 834 ipso
3045 774 3149 829 est,
3181 775 3239 820 ut
3269 767 3489 821 n-tinitne
3542 767 3653 822 dis-

2066 854 2297 909 tinctam
2330 870 2346 920 ;
2376 855 2469 923 qui
2493 854 2660 926 igitur
2690 855 2817 910 talia
2846 858 3210 924 contendunt,
3249 868 3304 914 et
3332 860 3470 915 hanc
3499 875 3653 915 asse-

2062 955 2190 1001 runt
2216 961 2339 1003 esse
2369 947 2548 1003 Patris
2606 949 2959 1020 Unigenitutn
2995 969 3011 1017 ;
3051 951 3124 1007 illi
3172 968 3280 1007 non
3327 953 3654 1009 venerabilis

2061 1034 2273 1107 Cyrilli,
2304 1038 2402 1094 sed
2426 1037 2646 1093 Sabellii
2681 1040 2938 1096 doctrinae
2968 1056 3192 1111 prorsus
3224 1043 3537 1100 necessario
3558 1046 3652 1100 ad-

2070 1128 2294 1184 haerent.

2137 1306 2262 1360 12L
2305 1308 2414 1362 Sed
2449 1309 2630 1363 divum
2661 1309 2917 1381 Cyrillum
2943 1324 3130 1368 contra
3154 1316 3396 1386 seipsnm
3425 1317 3653 1374 amaren-

2061 1406 2145 1453 tes
2196 1401 2528 1466 adversarii,
2593 1418 2773 1458 nonne
2855 1405 3150 1460 maximam
3201 1419 3389 1465 contra
3441 1413 3652 1481 seipsos

2060 1488 2303 1547 inferunt
2326 1493 2728 1548 damnationem
2760 1495 2783 1549 Ἰ
2812 1492 2947 1549 Nam
2984 1498 3162 1553 dicere
3212 1500 3431 1568 quidem
3488 1506 3646 1557 modo

2063 1596 2252 1649 unum,
2305 1584 2464 1639 modo
2516 1586 2771 1653 alterum,
2831 1592 3058 1659 quando
3107 1602 3397 1664 utrumque
3458 1612 3646 1652 verum

2067 1682 2174 1738 est,
2202 1681 2462 1744 competit
2496 1679 2584 1746 pio
2621 1681 2843 1735 cuilibet
2867 1682 3116 1752 tlteologo
3155 1702 3170 1752 ;
3207 1687 3299 1740 sed
3339 1689 3520 1743 dicere
3570 1693 3646 1745 si-

392 1760 485 1813 τία
520 1760 699 1829 λέγειν
749 1764 951 1834 ἑαυτῷ,
983 1767 1195 1831 οὐδενὸς
1248 1770 1359 1824 τῶν
1389 1773 1513 1827 νοῦν
1538 1778 1793 1846 ἐχόντων.
1844 1783 1958 1847 Πῶς

2064 1766 2229 1821 bimet
2278 1774 2575 1837 contraria,
2639 1774 2839 1828 nullius
2896 1787 2980 1830 est
3040 1778 3329 1845 sapientis.
3362 1780 3647 1846 Quomodo

393 1850 487 1905 οῦν
517 1854 546 1905 ὁ
577 1854 757 1917 καλῶς
802 1856 975 1910 εἰπὼν
1022 1860 1120 1931 τὴν
1148 1861 1295 1932 ζωὴν
1321 1864 1466 1935 ἔχειν
1507 1871 1648 1925 κατά
1683 1872 1846 1941 φύσιν
1876 1876 1967 1929 τὸν

395 1941 522 1995 Υἰὸν
550 1942 617 2013 ἣν
644 1943 825 1999 δίδωσι
863 1950 974 2012 τοῖς
1008 1952 1088 2013 εἰς
1129 1950 1292 2005 αὐτὸν
1338 1956 1691 2025 πιστεύουσι,
1735 1962 1968 2017 κάντεῦ-

393 2030 484 2082 οεν
513 2033 691 2098 δείξας
724 2036 804 2087 ὅτι
854 2039 928 2107 μὴ
958 2041 1121 2108 μόνον
1154 2044 1185 2112 ὴ
1216 2044 1373 2097 οὐσία
1403 2047 1494 2100 τοῦ
1516 2049 1672 2117 Θεοῦ,
1700 2054 1767 2123 ἥν
1792 2056 1966 2120 οὐδεὶς

390 2120 689 2192 λαμϐάνει,
712 2125 850 2182 ἀλλὰ
897 2131 1051 2202 καὶὴ
1092 2135 1233 2188 κατὰ
1283 2137 1447 2206 φύσιν
1493 2120 1743 2211 ἐνέργεια
1772 2146 1965 2200 τοῦτον

389 2213 607 2283 λέγεται
631 2218 767 2290 ζωὴ,
801 2223 867 2293 ἣν
899 2225 1042 2278 κατὰ
1068 2228 1228 2297 χάριν
1258 2230 1448 2285 ἔλαϐον
1476 2235 1524 2286 oi
1548 2234 1849 2310 οὖτω·παρ’
1868 2242 1966 2311 αὐτ

389 2306 485 2360 τοῦ
516 2308 961 2382 ζωποιηθέντες,
989 2320 1063 2381 ὼς
1093 2323 1187 2373 καὶ
1218 2320 1411 2387 σώζειν
1436 2324 1502 2378 δι’
1528 2326 1735 2380 ἑαυτῶν
1755 2369 1770 2395 ,
1804 2333 1967 2384 ταυτὺ

390 2393 447 2447 δὲ
476 2396 649 2449 εἰπεῖν
669 2401 765 2453 καὶ
806 2403 1236 2472 ἀπαθανατίζειν
1267 2412 1408 2464 κατὰ
1458 2415 1696 2484 πνεῦμα,
1722 2421 1848 2482 τοὺς
1891 2421 1965 2492 μὴ

392 2488 534 2541 κατὰ
585 2489 804 2561 πνεῦμα
859 2494 1071 2560 ζῶντας
1125 2499 1432 2572 πρότερον;
1471 2504 1626 2560 Ἔστι
1661 2509 1706 2560 δ’
1744 2510 1837 2573 οὓς
1871 2488 1967 2567 καί¹

386 2577 496 2631 τῶν
519 2582 656 2634 κατά
683 2601 736 2636 τι
768 2586 950 2655 μέλος,
990 2590 1023 2657 ἢ
1072 2591 1167 2644 καὶ
1210 2596 1349 2648 κατὰ
1385 2599 1495 2651 πᾶν
1549 2602 1710 2670 σῶμα
1757 2605 1967 2675 νεκρῶν

387 2675 690 2739 γεγονότων
716 2677 959 2750 ἁνιστᾷν.
994 2681 1115 2744 Πῶς
1148 2682 1215 2736 ἂν
1242 2681 1335 2739 οῦν
1365 2689 1395 2739 ὁ
1447 2690 1627 2756 καλῶς
1664 2694 1839 2748 ταῦτα
1873 2700 1966 2751 καὶ

389 2760 578 2829 σαφῶς
628 2763 829 2829 δείξας,
887 2768 1025 2837 πρὸς
1070 2771 1353 2843 ἀναίρεσιν
1410 2776 1605 2832 ἔπειτα
1660 2782 1759 2853 τῆς
1812 2784 1965 2850 θείας

384 2851 591 2923 ταύτης
614 2855 917 2926 ἐνεργείας,
956 2861 1016 2912 τὸ
1039 2862 1186 2932 ζωὴν
1217 2865 1500 2928 καλεῖσθαι
1525 2870 1624 2941 τὴν
1657 2851 1846 2928 οὐσίαν
1868 2878 1962 2931 τοῦ

385 2940 522 2994 Θεοῦ
559 2945 901 3015 προήνεγκες
933 2948 1185 3023 καθάπερ
1223 2954 1271 3007 oi
1309 2954 1404 3009 νῦν
1444 2958 1512 3011 τὰ
1542 2940 1735 3014 τούτου
1775 2963 1961 3034 βιαζό-

388 3048 559 3101 μενοι.
607 3037 809 3105 μᾶλλον
858 3038 914 3093 δὲ
968 3045 1433 3111 συκοφαντοῦντες
1464 3052 1710 3121 ἀνοήτως
1750 3057 1961 3128 ίσχυρί-

383 3122 585 3188 ζονται.

458 3215 595 3287 ρκβ’.
635 3219 745 3291 Οὐχ
782 3222 811 3275 ὁ
836 3223 931 3276 τοῦ
960 3224 1095 3278 Θεοῦ
1123 3229 1436 3304 Μονογενὴς
1492 3238 1671 3306 μόνον,
1701 3240 1838 3294 ἀλλὰ
1868 3244 1960 3295 καὶ

383 3308 442 3361 τὸ
503 3310 724 3382 Πνεῦμα
771 3313 831 3366 τὸ
885 3315 1038 3383 ἅγιον
1110 3321 1357 3377 καλεῖται
1414 3328 1564 3397 παρὰ
1627 3329 1735 3382 τῶν
1790 3332 1959 3400 ἁγίων

390 3400 644 3470 ἐνέργειά
678 3420 736 3456 τε
771 3407 862 3458 καὶ
890 3406 1117 3477 δύναμις
1145 3426 1159 3441 ·
1190 3411 1308 3465 ἀλλ’
1334 3414 1410 3478 ὡς
1439 3417 1537 3481 τὰς
1573 3420 1744 3485 αὐτὰς
1776 3424 1927 3494 ἀπαρ

380 3491 659 3557 αλλάκτως
688 3497 764 3566 τῷ
799 3499 975 3570 Πατρὶ
1014 3501 1278 3572 δυνάμεις
1303 3504 1494 3576 ἔχοντα
1531 3511 1624 3563 καὶ
1653 3491 1954 3584 ἐνεργείας,

380 3582 504 3635 ἐπεὶ
538 3587 629 3638 καὶ
658 3586 889 3657 δύναμις
950 3594 973 3643 ὁ
1008 3592 1143 3652 Θεὸς
1197 3594 1414 3662 λέγεται
1454 3600 1593 3652 κατὰ
1640 3582 1755 3655 τὸν
1781 3606 1956 3674 μέγαν

377 3676 674 3743 Διονύσιον,
709 3680 781 3741 ὡς
834 3684 1015 3736 πᾶσαν
1044 3685 1275 3756 δύναμιν
1293 3690 1348 3740 ὲν
1372 3690 1548 3761 ἑαυτῷ
1581 3694 1831 3765 προέχων
1863 3699 1956 3751 καὶ

378 3769 683 3840 ὑπερέχων.
707 3775 798 3826 Διὸ
827 3777 918 3827 καὶ
943 3781 1475 3851 συνυπακουόμενον,
1504 3783 1535 3855 ἢ
1564 3787 1656 3839 καὶ
1682 3804 1958 3858 συνεκφω-

379 3862 636 3931 νούμενον
667 3864 779 3935 ἔχει
800 3868 1003 3922 τούτων
1019 3871 1300 3944 ἑκάτερον,
1333 3876 1462 3928 ὅταν
1490 3876 1715 3948 δύναμις
1739 3881 1770 3951 ἢ
1799 3883 1955 3953 ὲνὲρδ

378 3970 502 4019 γεια
532 3956 775 4010 καλεῖται
813 3961 872 4012 τὸ
929 3963 1287 4019 ἐνυπόστατον
1311 3983 1324 3996 ·
1386 3968 1637 4041 καθάπερ
1672 3973 1767 4026 καὶ
1822 3976 1850 4026 ὁ
1884 3977 1955 4028 τὰ

380 4043 556 4097 πάντα
589 4047 760 4115 μέγας
782 4049 1098 4129 νΒασίλειος,
1152 4056 1412 4126 Δύναμις,
1444 4063 1626 4128 φησιν,
1655 4065 1951 4137 ἁγιαστικὴ

376 4135 438 4186 τὸ
474 4136 696 4208 Πνεῦμα
731 4150 790 4195 τὸ
814 4143 990 4210 ἅγιον,
1030 4146 1299 4209 ἁνούσιος,
1342 4149 1700 4221 ὲνῦπαρκτος,
1754 4158 1952 4212 ὲνυπό-

380 4241 591 4292 στατος.
628 4230 739 4293 Τὰς
767 4232 812 4284 δ’
845 4236 909 4287 ὲκ
942 4237 1035 4287 τοῦ
1066 4237 1244 4300 πάσας
1275 4241 1553 4309 ἐνεργείας
1600 4246 1700 4298 οὐκ
1756 4249 1952 4303 ὲνυπο-

379 4323 609 4388 στάτους
648 4326 917 4398 ὑπάρχειν
981 4333 1085 4384 κᾶν
1138 4337 1253 4396 τοῖς
1308 4338 1436 4408 περὶ
1480 4338 1574 4391 τοῦ
1639 4342 1953 4415 Πνεύματος

2062 1855 2338 1928 igiturqul
2364 1870 2511 1916 recte
2532 1864 2671 1917 dixit
2695 1865 2889 1920 Filium
2913 1868 3235 1923 naturaliter
3262 1871 3426 1924 vitam
3451 1874 3650 1929 habere

2061 1961 2226 2017 quam
2248 1951 2340 2004 dat
2367 1952 2723 2010 credentibus
2754 1956 2807 2010 in
2835 1958 3099 2027 seipsum,
3129 1971 3183 2014 et
3208 1963 3404 2017 exinde
3423 1968 3647 2022 demou-

2060 2043 2253 2098 ttravit
2288 2060 2391 2099 non
2418 2048 2597 2121 solum
2625 2050 2919 2105 essentiam
2973 2052 3089 2117 Dei,
3138 2069 3301 2123 quam
3355 2072 3516 2111 nemo
3565 2074 3646 2114 re-

2061 2135 2214 2204 cipit,
2246 2136 2342 2193 sed
2375 2139 2538 2193 etiam
2586 2141 2890 2197 naturalem
2923 2143 3080 2214 hujus
3114 2150 3484 2215 operationem
3539 2152 3648 2205 dici

2061 2228 2252 2293 vitam,
2284 2245 2447 2300 quam
2485 2233 2663 2302 gratia
2698 2234 2972 2304 recipiunt
3018 2239 3119 2294 viri
3156 2241 3236 2296 sic
3266 2258 3295 2295 a
3334 2242 3443 2297 Deo
3477 2246 3649 2297 viviti-

2060 2320 2283 2384 eati,ut
2331 2336 2431 2389 per
2469 2324 2685 2393 seipsos
2732 2329 2961 2396 salveul,
3021 2345 3135 2396 seu,
3167 2335 3310 2403 quod
3339 2334 3476 2387 idem
3536 2350 3646 2404 est,

2062 2407 2403 2466 immortales
2425 2414 2784 2480 spiritualiter
2810 2417 3012 2472 faciant
3035 2434 3128 2474 eos
3144 2421 3234 2490 qui
3263 2438 3368 2475 non
3395 2424 3649 2490 spiritua-

2060 2499 2185 2553 ltter
2216 2502 2369 2569 prius
2389 2505 2658 2567 vixerant,
2692 2515 2747 2559 et
2780 2508 3071 2563 nonnullos
3099 2524 3285 2563 eorum
3321 2514 3411 2581 qui
3461 2514 3645 2583 aliquo

2062 2595 2306 2648 membro
2328 2595 2409 2649 vel
2440 2605 2550 2650 toto
2577 2612 2806 2666 corpore
2836 2610 2993 2655 erant
3026 2602 3249 2664 mortui,
3286 2609 3644 2678 resuscitent;

2060 2684 2339 2750 quomodo
2371 2687 2539 2756 igitur
2570 2692 2660 2758 qui
2690 2700 2836 2745 recte
2867 2691 2956 2746 illa
2978 2700 3034 2746 et
3062 2692 3206 2749 clare
3232 2696 3646 2775 demonstravit,

2059 2775 2151 2830 ille
2210 2787 2400 2847 postea
2454 2780 2692 2835 divinam
2728 2782 2867 2838 hanc
2921 2786 3297 2853 operationem
3336 2789 3647 2854 destruens,

2058 2869 2202 2935 quod
2241 2869 2347 2923 vita
2378 2881 2602 2926 vocatur
2634 2888 2736 2942 pro
2782 2875 2874 2930 Dei
2907 2880 3146 2933 essentia
3204 2882 3546 2950 protulisset,
3589 2895 3647 2937 ut

2060 2974 2201 3014 nunc
2225 2963 2390 3017 verba
2411 2964 2530 3031 ejus
2577 2966 2964 3037 detorquentes
2992 2985 3087 3025 seu
3114 2974 3295 3041 potius
3311 2976 3649 3029 calumnian-

2062 3061 2145 3107 tes
2178 3054 2349 3109 stulte
2401 3056 2672 3113 allimiant
2703 3060 2726 3113 ‘l

2139 3228 2261 3282 ηε.
2315 3227 2431 3286 Νοιι
2492 3229 2816 3302 Unigenitus
2866 3235 2960 3293 Dei
3000 3246 3233 3307 tantum,
3274 3252 3328 3297 at
3372 3245 3535 3299 etiam
3589 3255 3646 3302 et

2058 3317 2296 3388 Spiritus
2312 3330 2535 3377 sanctus
2559 3338 2784 3380 vocatur
2807 3343 2836 3380 a
2864 3331 3072 3386 sanctis
3099 3334 3344 3400 operatio
3361 3346 3415 3390 et
3436 3340 3645 3404 virtus;

2056 3412 2152 3462 sed
2181 3411 2258 3465 ita
2294 3419 2353 3465 ut
2385 3411 2866 3470 indiscriminatim
2910 3422 3128 3476 easdem
3173 3423 3368 3479 habeat
3390 3441 3454 3481 ac
3486 3426 3645 3482 Pater

2057 3502 2283 3558 virtutes
2311 3513 2364 3557 et
2387 3505 2754 3572 onerationes,
2775 3510 2899 3576 quia
2917 3509 3059 3567 Deus
3081 3514 3195 3585 ipse
3217 3517 3389 3572 virtus
3419 3519 3639 3585 dicitur,

2054 3593 2201 3648 iuxta
2227 3610 2481 3665 magnum
2535 3598 2880 3671 Dionysium.
2913 3615 3097 3674 utpote
3124 3622 3339 3663 omnem
3374 3612 3426 3664 in
3459 3627 3518 3666 se
3550 3616 3643 3667 ltu-

2058 3686 2190 3740 bens
2212 3699 2265 3742 et
2288 3691 2592 3747 eutinenter
2612 3695 2895 3748 includens
2916 3697 3191 3755 virtutem.
3207 3701 3335 3755 ldeo
3352 3714 3642 3775 utrumque

2054 3779 2272 3836 illorum
2304 3783 2467 3839 simul
2522 3785 2842 3856 intelligitur
2890 3797 2945 3844 et
2983 3789 3236 3857 edicitur.
3278 3799 3496 3864 quando
3528 3801 3641 3855 vir-

2057 3880 2201 3927 tutes
2239 3885 2331 3930 aut
2387 3878 2634 3946 Operatio
2686 3894 2911 3937 vocatur
2938 3886 3082 3953 quod
3109 3896 3194 3942 est
3247 3892 3637 3963 substantiale,

2057 3964 2202 4019 sicut
2222 3968 2353 4024 dicit
2381 3985 2611 4040 magnus
2630 3974 2855 4030 omnino
2897 3975 3127 4033 Basilius
3157 3996 3171 4034 :
3199 4000 3217 4033 ι
3252 3982 3484 4051 Spiritus
3509 4002 3638 4042 san-

2056 4068 2178 4114 ctus
2205 4069 2259 4115 et
2316 4063 2489 4121 virtus
2541 4069 2959 4137 sanctiﬁcatrix,
2984 4078 3310 4139 essentialis,
3340 4079 3633 4144 inhaerens,

2054 4153 2451 4214 substantialis.
2504 4176 2521 4209 ι
2555 4158 2686 4216 inde
2730 4166 3076 4231 operationes
3117 4184 3219 4221 non
3278 4184 3469 4226 omnes
3515 4188 3635 4228 esse

2052 4246 2435 4303 substantiales
2461 4266 2555 4320 per
2583 4255 2684 4309 hoc
2715 4259 2855 4323 quod
2886 4257 3016 4311 dicit
3037 4258 3105 4314 de
3155 4259 3357 4329 Spiritu
3414 4265 3634 4320 demon~

2048 4338 2262 4401 stravit,
2284 4355 2379 4408 per
2405 4343 2548 4409 quod
2571 4345 2734 4399 etiam
2759 4359 2908 4417 patet
2938 4365 3030 4405 eas
3063 4366 3093 4405 a
3129 4356 3396 4409 creaturis
3422 4357 3633 4411 dist-er-

377 4414 717 4486 ἀπεφήνατο,
752 4419 821 4473 δι’
851 4413 911 4474 οὗ
958 4424 1049 4475 καὶ
1098 4425 1207 4477 τῶν
1242 4430 1557 4499 κτισμάτων
1592 4430 1747 4497 αὖθις
1796 4437 1952 4505 δῆλός

2061 4448 2184 4485 nens
2217 4448 2232 4494 ;
2257 4436 2632 4492 substantialia
2656 4442 2802 4495 enim
2827 4454 2956 4497 sunt
2982 4461 3102 4513 quae
3123 4458 3328 4501 suntex
3357 4451 3548 4519 spiritu
3571 4466 3629 4507 ut

376 4508 493 4559 ἐστι
518 4508 721 4572 ταύτας
756 4510 1066 4578 διαστείλας
1100 4532 1115 4548 ο
1151 4518 1496 4574 ἐννπόστατα
1528 4522 1638 4595 γὰρ
1664 4526 1733 4579 τὰ
1765 4529 1829 4580 ὲκ
1857 4529 1949 4581 τοῦ

2061 4536 2310 4579 creaturae
2343 4546 2355 4580 :
2397 4530 2566 4585 factas
2597 4537 2740 4588 enim
2784 4538 3050 4591 essentias
3088 4539 3228 4596 Deus
3261 4547 3486 4599 ereavit.

378 4598 685 4669 πνεύματος
711 4601 789 4665 ὡς
816 4604 1092 4675 κτίσματα
1122 4622 1135 4637 ·
1171 4613 1557 4681 πεποιωμένας
1582 4616 1689 4687 γὰρ
1717 4617 1904 4680 οὐσίας
1924 4619 1954 4669 ὁ

373 4688 506 4751 Θεὸς
536 4690 986 4761 ἐδημιούργησεν.

445 4780 584 4851 ρκγ¹.
632 4783 695 4837 Ἦ
745 4786 1061 4859 ἀποφατικὴ
1129 4789 1377 4860 Οεολογία
1431 4796 1530 4848 οὐκ
1588 4798 1947 4866 ἐναντιοῦται,

368 4873 493 4925 οὐδὲ
546 4875 759 4945 ἀναιρεῖ
799 4878 899 4948 τὴν
962 4883 1365 4955 καταφατικὴν,
1416 4887 1550 4941 ἀλλὰ
1605 4889 1844 4945 δείκνυσι
1883 4896 1950 4947 τὰ

370 4968 761 5033 καταφατικῶς
797 4970 891 5022 ἐπὶ
916 4972 1051 5024 Θεοῦ
1080 4973 1369 5042 λεγόμενα,
1427 4979 1603 5049 ἁληθῆ
1646 4983 1746 5050 μὲν
1800 4981 1947 5038 εἶναι

369 5059 464 5109 καὶ
494 5058 730 5123 εὐσεσῶς
762 5064 1036 5125 ἐπὶ-Θεοῦ,
1064 5070 1125 5119 οὐ
1166 5070 1290 5123 καθ’
1319 5073 1466 5141 ἡμᾶς
1498 5074 1558 5127 δὲ
1605 5076 1760 5130 ταῦτ’
1804 5078 1948 5150 ἔχειν

366 5149 460 5202 τον
490 5150 649 5208 Θσόν.
676 5151 802 5209 Οἷον
828 5155 941 5226 ἔχει
977 5159 1007 5211 ὁ
1057 5160 1187 5225 Θεὸς
1223 5164 1323 5233 τὴν
1357 5167 1563 5235 γνῶσιν
1595 5168 1705 5222 τῶν
1745 5149 1942 5239 ὄντων,

367 5243 566 5312 ἔχομεν
605 5248 698 5299 καὶ
726 5250 887 5319 ἡμεῖς
914 5250 1059 5303 ἐστιν
1091 5247 1187 5318 ὧν,
1226 5256 1338 5309 ἀλλ’
1381 5258 1543 5330 ἡμεῖς
1600 5261 1700 5330 μὲν
1750 5264 1824 5328 ὡς
1859 5265 1945 5317 ὁν-

366 5349 477 5386 των
504 5350 565 5386 τε
612 5339 707 5389 καὶ
739 5342 1066 5409 γενομένων,
1105 5346 1133 5397 ὁ
1181 5344 1239 5398 δὲ
1267 5347 1422 5413 Θεὸς,
1465 5353 1564 5421 οὐχ
1594 5352 1669 5417 ὡς
1702 5354 1874 5409 ὄντων
1908 5358 1941 5427 ἢ

367 5428 696 5495 γενομένων·
722 5432 983 5499 ἐγίνωσκε
1008 5436 1116 5507 γὰρ
1148 5438 1296 5493 ταῦτ’
1323 5442 1476 5496 οὐδὲν
1500 5439 1661 5515 ἦττον
1694 5453 1787 5502 καὶ
1814 5454 1943 5521 πρὶν

365 5516 629 5581 γενέσεως
656 5521 855 5575 αὐτῶν.
929 5524 985 5577 ’0
1015 5526 1143 5592 γοῦν
1196 5530 1368 5583 εἰπὼν
1419 5538 1547 5602 περὶ.
1589 5537 1726 5591 Θεοῦ
1770 5540 1851 5592 ὃτι
1881 5544 1941 5594 οὐ

364 5608 624 5674 γινώσκει
651 5611 719 5663 τὰ
764 5612 891 5665 ὅντα
1010 5616 1158 5680 am,
1214 5621 1312 5673 οὐκ
1347 5625 1681 5679 ἐναντιοῦται
1736 5630 1811 5700 τῷ
1857 5632 1941 5685 Ze-

369 5703 614 5768 γοντιότι
642 5702 896 5771 γινώσκει
944 5706 970 5759 ὀ
997 5707 1127 5772 Θεὸς
1168 5710 1233 5764 τὰ
1280 5713 1429 5779 ὄντα,
1469 5717 1563 5770 καὶ
1607 5719 1735 5773 ὄντα
1780 5724 1940 5787 γινώ-

2123 4796 2245 4851 125.
2273 4797 2530 4867 Negativa
2593 4802 2690 4857 Dei
2720 4807 2980 4860 attributa
3007 4808 3340 4867 a-llit-tnativis
3360 4831 3464 4870 non
3494 4828 3623 4874 sunt

2060 4891 2347 4955 :ontraria,
2412 4908 2511 4946 nec
2562 4910 2623 4947 ea
2681 4897 3021 4967 destruunt;
3072 4904 3167 4957 sed
3219 4912 3516 4966 ostendunt
3561 4929 3623 4967 ea

2049 4998 2169 5050 quae
2210 4984 2525 5042 allii-motive
2560 4990 2626 5043 de
2662 4989 2771 5043 Deo
2808 4992 3080 5061 dicuntur,
3134 5013 3260 5053 vere
3298 5003 3511 5068 quidem
3572 5017 3626 5059 et

2049 5076 2134 5140 pie
2148 5074 2257 5129 Deo
2278 5079 2519 5144 attribui,
2548 5095 2653 5134 non
2683 5100 2801 5136 esse
2836 5102 2962 5137 vero
2988 5089 3039 5140 in
3071 5087 3177 5145 Deo
3199 5093 3338 5147 sicut
3362 5094 3415 5147 in
3444 5097 3620 5149 nobis.

2052 5164 2425 5238 Verliigratia,
2463 5173 2625 5228 liabet
2650 5172 2790 5230 Deus
2812 5178 3095 5235 scientiam
3128 5200 3330 5252 rerum,
3363 5186 3624 5243 habemus

2047 5270 2102 5314 et
2129 5276 2229 5317 nos
2262 5268 2620 5333 quorumdam
2676 5270 2958 5326 scientiam
2997 5290 3012 5338 ;
3049 5275 3143 5329 sed
3174 5292 3271 5330 nos
3319 5293 3381 5331 ea
3416 5295 3623 5349 cogno-

2045 5357 2246 5408 scimus
2266 5365 2322 5410 ttt
2345 5358 2657 5414 exsisteut‘a
2679 5374 2729 5415 et
2759 5363 2925 5431 facta,
2952 5365 3094 5419 Deus
3120 5384 3245 5421 vero
3276 5385 3381 5424 non
3400 5382 3462 5425 ut
3482 5373 3627 5427 exsi-

2047 5450 2245 5501 stentia
2278 5459 2332 5505 et
2362 5448 2503 5507 facta
2538 5471 2702 5517 ,naut
2752 5472 2813 5509 ea
2868 5475 2972 5511 ιιιιιι
3023 5461 3199 5513 minus
3258 5466 3620 5531 cognoscebat

2047 5550 2333 5611 antequam
2364 5548 2707 5602 exsisterent.
2749 5550 2849 5615 Qui
2882 5564 3012 5620 ergo
3042 5552 3174 5605 dicit
3207 5551 3371 5607 Deum
3407 5571 3512 5609 non
3530 5573 3621 5611 co-

2044 5652 2304 5704 gnoscere
2356 5642 2501 5692 entia
2560 5651 2829 5705 quatenus
2886 5644 3030 5695 entia
3069 5685 3082 5709 ,
3126 5660 3232 5699 non
3297 5653 3621 5707 contradicit

2043 5728 2244 5782 dicenti
2281 5730 2448 5784 Deum
2500 5748 2822 5799 cognoscere
2853 5735 3019 5801 entia,
3055 5746 3110 5792 et
3149 5753 3473 5808 cognoscere
3502 5744 3619 5811 ipsa
