3994 6206
405 261 548 330 ῙΞΟἸ

1655 257 2030 320 GREGORII
2090 252 2421 317 PALAMAI

3521 257 3660 324 1298

401 385 463 430 ut
522 382 690 428 entia.
727 370 841 426 lmo
901 379 982 426 est
1027 370 1272 440 quaedam
1332 367 1654 423 aﬂirmativa
1708 368 1978 438 theologia

2113 375 2231 411 σκει
2261 359 2418 414 αὐτά.
2440 360 2597 414 Ἐστι
2626 359 2684 415 δὲ
2706 364 2798 416 καὶ
2832 369 3184 441 καταφατικὴ
3229 370 3502 443 Θεολογία,
3525 377 3682 431 δύνα-

403 464 666 535 negativaa
717 461 1004 529 theologia:
1052 459 1158 514 vim
1223 457 1430 513 habens
1465 475 1480 525 ;
1518 458 1662 513 sicut
1694 473 1819 514 eum
1859 459 1992 513 dicit

403 557 645 624 aliquis:
675 551 863 608 Omnis
926 549 1152 605 scientia
1193 548 1260 605 de
1295 549 1479 619 aliquo
1524 548 1735 618 obiecto
1769 549 1989 614 dicitur,

405 648 615 704 scilicet
652 645 719 700 de
751 657 817 699 eo
845 643 989 712 quod
1012 643 1357 712 cognoscitur
1385 641 1658 710 gacientia
1681 649 1861 696 autem
1893 641 1987 696 Dei

405 743 550 796 circa
621 737 829 792 nullum
871 733 1144 801 obiectum
1187 733 1407 789 dicitur.
1441 733 1620 802 Ipsum
1671 733 1816 788 enim
1858 732 1989 788 illud

405 833 540 887 dicit
566 831 737 885 Deum
800 843 908 882 non
950 839 1279 897 cognoscere
1306 826 1452 880 entia
1510 835 1778 896 quatenus
1814 825 1988 891 entia,

411 933 468 976 et
505 920 795 976 scientiam
839 932 1019 972 rerum
1051 931 1158 971 non
1181 915 1402 979 habere,
1435 915 1577 969 sicut
1601 929 1704 970 nos
1721 912 1988 969 videlicet.

404 1015 602 1070 Eodem
643 1027 740 1081 per
777 1007 1106 1082 byberbolen
1162 1008 1321 1062 modo
1365 1005 1566 1062 dicitur
1614 1007 1781 1060 etiam
1818 1004 1990 1059 Deum

405 1122 514 1162 non
548 1121 688 1162 esse.
723 1103 827 1170 Qui
857 1112 1034 1157 autem
1067 1103 1171 1156 hoc
1197 1099 1332 1154 dicit
1352 1102 1418 1153 ad
1433 1097 1848 1168 signiﬁcandum
1884 1109 1990 1149 nou

410 1203 549 1255 bene
582 1198 768 1253 dicere
793 1211 886 1251 eos
914 1195 1004 1264 qui
1042 1192 1229 1248 dicunt
1271 1205 1391 1248 esse
1437 1189 1626 1256 Deum,
1653 1197 1801 1258 patet
1847 1187 1989 1242 enim

407 1306 516 1346 non
556 1304 650 1359 per
706 1286 1059 1359 hyperbolem
1116 1284 1193 1338 uti
1239 1283 1488 1353 negativa
1546 1281 1842 1351 theologia,
1894 1278 1990 1336 sed

406 1397 506 1452 per
549 1379 804 1450 ellipsim.
837 1377 1057 1448 perinde
1079 1392 1144 1432 ac
1193 1373 1443 1430 sinullus
1495 1372 1603 1428 ullo
1636 1371 1796 1428 modo
1847 1379 1993 1426 esset

407 1475 549 1530 Deus
585 1489 602 1530 :
637 1472 780 1543 quod
834 1480 919 1525 est
967 1466 1262 1538 impietatis
1311 1463 1608 1536 hyperbola
1641 1482 1657 1532 ;
1711 1472 1796 1522 et-
1825 1465 1992 1540 quod,

407 1567 547 1618 eheu
581 1563 595 1618 ι
629 1561 840 1615 faciunt
869 1557 962 1628 qui
997 1557 1241 1627 negativa
1281 1551 1550 1622 theologia
1610 1549 1840 1605 iniiciari
1896 1564 1990 1603 co-

2113 467 2206 521 μιν
2258 453 2608 521 ἀποφατικῆς
2669 456 2948 526 Θεολογίας
2981 460 3179 531 ἔχουσα
3207 480 3222 496 ·
3268 465 3346 530 ὡς
3373 468 3505 522 ὅταν
3553 474 3683 544 εῖπῃ

2111 563 2196 608 τις
2221 562 2235 576 ο
2270 548 2425 601 Πᾶσα
2462 549 2665 617 γνῶσις
2691 551 2834 604 κατά
2862 569 3009 617 τινος
3048 556 3409 628 ὑποκειμένου
3438 529 3679 632 λέγεταί

2108 637 2348 708 δηλονότι
2380 639 2474 694 τοῦ
2506 643 2934 712 γινωσκομένου.
2977 645 3044 698 Ἠ
3072 647 3131 700 δὲ
3163 649 3258 702 τοῦ
3313 651 3449 706 Θεοῦ
3477 657 3682 723 γνῶσις

2110 730 2228 782 κατ’
2259 731 2473 795 οὐδενὸς
2517 733 2882 806 ὑποκειμένου
2911 736 3151 806 λέγεται.
3184 741 3325 796 Αὐτὸ
3348 747 3458 816 γὰρ
3507 750 3683 802 ἐκεῖνό
3721 783 3724 788 -

2111 839 2295 894 φησιν,
2329 823 2402 888 ὡς
2429 827 2457 878 6
2494 825 2626 888 Θεὸς
2663 826 2724 878 ού
2754 826 3016 895 γινώσκει
3049 830 3118 884 τὰ
3146 831 3275 886 ὄντα
3383 836 3516 891 ὄντα
3537 857 3551 870 ·
3587 841 3684 892 καὶ
3757 837 3766 844 ’

2109 913 2207 984 τὴν
2234 914 2341 969 τῶν
2364 915 2534 969 ὄντων
2560 917 2762 984 γνῶσιν
2788 920 2890 974 οὐκ
2939 920 3076 992 ἔχει,
3116 923 3192 986 ὡς
3219 927 3382 995 ἡμεῖς
3411 928 3680 998 δηλονότι.

2110 1005 2309 1058 Τοῦτον
2335 1005 2444 1078 γὰρ
2489 1005 2579 1061 τὸν
2618 1008 2842 1078 τρόπον,
2874 1011 2987 1064 ⁸καὶ
3033 1013 3099 1066 τὸ
3131 1013 3205 1085 μὴ
3239 1012 3379 1070 εἶναι
3412 1019 3504 1071 τὸν
3545 1021 3685 1074 Θεὸν

2111 1095 2232 1150 καθ’
2267 1098 2540 1170 ὑπεροχὴν
2563 1099 2808 1170 λέγεται.
2883 1101 2942 1157 '0
2976 1103 3034 1156 δὲ
3077 1105 3236 1159 τοῦτο
3279 1105 3471 1176 λέγων,
3507 1114 3590 1174 είς
3619 1115 3683 1166 τὸ

2107 1185 2276 1251 δεῖξαι
2335 1190 2411 1261 μὴ
2464 1191 2646 1256 καλῶς
2689 1192 2867 1262 λέγειν
2915 1196 3044 1258 τοὺς
3101 1196 3357 1264 λέγοντας
3402 1197 3544 1256 εἶναι
3583 1205 3679 1256 τὸν

2107 1275 2262 1341 Θεὸν,
2292 1281 2522 1350 φανερός
2546 1280 2663 1333 ἐστι
2694 1280 2771 1352 μὴ
2816 1281 2939 1335 καθ’
2972 1282 3248 1356 ὑπεροχὴν
3298 1289 3579 1360 χρώμενος
3612 1297 3681 1364 τῇ

2106 1367 2416 1440 ἀποφατικῇ
2450 1369 2716 1443 Θεολογίᾳ,
2745 1372 2884 1428 ἀλλὰ
2909 1376 3030 1428 κατ’
3059 1374 3320 1446 ἔλλειψιν,
3347 1378 3423 1443 ὡς
3449 1384 3684 1454 μηδαμῆ

2107 1461 2370 1531 μηδαμῶς
2404 1462 2558 1526 ὄντος
2581 1463 2676 1518 τοῦ
2732 1464 2891 1520 Θεοῦ.
2924 1466 3097 1522 Τοῦτο
3134 1469 3191 1522 δὲ
3224 1471 3482 1536 ἀσεϐείας
3527 1479 3685 1529 ἐστὶν

2105 1555 2400 1626 ὑπερϐολή.
2423 1555 2511 1620 Ὃ,
2539 1552 2672 1623 φεῦι
2701 1553 3002 1624 πάσχουσιν
3027 1554 3178 1609 οἱδιά
3199 1556 3300 1626 τῆς
3327 1559 3684 1629 ἀποφατικῆς

405 1665 607 1710 nuntur
643 1653 946 1707 increatam
988 1649 1164 1704 inesse
1201 1645 1312 1700 Deo
1352 1655 1464 1698 tum
1525 1641 1844 1706 essentiam,
1879 1650 1989 1694 tum

2106 1647 2375 1716 θεολογίας
2415 1644 2819 1717 ἐπιχειροῦντες
2872 1645 3154 1717 ἀναιρεῖν,
3193 1647 3267 1712 ὡς
3324 1649 3437 1720 ἔχει
3481 1655 3510 1705 6
3539 1654 3680 1717 Θεὸς

414 1747 813 1818 Operationem.
844 1741 956 1797 Nos
988 1755 1115 1796 vero
1143 1753 1250 1794 non
1311 1737 1628 1792 alterutram
1677 1734 1851 1789 altera
1900 1732 1992 1787 de-

2106 1739 2188 1794 ιιαὶ
2217 1738 2405 1791 οὐσίαν
2434 1740 2527 1790 καὶ
2552 1738 2836 1807 ἐνέργειαν
2866 1737 3143 1792 ἀκτιστον.
3185 1717 3384 1808 Ἡμεῖς
3404 1743 3450 1795 δ’
3482 1743 3558 1807 ὡς
3595 1745 3676 1817 μὴ

409 1847 712 1904 struentes,
752 1836 935 1905 potius
965 1835 1028 1889 de
1063 1840 1296 1901 utraque
1314 1831 1458 1901 piam
1491 1827 1724 1883 ﬁrmiter
1748 1836 1992 1883 tenemus

407 1931 732 1988 doctrinam.

484 2113 610 2167 124.
641 2110 723 2166 Ad
761 2119 986 2164 cunctas
1023 2105 1458 2163 adversariorum
1492 2101 1870 2156 cavillationes
1903 2101 1987 2153 di-

410 2206 662 2260 luendum
694 2210 749 2257 et
796 2199 1031 2268 amplam
1066 2195 1416 2268 retegendum
1461 2193 1808 2252 dementiam.
1844 2191 1993 2246 solli-

409 2297 561 2354 cicns
589 2303 718 2364 puto
753 2291 916 2348 breve
943 2290 1048 2345 hoc
1081 2287 1258 2343 Patris
1284 2286 1509 2342 elIatum
1543 2301 1558 2340 ι
1599 2301 1616 2335 ι
1659 2282 1790 2338 Sine
1840 2283 1994 2352 prin-

410 2389 554 2458 cipio
599 2393 700 2453 est,
763 2383 1023 2453 inquit,et
1061 2380 1412 2452 principium,
1439 2388 1494 2432 et
1547 2378 1693 2446 quod
1738 2383 1822 2430 est
1861 2388 1985 2430 cum

415 2481 704 2555 principio.
748 2477 899 2534 Unus
919 2477 1065 2532 Deus
1092 2492 1108 2541 ;
1143 2475 1239 2531 sed
1283 2472 1630 2544 principium,
1659 2484 1725 2526 eo
1753 2466 1896 2540 quod
1922 2466 1996 2522 sit

417 2576 775 2648 principium,
803 2587 911 2626 non
950 2571 1070 2625 ideo
1102 2577 1391 2638 separatur
1411 2566 1478 2619 ab
1504 2578 1569 2619 eo
1593 2562 1736 2632 quod
1769 2569 1851 2614 est
1875 2558 1994 2613 sine

414 2669 701 2742 principio.
735 2665 856 2720 Non
880 2664 1026 2718 enim
1057 2671 1248 2716 natura
1282 2659 1361 2714 illi
1385 2669 1470 2713 est
1497 2670 1618 2712 esse
1645 2653 1993 2724 principium,

412 2765 556 2822 sicut
591 2775 690 2816 nec
724 2759 851 2813 huic
879 2771 1004 2812 esse
1049 2754 1170 2811 sine
1204 2751 1492 2823 principio.
1534 2749 1661 2804 Haec
1692 2747 1835 2802 enim
1867 2753 1996 2800 sunt

411 2859 559 2912 circa
626 2861 901 2914 naturam,
941 2863 1046 2903 non
1099 2861 1234 2900 vero
1282 2853 1496 2899 natura.
1533 2859 1551 2893 ι
1585 2839 1731 2906 Quid
1777 2837 1995 2909 igitur?

411 2947 550 3003 Num
584 2944 709 3015 quia
741 2957 849 2996 nou
876 2950 1097 3001 natura,
1124 2938 1220 2993 sed
1253 2937 1396 2989 circa
1430 2943 1684 2987 naturam
1717 2939 1845 2984 sunt
1869 2943 1993 2984 esse

2095 1829 2186 1883 ὑπ’
2217 1827 2462 1900 ἀλλήλων
2505 1828 2932 1898 ἀναιρουμένας,
2969 1829 3287 1901 ἀμφοτέρας
3340 1834 3678 1904 στέργομεν·

2095 1919 2470 1990 βεϐαιούμενοι
2500 1918 2701 1990 μᾶλλον
2759 1919 2851 1987 ὑφ’
2893 1919 3161 1992 ἑκατέρας
3201 1922 3283 1985 είς
3332 1923 3434 1994 τὴν
3465 1926 3672 1996 εὐσεσῆ

2083 2006 2351 2064 ⁴διάνοιαν.

2174 2101 2304 2171 ρκδ’.
2333 2102 2444 2166 Τὰς
2471 2101 2580 2156 τῶν
2607 2101 2864 2156 ἐναντίων
2893 2103 3207 2174 ἐρεσχελεας
3242 2105 3444 2172 πάσας,
3479 2105 3681 2167 τελέως

2097 2195 2368 2261 καθελεῖν,
2427 2193 2523 2248 καὶ
2578 2192 2788 2248 πλατὺν
2843 2193 3008 2266 λῆρον
3059 2195 3362 2263 ἀποδεῖξαι,
3419 2199 3680 2269 ἀποχρῶν

2092 2281 2231 2341 εἶναι
2279 2286 2505 2358 νομίζω,
2543 2285 2637 2338 καὶ
2666 2284 2841 2356 βραχὺ
2884 2287 3038 2355 ῥῆμα
3075 2287 3369 2358 Πατρικόν.
3409 2289 3680 2360 Ἀναρχον

2096 2380 2229 2450 γὰρ,
2267 2379 2421 2450 φησὶ,
2458 2379 2553 2430 καὶ
2608 2376 2772 2448 ἀρχὴ,
2815 2376 2911 2430 καὶ
2947 2378 3008 2431 τὸ
3047 2379 3186 2448 μετὰ
3224 2379 3326 2449 τῆς
3353 2381 3550 2450 ἀρχῆς.
3583 2377 3682 2447 Εἷς

2093 2471 2227 2533 Θεός
2255 2487 2268 2501 ·
2302 2468 2417 2523 ἀλλ’
2458 2469 2612 2540 ούχή
2655 2468 2820 2540 ἀρχὴ.
2846 2467 2923 2538 τῷ
2961 2469 3102 2540 ἀρχὴ
3133 2465 3274 2524 εἶναι
3309 2471 3403 2524 τοῦ
3436 2474 3680 2543 ἀνάρχου

2095 2561 2416 2630 διείργεται.
2457 2561 2531 2613 Οὐ
2565 2560 2673 2630 γὰρ
2699 2559 2862 2628 φύσις
2894 2560 3043 2632 αὐτῷ
3071 2563 3104 2633 ἡ
3134 2562 3275 2633 ἀρχή
3304 2578 3316 2592 ·
3349 2563 3542 2635 ὥσπερ
3567 2565 3680 2618 οὐδ’

2095 2651 2290 2722 ἐκείνῳ
2319 2652 2379 2703 τὸ
2417 2653 2672 2723 ἄναρχον.
2718 2652 2854 2722 Περὶ
2889 2651 2998 2722 γὰρ
3046 2651 3145 2724 τὴν
3194 2655 3374 2724 φύσιν,
3414 2657 3477 2710 οὐ
3508 2658 3682 2712 ταῦτα

2097 2745 2277 2814 φύσις.
2309 2743 2372 2796 Τί
2403 2737 2495 2797 οὖν
2521 2759 2537 2808 ;
2571 2743 2653 2796 ὅτι
2689 2743 2764 2813 μὴ
2790 2743 2978 2812 φύσις,
3003 2743 3140 2797 ἀλλὰ
3164 2746 3292 2816 περὶ
3333 2747 3432 2818 τὴν
3461 2748 3622 2816 φύσιν
3645 2752 3679 2820 ή

2100 2834 2264 2906 ἀρχὴ,
2298 2835 2482 2888 καὶτὸ
2523 2835 2778 2906 ἄναρχον,
2820 2837 3014 2890 κτιστὰ
3051 2837 3200 2890 ταῦτ’
3230 2841 3348 2910 ἐρεῖ
3383 2857 3484 2904 τις.
3519 2842 3568 2894 εί
3602 2843 3679 2913 μὴ

2102 2929 2350 2998 μαίνοιτο
2377 2945 2394 2995 ;
2424 2927 2629 2982 τούτων
2653 2929 2710 2980 δὲ
2741 2928 3013 2984 ἀκτίστων
3040 2930 3230 2996 ὄντων,
3279 2932 3374 2984 καὶ
3415 2936 3480 3002 τῇ
3517 2934 3679 3001 φύσει

414 3037 739 3110 principium
769 3042 823 3089 et
854 3046 979 3088 esse
1007 3029 1128 3085 sine
1180 3026 1467 3099 principio,
1506 3031 1691 3080 creata
1713 3023 1835 3077 ideo
1875 3023 1991 3076 haec

2106 3019 2193 3073 τοῦ
2227 3019 2363 3073 Θεοῦ
2403 3020 2736 3092 προσόντων,
2769 3021 3024 3084 σύνθετος
3054 3022 3206 3091 παρὰ
3239 3023 3398 3077 τοῦτο
3421 3026 3468 3078 ,ὁ
3498 3024 3632 3088 Θεός
3660 3043 3674 3087 ς

417 3131 614 3202 aliquis
644 3125 866 3191 dixerit,
903 3124 1010 3179 nisi
1044 3122 1235 3178 deliret
1266 3120 1290 3174 ?
1326 3119 1462 3188 Quia
1493 3129 1674 3172 autem
1726 3117 1842 3170 hare
1870 3121 1993 3170 snnt

2106 3114 2371 3186 Οὐδαμῶς
2402 3131 2416 3146 ο
2440 3115 2500 3168 οὐ
2533 3115 2642 3186 γὰρ
2674 3116 2948 3187 διενήνοχε
2979 3118 3078 3188 τῆς
3099 3116 3248 3180 Θείας
3272 3119 3490 3186 φύσεως
3517 3135 3532 3150 ·
3562 3119 3662 3171 ἀλλ

417 3225 659 3278 lucreata
702 3228 756 3274 et
791 3219 843 3273 in
885 3224 1079 3269 natura
1110 3213 1206 3268 Dei
1241 3213 1450 3276 insunt,
1479 3209 1880 3279 compositusne
1912 3204 1993 3259 ιιι.

417 3319 566 3372 circo
627 3315 776 3371 Deus
824 3310 1274 3378 ?Nequaquam:
1313 3319 1492 3360 nonne
1543 3304 1686 3359 enim
1742 3301 1996 3356 distincta

416 3413 545 3462 sunt
577 3420 607 3459 a
639 3414 828 3459 natura
861 3401 1102 3457 ?Verum
1134 3397 1180 3452 si
1225 3405 1447 3452 econtra
1473 3395 1615 3448 idem
1639 3401 1784 3448 esset
1803 3399 1993 3444 natura

417 3513 578 3568 quam
599 3495 865 3551 naturalia
894 3494 989 3549 Dei
1014 3491 1293 3556 attributa,
1317 3491 1678 3558 compositum
1724 3496 1851 3540 tunc
1877 3495 1996 3538 esse

421 3591 587 3645 Deum
623 3598 819 3659 praeter
847 3587 983 3641 alios
1019 3586 1212 3640 Patres
1237 3582 1425 3637 multis
1443 3579 1624 3635 verbis
1651 3590 1878 3648 magnus
1907 3577 1997 3629 de-

422 3691 696 3741 monstrat
727 3679 986 3752 Cyrillus.
1019 3679 1099 3732 'l‘u
1138 3691 1268 3733 vero
1306 3688 1562 3746 percurre
1593 3685 1800 3726 mecum
1858 3670 1994 3724 scri-

421 3788 507 3851 pta
542 3778 724 3849 magni
767 3775 950 3831 Basilii
1011 3782 1066 3829 et
1096 3771 1338 3844 germani
1403 3769 1522 3839 ejus
1557 3780 1812 3834 germana
1874 3778 1998 3820 sen-

421 3874 606 3928 tientis
643 3881 832 3928 contra
857 3868 1205 3924 Eunomium.
1231 3865 1309 3920 lbi
1335 3864 1481 3920 enim
1512 3863 1749 3932 reperies
1776 3859 1998 3916 eviden-

423 3979 504 4024 ter
528 3982 653 4024 cum
721 3963 985 4018 Eunomio
1014 3961 1304 4017 conciuere
1335 3956 1700 4020 adversarios,
1769 3962 1824 4009 et
1848 3951 2000 4007 suili-

421 4062 652 4114 cientem
687 4069 876 4110 eorum
916 4051 1141 4108 habebis
1163 4047 1608 4106 confutationem.

497 4327 620 4383 125.
663 4327 891 4395 Propter
938 4323 1306 4377 Eunomianos
1340 4320 1668 4374 arbitrantes
1704 4332 1810 4372 non
1851 4332 1999 4372 eam-

2099 3208 2148 3260 εἰ
2178 3207 2340 3276 φύσις
2377 3207 2578 3278 μᾶλλον
2602 3207 2694 3277 εἴη
2737 3209 2806 3262 τὰ
2859 3209 3101 3278 φυσικῶς
3132 3211 3402 3280 προσόντα
3431 3210 3506 3281 τῷ
3536 3211 3675 3280 Θεῷ,

2103 3299 2360 3354 σύνθετον
2391 3296 2529 3356 εἶναι
2563 3299 2628 3354 τὸ
2662 3300 2817 3354 Θεῖον
2851 3301 2988 3372 πρὸς
3036 3305 3148 3365 τοῖς
3179 3302 3360 3366 ἄλλοις
3407 3304 3675 3374 Πατράσι,

2102 3393 2195 3445 καὶ
2223 3394 2250 3445 6
2307 3391 2482 3462 μέγας
2530 3392 2619 3446 διὰ
2666 3393 2877 3446 πολλῶν
2920 3392 3166 3446 διδάσκει
3200 3393 3486 3462 Κύριλλος.
3523 3395 3594 3446 Σὺ
3620 3393 3678 3446 δέ

2105 3503 2195 3555 μοι
2232 3485 2408 3538 δίελθε
2451 3485 2523 3538 τὰ
2581 3485 2674 3537 τοῦ
2731 3484 2967 3554 μεγάλου
3018 3484 3321 3551 Βασιλείου,
3363 3486 3459 3537 καὶ
3488 3486 3555 3537 τὰ
3584 3484 3676 3536 τοῦ

2101 3575 2329 3645 ἀδελφοῦ
2364 3577 2459 3629 καὶ
2487 3575 2693 3643 ἀδελφά
2740 3575 3066 3646 φρονοῦντος
3117 3577 3293 3646 τούτῳ
3353 3576 3492 3646 πρὸς
3519 3576 3676 3628 Εὑνό‹

2105 3686 2249 3739 μιον.
2286 3660 2432 3723 Ἐκεῖ
2451 3668 2558 3739 γὰρ
2585 3669 2845 3740 εὑρήσεις
2869 3669 3116 3740 ἐναργῶς
3146 3670 3395 3739 Εὑνομίῳ
3431 3669 3671 3741 συνᾴδον-

2101 3776 2200 3822 τας
2225 3760 2350 3823 τοὺς
2383 3760 2524 3814 κατὰ
2545 3759 2654 3812 τῶν
2691 3759 2950 3812 ἐναντίων
2979 3800 2996 3826 ,
3033 3762 3122 3813 καὶ
3155 3760 3264 3812 τῶν
3305 3760 3443 3831 πρὸς
3487 3761 3679 3823 αὐτοὺς

2103 3853 2476 3922 ἀντιρῤήσεων
2513 3851 2654 3916 ἔξεις
2685 3850 2922 3922 διαρκῶς

2171 4317 2302 4391 ρκε⁹.
2323 4317 2422 4371 Διὰ
2440 4317 2566 4379 τοὺς
2594 4310 2982 4381 Εὑνομιανοὺς,
3012 4303 3300 4368 δοκοῦντας
3342 4301 3419 4372 μὴ
3448 4300 3548 4370 τὴν
3576 4297 3673 4352 αὐ·-

423 4422 546 4476 dem
571 4432 694 4474 esse
720 4417 901 4471 Patris
922 4425 976 4469 et
1003 4413 1124 4469 Filii
1154 4412 1470 4478 essentiam,
1500 4412 1628 4480 quia
1660 4425 1825 4465 omne
1849 4409 1993 4479 quod

2106 4388 2198 4484 τὴν
2253 4408 2468 4480 Πατρδς
2518 4403 2658 4460 εἶναι
2698 4405 2796 4459 καὶ
2820 4401 2953 4455 Υῑοῦ
2983 4399 3193 4461 οὐσίαν,
3235 4393 3427 4464 ἐπειδὴ
3464 4394 3572 4445 πᾶν
3614 4388 3675 4440 τὸ

425 4516 491 4569 de
509 4514 618 4569 Deo
639 4511 859 4575 dicitur,
886 4508 1182 4563 secumlum
1203 4507 1494 4561 essentiam
1517 4503 1626 4559 dici
1652 4503 1991 4570 existimant,

425 4617 476 4658 et
508 4603 738 4674 probare
759 4609 1049 4665 conantur,
1084 4613 1152 4654 eo
1182 4596 1328 4666 quod
1368 4610 1632 4667 generare
1663 4603 1718 4649 et
1741 4594 1994 4664 generari

426 4698 535 4750 sint
580 4693 816 4758 diversa,
855 4691 976 4746 ideo
1027 4700 1081 4744 et
1135 4689 1405 4744 essentias
1435 4700 1557 4742 esse
1607 4687 1886 4750 diversas;
1941 4694 1997 4737 et

426 4801 646 4858 propter
683 4801 776 4841 eos
806 4785 900 4856 qui
952 4796 1140 4841 contra
1194 4783 1380 4838 dicunt
1417 4796 1522 4836 non
1577 4780 1828 4835 eumdem
1874 4793 1998 4832 esse

425 4884 593 4936 Deum
647 4879 740 4948 qui
801 4878 964 4932 habet
1010 4875 1251 4930 divinam
1305 4874 1601 4928 essentiam
1649 4881 1707 4925 et
1759 4871 1995 4925 divinam

424 4973 821 5045 operationem,
883 4970 1009 5037 quia
1058 4983 1220 5023 omne
1275 4968 1422 5037 quod
1483 4965 1553 5020 de
1604 4965 1715 5019 Deo
1776 4963 1994 5027 dicitur,

424 5066 720 5121 essentiam
745 5076 864 5117 esse
893 5070 1108 5131 putant,
1129 5070 1180 5113 et
1200 5058 1432 5129 probare
1449 5067 1742 5122 conantur,
1768 5071 1832 5110 eo
1853 5054 1996 5124 quod

424 5162 606 5230 aliqua
631 5159 702 5212 sit
735 5154 1016 5210 distinctio
1047 5154 1301 5207 essentia
1330 5160 1384 5206 et
1407 5150 1741 5220 operationis
1772 5148 1992 5213 divinae,

428 5251 628 5305 multos
675 5247 798 5302 ideo
832 5261 898 5300 ac
929 5244 1176 5300 diversos
1207 5257 1330 5297 esse
1354 5243 1485 5296 deos
1518 5257 1534 5298 :
1560 5240 1869 5295 ostenditur
1891 5255 1996 5295 non

425 5359 590 5398 omne
629 5339 774 5410 quod
823 5339 889 5392 de
929 5337 1037 5391 Deo
1092 5336 1312 5398 dicitur,
1373 5335 1671 5388 secundum
1702 5331 1998 5387 essentiam

428 5437 557 5498 dici,
583 5436 676 5488 sed
694 5434 796 5487 dici
832 5431 994 5486 etiam
1035 5431 1276 5493 relative,
1305 5427 1360 5482 id
1399 5437 1484 5482 est
1511 5434 1760 5493 respectu
1791 5424 1858 5478 ad
1903 5425 2002 5477 ali-

427 5529 557 5594 quid
587 5528 730 5594 quod
762 5526 876 5594 ipse
902 5538 1010 5576 non
1050 5533 1155 5585 est,
1199 5521 1347 5575 verbi
1385 5521 1566 5592 gratia
1594 5520 1758 5573 Pater
1802 5519 2003 5572 dicitur

429 5615 655 5666 relative
704 5613 769 5667 ad
807 5613 1027 5678 Filium,
1078 5627 1202 5666 nam
1239 5610 1400 5666 Pater
1431 5625 1536 5665 non
1574 5619 1658 5664 est
1684 5609 1893 5672 Filius;
1947 5618 2005 5664 et

433 5702 693 5756 Dominus
722 5715 1018 5772 respecttve
1047 5703 1112 5758 ad
1149 5702 1449 5758 servientes
1479 5712 1778 5763 creaturas,
1812 5699 1987 5753 domi-

2097 4505 2224 4575 περὶ
2251 4502 2386 4556 Θεοῦ
2419 4501 2731 4571 λεγόμενον,
2778 4493 2898 4550 κατ’
2931 4492 3118 4546 οὐσίαν
3143 4486 3402 4557 λέγεσθαι
3455 4485 3672 4544 οἴονται,

2099 4597 2194 4650 καὶ
2221 4593 2641 4666 φιλονεικοῦσιν,
2669 4590 2744 4653 ὡς
2776 4588 2898 4642 ἐπεὶ
2935 4587 2995 4639 τὸ
3031 4584 3230 4654 γεννᾷν
3263 4581 3361 4634 καὶ
3388 4575 3676 4666 γεννᾶσθαι

2098 4663 2328 4756 διάφορά
2370 4687 2512 4748 ἐστι,
2545 4681 2633 4736 διὰ
2661 4679 2822 4733 τοῦτο
2858 4678 2953 4732 καὶ
2971 4675 3158 4738 ούσίας
3189 4672 3482 4740 διαφόρους
3521 4663 3675 4756 εῖναι.

2100 4754 2305 4833 καὶάδιὰ
2339 4775 2465 4837 τοὺς
2500 4772 2883 4840 ἀντιλέγοντας
2927 4766 3002 4839 μὴ
3032 4766 3123 4820 τὸν
3155 4765 3314 4818 αὑτὸν
3345 4761 3482 4814 Θεδν
3519 4754 3678 4815 εἶναι.

2099 4871 2192 4922 τὸν
2221 4869 2413 4938 ἔχοντα
2447 4866 2542 4918 καὶ
2571 4868 2676 4934 τὴν
2715 4862 2864 4914 Θείαν
2922 4859 3110 4913 οὐσίαν
3163 4857 3256 4910 καὶ
3294 4855 3393 4924 τὴν
3419 4853 3574 4905 Θείαν
3602 4853 3682 4902 ἐν·

2104 4962 2322 5029 ἐργειαν
2351 4974 2365 4990 ο
2401 4953 2589 5026 ἐπειδὴ
2621 4956 2728 5008 πᾶν
2757 4953 2819 5007 τὸ
2851 4950 2983 5020 περὶ
3016 4949 3153 5003 Θεοῦ
3183 4947 3476 5016 λεγόμενον
3497 4941 3679 4996 οὐσίαν

2104 5049 2243 5105 είναι
2265 5050 2490 5113 οἴονται,
2520 5048 2617 5100 καὶ
2639 5043 3040 5115 φιλονεικοῦσιν
3059 5039 3134 5102 ὼς
3162 5036 3396 5106 διαφορᾶ
3425 5035 3511 5096 τίς
3541 5035 3681 5084 ἐστιν

2105 5144 2297 5206 οὐσίας
2329 5141 2424 5194 καὶ
2469 5138 2751 5208 ἐνεργείας
2794 5136 2966 5199 Θείας,
3011 5131 3242 5192 πολλοὺς
3273 5129 3365 5182 καὶ
3399 5124 3683 5194 διαφόρους

2108 5230 2248 5288 εἶναι
2291 5231 2446 5294 Θεούς
2473 5247 2487 5260 ·
2543 5229 2822 5282 δείκνυται
2871 5224 2947 5294 μὴ
2979 5225 3087 5278 παν
3114 5223 3172 5275 τὸ
3199 5221 3326 5289 περὶ
3359 5216 3498 5270 Θεοῦ
3541 5213 3683 5280 λεγό-

2114 5342 2275 5397 μενον
2299 5323 2418 5377 κατ’
2445 5321 2634 5375 οὐσίαν
2655 5317 2912 5387 λέγεσΘαι
2938 5334 2950 5347 ο
2978 5314 3115 5368 ἀλλὰ
3149 5311 3404 5379 λέγεσθαι
3428 5309 3524 5362 καὶ
3560 5308 3684 5359 ἀνα·

2113 5417 2354 5488 φορικῶς
2385 5435 2400 5450 ο
2437 5415 2684 5467 τουτέστι
2715 5409 2852 5481 πρός
2885 5426 2960 5471 τι,
2990 5409 3129 5477 ὅπερ
3167 5403 3329 5464 αὐτὸς
3357 5401 3461 5452 οὐκ
3498 5399 3638 5450 ἐστιν
3666 5409 3708 5434 ὀ

2111 5513 2299 5581 ὥσπερ
2326 5512 2355 5563 6
2384 5507 2571 5577 Πατὴρ
2613 5504 2831 5572 λέγεται
2867 5501 3002 5572 πρὸς
3041 5499 3130 5552 τὸν
3155 5496 3303 5551 Υίόν.
3336 5495 3411 5546 Οὐ
3443 5493 3550 5560 γάρ
3580 5494 3685 5543 ἐστι

2115 5605 2304 5673 Πατὴρ
2332 5603 2360 5654 6
2396 5600 2528 5664 Υἱός
2559 5614 2575 5630 ο
2613 5599 2707 5650 καὶ
2757 5594 2962 5665 Κύριος
3011 5591 3150 5663 πρδς
3199 5589 3300 5659 τὴν
3343 5583 3684 5639 δουλεύουσαν

2119 5697 2297 5752 κτίσιν
2331 5711 2342 5724 ·
2378 5691 2622 5765 κυριεύει
2659 5690 2768 5761 γὰρ
2816 5691 2845 5743 6
2872 5687 3006 5759 Θεὸς
3033 5685 3142 5738 τῶν
3191 5684 3249 5736 ἐν
3287 5681 3466 5752 χρόνῳ
3511 5676 3597 5730 καὶ
3633 5674 3684 5724 ἐν
