3994 6206
390 275 527 339 120!)

1298 295 1570 355 CAPITA
1613 295 1959 370 PHYSICA,
1994 299 2511 375 THEOLOGICA,
2548 305 2712 369 ETC.

3496 316 3637 383 1210

375 408 553 469 αἰῶνι,
593 407 684 460 καὶ
743 410 925 465 αὐτῶν
969 412 1080 467 τῶν
1125 414 1377 469 αίὼνωνο
1426 416 1487 471 τὸ
1542 417 1600 471 δὲ
1654 418 1929 489 κυριεύειν

2060 429 2223 473 natur
2263 422 2409 475 enim
2464 421 2606 478 Deus
2663 424 2716 477 in
2770 427 3082 494 temporalia
3134 437 3189 481 et
3232 436 3430 484 aeterna
3479 446 3532 486 et
3578 434 3629 486 in

373 498 628 561 ἄκτιστός
654 500 808 552 ἐστιν
835 504 1081 573 ἐνέργεια
1104 506 1238 559 Θεοῦ
1262 508 1594 579 διαφέρουσα
1621 512 1719 581 τῆς
1744 512 1950 576 οὐσίας,

371 589 446 652 ὡς
477 591 613 661 πρὸς
644 591 832 664 ἕτερόν
858 613 909 649 τι
952 598 1244 671 λεγομένη,
1298 602 1436 673 ὅπερ
1465 605 1627 665 αὐτὸς
1655 605 1754 657 οὐκ
1780 604 1950 659 ἐστιν.

448 775 595 844 ρκς’.
630 779 690 830 Οί
724 779 1067 851 Εὑνομιανοὶ,
1104 787 1213 838 πᾶν
1250 787 1387 859 ὅπερ
1418 786 1509 840 ἐπὶ
1534 788 1669 842 Θεοῦ
1713 789 1952 859 λέγεται,

372 864 563 919 οὐσίαν
616 864 754 921 εἶναι
788 870 1059 940 λέγουσιν,
1115 876 1200 929 ἵνα
1256 880 1357 945 τὴν
1393 881 1718 950 ἀγεννησίαν
1767 884 1955 936 οὐσίαν

373 953 515 1009 εἶναι
541 959 909 1029 δογματίσωσι
938 982 954 998 ο
1012 969 1107 1020 καὶ
1148 970 1239 1022 τὸν
1290 971 1419 1024 Υἱὸν
1475 972 1724 1027 ἐντεῦθεν
1756 974 1832 1039 ὡς
1857 974 1953 1028 τοῦ

374 1050 586 1135 ματρὸς
620 1053 967 1123 διαφέροντα,
1023 1062 1103 1123 είς
1166 1062 1393 1133 κτίσμα,
1445 1065 1506 1117 τό
1538 1082 1599 1135 γε
1645 1067 1725 1127 είς
1758 1067 1954 1131 αὐτοὺς

371 1132 528 1208 ἦκον,
568 1147 984 1200 κατασπάσωσι.
1022 1151 1130 1203 Καὶ
1162 1153 1194 1221 ἡ
1258 1132 1781 1224 πρόφασις-αὐτοῖς,
1838 1160 1948 1222 ἵνα,

372 1232 524 1297 φασὶ,
583 1233 657 1304 μὴ
692 1235 783 1287 δύο
837 1239 1077 1305 γένοιντο
1104 1243 1214 1297 Θεοί
1237 1262 1251 1276 ο
1282 1247 1309 1298 ὃ
1348 1265 1406 1300 τε
1462 1249 1679 1319 πρῶτος
1724 1252 1753 1303 6
1793 1252 1952 1321 ἀγένο

370 1336 551 1388 νητος,
586 1326 680 1377 καὶ
712 1328 739 1377 6
779 1328 1113 1400 δευτερεύων
1166 1335 1357 1389 τούτου
1403 1339 1479 1403 ὡς
1528 1344 1789 1414 γεννητὸς
1841 1346 1948 1397 ὑπ-

370 1409 576 1481 άρχων.
610 1416 764 1469 Κατὰ
801 1420 1035 1491 μίμησιν
1069 1425 1276 1481 τούτων
1309 1432 1401 1483 καὶ
1452 1435 1501 1485 οἱ
1551 1409 1804 1502 ἐναντίοι,
1839 1439 1947 1491 πᾶν

368 1503 505 1574 ὅπερ
533 1506 622 1557 ἐπὶ
647 1508 782 1562 Θεοῦ
825 1512 1063 1580 λέγεται,
1115 1519 1305 1573 οὐσίαν
1358 1519 1499 1578 εἶναι
1536 1526 1786 1597 λέγουσιν
1813 1546 1829 1561 ο
1861 1532 1947 1584 ἵνα

367 1597 467 1689 τὴν
502 1599 584 1689 μὴ
640 1604 1038 1677 χωριζομένην,
1098 1610 1463 1684 διαφέρουσαν
1520 1618 1577 1670 δὲ
1625 1619 1727 1689 τῆς
1756 1621 1947 1686 οὐσίας

371 1687 465 1739 τοῦ
490 1688 623 1742 Θεοῦ
655 1693 935 1784 ἐνέργειαν
956 1699 1031 1762 ὡς
1054 1702 1110 1767 ἐξ
1134 1704 1349 1776 ἐκείνης
1369 1704 1552 1774 οὖσαν,
1578 1687 1945 1784 μετεχομένην

377 1779 559 1846 μέντοι
620 1783 771 1853 παρὰ
818 1787 924 1839 τῶν
981 1794 1301 1862 ποιημάτων
1338 1797 1561 1867 (Πάντα
1609 1779 1742 1875 γὰρ,
1780 1779 1941 1875 -φησι,

376 1873 593 1939 μετέχει
626 1877 887 1944 προνοίας
918 1883 981 1934 ὲκ
1009 1887 1107 1953 τῆς
1142 1889 1424 1942 παναιτίου
1468 1873 1720 1964 θεότητος
1749 1873 1943 1951 6x610-

374 1959 656 2033 ζομένης),
684 1966 961 2035 δυσσεϐῶς
1005 1978 1083 2036 είς
1115 1980 1318 2049 κτίσμα
1363 1959 1776 2043 κατασπασωσι.
1832 1991 1943 2045 Καὶ

368 2063 395 2134 ἡ
429 2063 701 2133 πρόφασις
734 2065 938 2128 αὐτοῖς,
967 2067 1075 2130 ἵνα,
1109 2071 1263 2137 φασὶ,
1298 2072 1370 2141 μὴ
1406 2072 1499 2126 δύο
1537 2077 1780 2144 γένοιντο
1814 2083 1934 2137 θεό-

358 2172 540 2226 τητες·
568 2157 602 2225 ἦ
636 2174 694 2208 τε
746 2158 884 2227 ὑπὲρ
933 2160 1269 2231 ἐπωνυμίαν,
1303 2165 1395 2217 καὶ
1432 2167 1632 2234 αἰτίαν,
1674 2174 1767 2226 καὶ
1804 2176 1932 2245 μέθ-

356 2247 471 2315 εξιν
499 2251 933 2317 τρισυπόστατος
967 2253 1144 2316 οὐσία,
1186 2256 1278 2307 καὶ
1307 2258 1337 2325 ἡ
1370 2258 1427 2322 ἐξ
1463 2259 1634 2329 αὐτῆς
1668 2280 1936 2339 προερχο-

359 2341 518 2409 μένη,
545 2343 879 2411 μετεχομένη
922 2343 977 2395 δὲ
1024 2344 1120 2397 καὶ
1149 2346 1522 2420 ὀνομαζομένη
1548 2352 1641 2405 τοῦ
1675 2355 1809 2408 Θεοῦ
1847 2361 1936 2411 ἐν·

356 2432 570 2500 ἐργεια.
615 2434 725 2484 Καὶ
757 2434 864 2503 γὰρ
904 2436 964 2486 οὐ
1021 2439 1318 2505 συνορῶσιν
1356 2442 1436 2493 ὅτι
1467 2443 1716 2515 καθάπερ
1743 2450 1771 2500 6
1804 2448 1935 2513 Θεὸς

354 2523 449 2575 καὶ
471 2524 681 2594 Πατὴρ,
713 2525 903 2595 Πατὴρ
948 2525 1163 2594 λέγεται
1194 2530 1332 2601 πρὸς
1373 2533 1464 2586 τὸν
1501 2535 1630 2589 ίδιον
1661 2538 1810 2603 Υίὸν,
1844 2542 1935 2594 καὶ

354 2612 623 2677 ἀκτίστως
675 2614 788 2684 ἔχει
818 2618 877 2668 τὸ
909 2618 1112 2687 Πατήρ
1158 2617 1319 2687 εἶναι,
1374 2626 1423 2677 εί
1471 2628 1565 2678 καὶ
1618 2629 1692 2698 μὴ
1744 2630 1934 2685 οὐσίαν

356 2706 615 2774 σημαίνει
654 2708 712 2759 τὸ
744 2708 934 2779 Πατήρ
963 2725 977 2739 ο
1031 2710 1172 2764 οὕτω
1208 2714 1302 2767 καὶ
1334 2715 1432 2786 τὴν
1467 2720 1748 2789 ἐνέργειαν
1782 2723 1932 2777 ἀκτί-

354 2812 495 2858 στως
529 2796 642 2867 ἔχει
693 2801 719 2850 6
765 2800 934 2862 Θεὸς,
988 2804 1036 2854 εξ
1074 2803 1167 2856 καὶ
1219 2805 1471 2877 διαφέρει
1526 2810 1623 2879 τῆς
1669 2813 1859 2876 οὐσίας
1896 2816 1930 2885 ἡ

353 2888 622 2958 ἒνέργεια.
661 2892 768 2945 Καὶ
810 2893 896 2944 ὅτε
932 2894 1059 2962 μίαν
1113 2895 1345 2968 Θεότητά
1394 2917 1594 2970 φαμεν,
1632 2904 1807 2959 πάντα
1834 2908 1932 2960 ὅσα

353 2980 500 3031 ἐστὶν
530 2983 557 3033 ὁ
590 2980 724 3044 Θεός
766 3000 968 3053 φαμεν,
1016 2986 1112 3038 καὶ
1165 2987 1264 3058 τὴν
1313 2990 1502 3045 οὐσίαν
1534 2996 1627 3046 xui.
1655 2995 1752 3065 τὴν
1781 2998 1931 3069 ἐνέρ-

2056 512 2230 580 ipsam
2270 515 2634 569 azternitatem
2671 533 2686 569 :
2716 517 3018 571 dominatio
3046 530 3228 574 autem
3264 531 3349 575 est
3387 524 3627 577 iucreata

2056 603 2150 657 Dei
2202 606 2475 673 Operatio,
2525 607 2783 663 distincta
2837 610 2904 663 ab
2952 612 3215 677 essentia,
3253 620 3437 682 utpote
3482 614 3627 669 dicta

2053 696 2287 750 relative
2321 699 2389 750 ad
2420 698 2564 751 aliud
2591 700 2733 769 quod
2769 701 2884 769 ipse
2916 714 3147 756 nonest.

2120 784 2245 839 126.
2297 787 2622 843 Eunomiani
2681 793 3051 862 quodcunque
3121 794 3189 848 de
3244 794 3352 849 Deo
3405 796 3625 857 dicitur,

2045 878 2339 932 essentiam
2369 894 2494 935 esse
2526 881 2739 948 dicunt,
2767 884 3150 954 ut'ingenitam
3183 887 3472 941 essentiam
3504 902 3627 941 esse

2045 970 2297 1034 doceant,
2336 983 2390 1025 et
2413 973 2541 1027 inde
2564 973 2759 1029 Filium
2782 983 3036 1046 tanquam
3068 994 3096 1031 a
3119 979 3279 1033 Patre
3301 979 3622 1034 distinctum

2043 1058 2110 1111 ad
2135 1069 2467 1127 creaturam,
2507 1073 2570 1117 ut
2614 1064 2718 1118 sibi
2779 1064 2976 1133 placet,
3012 1068 3341 1136 deprimant.
3382 1068 3446 1121 Et
3486 1084 3626 1137 pra:-

2044 1156 2226 1203 textus
2252 1153 2332 1205 eis
2364 1162 2448 1208 est
2478 1168 2564 1216 ne.
2601 1156 2776 1221 aiunt,
2810 1157 2919 1213 duo
2942 1160 3052 1213 sint
3075 1161 3168 1222 dii,
3196 1176 3387 1229 nempe
3413 1161 3623 1229 primus

2040 1241 2128 1305 qui
2170 1240 2240 1295 sit
2273 1242 2570 1312 ingenitus,
2600 1254 2657 1299 et
2702 1252 2974 1304 secundus
3016 1251 3107 1319 qui
3160 1253 3259 1305 hoc
3291 1253 3362 1307 sit
3396 1252 3623 1305 inferior

2043 1340 2231 1400 utpote
2277 1335 2516 1403 genitus.
2586 1338 2725 1392 Istos
2767 1340 3048 1396 imitantes
3097 1344 3418 1405 adversarii,
3451 1344 3626 1413 quod-

2041 1437 2255 1493 cunque
2277 1425 2345 1480 de
2398 1425 2508 1482 Deo
2549 1429 2773 1498 dicitur,
2833 1436 3121 1488 essentiam
3152 1450 3275 1490 esse
3302 1436 3511 1501 dicunt,
3565 1436 3624 1488 ut

2039 1513 2205 1583 impie
2236 1517 2302 1570 ad
2335 1529 2614 1576 creaturas
2647 1522 2956 1592 deprimant
2990 1542 3097 1579 non
3149 1537 3475 1596 separatam,
3524 1528 3621 1581 sed

2040 1608 2358 1664 distinctam
2414 1613 2481 1666 ab
2518 1617 2754 1669 essentia
2805 1616 2897 1671 Dei
2941 1619 3338 1686 operationem,
3387 1635 3506 1687 qua:
3553 1635 3618 1674 ex

2046 1698 2162 1754 Deo
2191 1711 2297 1765 est,
2331 1704 2690 1773 participatur
2747 1718 2926 1762 autem
2960 1723 2988 1761 a
3015 1711 3284 1764 creaturis
3323 1728 3335 1763 :
3372 1729 3390 1761 ι
3420 1708 3615 1765 Omnia

2034 1790 2203 1854 enim,
2234 1792 2456 1857 dicitur,
2510 1798 2836 1867 participant
2870 1801 3273 1867 providentiam
3321 1817 3351 1855 e
3399 1817 3618 1855 summo

2030 1881 2301 1951 principio
2340 1898 2673 1944 manantem.
2734 1907 2751 1939 ι
2814 1891 2879 1943 Et
2933 1899 3225 1958 praetextas
3265 1892 3346 1946 eis
3394 1901 3478 1945 est
3525 1906 3615 1957 ne,

2030 1972 2207 2037 aiunt,
2259 1975 2365 2030 duo
2417 1978 2529 2031 sint
2585 1979 2920 2048 divinitatea,
2988 1996 3182 2052 nempe
3222 1983 3361 2037 elata
3425 1997 3619 2051 supra,

2028 2078 2225 2118 nomen
2275 2067 2761 2140 causalitatemque
2796 2082 2850 2125 et
2880 2073 3433 2127 communicatimiem
3471 2075 3610 2127 trina

2028 2155 2280 2223 personis
2309 2160 2569 2225 essentia,
2620 2169 2674 2215 et
2712 2164 3020 2231 procedens
3052 2180 3120 2219 ex
3179 2170 3282 2220 hac
3312 2171 3617 2236 participa-

2031 2255 2193 2313 taque
2218 2256 2273 2300 et
2309 2250 2585 2303 nominata
2617 2252 2712 2306 Dei
2744 2257 3013 2322 operatio.
3043 2257 3257 2311 Etenim
3287 2276 3391 2313 non
3419 2263 3619 2318 advero

2029 2345 2172 2401 Iunt,
2209 2339 2352 2393 sicut
2403 2339 2545 2395 Deus
2601 2343 2767 2399 Pater
2825 2347 3025 2401 dicitur
3062 2350 3230 2403 Pater
3267 2353 3491 2409 relative
3539 2356 3609 2411 ad

2026 2431 2303 2498 proprium
2346 2432 2567 2501 Filium,
2613 2445 2667 2491 et
2721 2438 2963 2493 increata
3000 2449 3084 2494 est
3119 2444 3446 2511 paternitas,
3487 2445 3615 2502 licet

2023 2535 2133 2574 non
2176 2525 2466 2579 essentiam
2499 2528 2769 2597 signiticet
2801 2546 2902 2585 vox
2944 2530 3127 2596 Pater,
3166 2534 3237 2587 ita
3268 2537 3434 2589 etiam
3471 2553 3605 2607 ope-

2022 2613 2289 2669 rationem
2338 2618 2638 2673 increatam
2676 2621 2788 2676 Deo
2837 2624 3041 2690 inesse,
3078 2625 3209 2681 licet
3239 2627 3492 2682 distincta
3534 2631 3611 2685 sit

2021 2706 2089 2759 ab
2143 2708 2380 2763 essentia
2427 2713 2695 2775 Operatio.
2758 2714 2823 2768 Et
2873 2731 2996 2770 cum
3048 2733 3211 2772 uuam
3271 2720 3610 2776 divinitatem

2020 2797 2273 2863 dicimus,
2339 2804 2521 2856 omnia
2578 2805 2813 2861 dicimus
2867 2823 2987 2876 quae
3043 2809 3186 2866 Deus
3250 2824 3355 2877 est,
3413 2829 3608 2883 nempe

2018 2892 2313 2947 essentiam
2345 2904 2399 2948 et
2432 2898 2825 2965 operationem.
2856 2900 2939 2954 Illi
2974 2901 3143 2968 igitur
3173 2916 3299 2958 sunt
3320 2905 3411 2970 qui
3448 2906 3611 2974 impie

2020 2983 2325 3053 bipartiunt
2384 3003 2545 3041 unam
2606 2989 2699 3044 Dei
2759 2991 3098 3048 divinitatem
3149 2996 3204 3048 in
3260 3009 3499 3052 creatam
3554 3007 3611 3052 et

353 3086 532 3137 γειαν.
603 3072 832 3126 Ἐκεῖνοι
886 3076 1180 3158 τοιγαροῦν
1231 3081 1367 3133 εἰσιν
1413 3084 1461 3134 οί
1517 3083 1995 3160 διχοτομοῦντεςε
2027 3079 2347 3136 illcrealam-

350 3164 625 3231 δυσσεϐῶς
654 3168 753 3238 τὴν
790 3169 919 3241 μίαν
942 3172 1036 3225 τοῦ
1070 3173 1207 3227 Θεοῦ
1240 3175 1469 3247 Θεότητα
1500 3180 1580 3242 είς
1615 3182 1809 3235 κτιστὰ
1836 3186 1929 3238 καὶ

350 3255 601 3308 ἄκτιστα.

424 3348 563 3417 ρκζν.
600 3349 955 3419 Συμϐεϐηκὸς
982 3354 1098 3409 ἐστι
1132 3356 1192 3408 τὸ
1228 3371 1513 3428 γινομενον
1550 3361 1643 3414 καὶ
1674 3364 1928 3432 ἀπογινό-

352 3453 533 3506 μενον
558 3439 650 3509 ἀφ’
682 3434 743 3494 οῦ
768 3445 948 3497 καὶτὰ
976 3446 1257 3516 ἀχώριστα
1284 3450 1669 3521 συμϐεϐηκότα
1698 3458 1930 3525 συνορῶ-

350 3545 473 3600 μεν.
508 3530 661 3584 Ἐστι
716 3534 773 3585 δέ
830 3553 944 3599 πως
1002 3537 1369 3609 συμϐεϐηκὸς,
1420 3543 1514 3594 καὶ
1562 3544 1622 3596 τὸ
1682 3548 1929 3613 φυσικῶς

350 3628 573 3694 προσὸν,
602 3628 676 3690 ὡς
707 3630 1005 3700 αὑξόμενόν
1044 3650 1102 3686 τε
1153 3637 1247 3687 κει)⁵
1278 3634 1596 3705 μειούμενον
1626 3653 1641 3667 ·
1679 3641 1929 3711 καθάπερ

347 3714 405 3765 ὲν
455 3717 521 3785 τῇ
564 3716 755 3787 λογικῇ
785 3718 930 3790 ψυχῇ
963 3723 996 3790 ἡ
1028 3722 1247 3789 γνῶσις.
1294 3725 1433 3777 Ἀλλ’
1486 3727 1639 3780 οὐδὲν
1684 3731 1927 3784 τοιοῦτον

344 3805 404 3855 ὲν
425 3806 501 3873 τῷ
542 3806 680 3876 Θεῷ,
714 3809 795 3861 ὅτι
845 3810 907 3879 δὴ
944 3812 1292 3866 παντάπασιν
1328 3816 1704 3885 ἀμετάϐλητος
1735 3821 1922 3887 μένει·

344 3893 414 3946 δι’
444 3896 510 3965 ἢν
545 3898 746 3965 αἰτίαν,
785 3900 936 3952 οὐδὲν
982 3901 1130 3972 αὐτῷ
1169 3906 1310 3955 κατὰ
1350 3906 1696 3976 συμϐεϐηκὸς
1727 3908 1924 3976 λέγοιτ’

342 3986 434 4039 ἄν.
466 3989 539 4040 Οὐ
571 3993 678 4058 μὴν
727 3994 834 4043 πᾶν
873 3993 1011 4063 ὅπερ
1047 3994 1140 4047 ἐπὶ
1180 3995 1316 4049 Θεοῦ
1347 3997 1578 4066 λέγεται,
1611 4000 1798 4054 οὐσίαν
1830 4018 1926 4071 ση-

347 4081 529 4150 μαίνει
561 4099 575 4113 ·
602 4083 825 4151 λέγεται
859 4085 965 4155 γὰρ
1015 4086 1109 4139 καὶ
1148 4088 1210 4140 τὸ
1257 4090 1394 4159 πρός
1424 4108 1475 4143 τι
1510 4106 1525 4121 ο
1555 4092 1693 4163 ὅπερ
1724 4095 1920 4162 ἀναφοο

346 4172 498 4241 ρικόν
524 4176 659 4239 ἐστι,
694 4177 787 4228 καὶ
817 4179 1095 4247 ἀναφορᾶς
1132 4180 1266 4249 πρὸς
1297 4180 1500 4251 ἕτερον,
1537 4182 1649 4234 ἀλλ’
1684 4185 1783 4236 οὐκ
1827 4186 1920 4237 οὐ·

344 4260 466 4323 σίας
491 4260 807 4333 δηλωτικόν.
867 4266 1119 4319 Τοιοῦτόν
1173 4271 1286 4322 ἐστι
1338 4271 1431 4323 καὶ
1458 4273 1490 4339 ή
1528 4271 1646 4325 θεία
1675 4276 1921 4344 ἐνέργεια

341 4351 438 4401 ἐπὶ
463 4350 595 4404 Θεοῦ
630 4368 644 4383 ⁸
676 4354 797 4406 οὕτε
823 4356 931 4426 γὰρ
961 4358 1117 4408 οὐσία
1156 4359 1323 4423 ἐστὶν,
1369 4360 1492 4414 οὔτε
1533 4364 1875 4435 συμϐεϐηκός
1898 4382 1913 4397 '

2099 3346 2220 3401 127.
2270 3348 2537 3403 Accidens
2584 3358 2668 3404 est
2720 3350 2862 3420 quod
2898 3351 3120 3408 advenit
3155 3362 3210 3408 et
3266 3355 3402 3419 ahit,
3461 3357 3607 3412 unde

2026 3437 2414 3507 inseparabilis
2478 3440 2641 3495 etiam
2707 3443 3015 3497 accidentia
3069 3446 3454 3513 intelligimus.
3513 3448 3607 3501 Est

2028 3532 2193 3584 etiam
2249 3536 2484 3600 quodam
2542 3534 2701 3588 modo
2761 3536 3018 3591 accidens
3074 3541 3220 3606 quod
3277 3540 3605 3595 naturaliter

2025 3614 2209 3688 inest,
2239 3624 2365 3693 quia
2420 3636 2649 3710 augetur
2701 3637 2758 3680 et
2806 3628 3072 3682 minuitur
3117 3646 3132 3683 :
3167 3630 3307 3685 sicut
3338 3632 3389 3684 in
3422 3634 3603 3687 anima

2024 3713 2273 3767 rationali
2326 3716 2575 3770 scientia.
2637 3715 2740 3771 Sed
2778 3734 2885 3772 nou
2924 3719 3054 3774 item
3114 3732 3197 3774 est
3237 3722 3287 3774 in
3341 3721 3476 3785 Deo,
3511 3723 3601 3790 qni

2022 3804 2243 3859 omnino
2293 3806 2645 3863 immutabilis
2692 3822 2971 3879 permanet
3022 3828 3037 3868 :
3075 3827 3239 3881 quam
3273 3813 3341 3865 ob
3377 3828 3599 3866 causam

2024 3899 2156 3952 nihil
2206 3899 2260 3953 iu
2291 3914 2357 3954 eo
2386 3901 2642 3956 accidens
2677 3903 2780 3956 dici
2816 3913 3014 3971 potest.
3056 3904 3169 3957 Non
3211 3914 3391 3958 tamen
3429 3904 3601 3973 quod-

2021 4004 2240 4058 cunque
2289 3990 2354 4045 de
2390 3989 2499 4044 Deo
2545 3990 2768 4056 dicitur,
2799 3993 3097 4047 essentiam
3157 3995 3442 4062 designat;
3478 4012 3597 4048 nam

2021 4079 2215 4132 dicitur
2242 4081 2404 4135 etiam
2439 4081 2583 4147 quod
2610 4092 2694 4135 cst
2726 4083 2791 4136 ad
2822 4082 3045 4151 aliquid,
3090 4094 3144 4137 et
3195 4087 3338 4152 quod
3374 4086 3599 4153 proinde

2023 4172 2305 4227 relativum
2365 4183 2469 4240 εει,
2527 4184 2581 4227 et
2628 4175 2946 4229 relationem
3005 4178 3070 4228 ad
3118 4177 3285 4241 aliud,
3324 4193 3427 4230 non
3473 4193 3598 4229 vero

2018 4264 2312 4319 essentiam
2363 4266 2586 4320 iudicat.
2633 4266 2954 4336 Hujusmodi
3006 4278 3092 4323 est
3153 4270 3203 4322 in
3259 4268 3369 4323 Deo
3414 4270 3596 4323 divina

2016 4356 2295 4425 operatio;
2339 4372 2462 4410 nam
2497 4372 2674 4427 neque
2695 4360 2934 4414 essentia
2971 4371 3075 4423 est,
3110 4376 3284 4430 neque
3316 4363 3595 4425 accidens,

340 4441 391 4493 εί
417 4442 509 4494 καὶ
543 4446 888 4516 συμϐεϐηκός
926 4447 1046 4510 πώς
1080 4450 1195 4502 ἐστι
1231 4452 1361 4522 παρ’
1400 4448 1473 4507 ὧν
1508 4457 1768 4519 καλεῖται,
1803 4457 1915 4510 Oso-

2031 4450 2263 4515 luamvis
2279 4448 2680 4517 quodammodo
2710 4451 2968 4506 accidens
2984 4466 3014 4505 a
3031 4452 3354 4520 quibusdam
3371 4465 3597 4507 vocetur

339 4533 513 4603 λόγων
538 4535 863 4591 δεικνύντων
888 4542 1046 4593 τοῦτο
1077 4541 1256 4611 μόνον,
1291 4546 1373 4597 ὅτι
1411 4548 1559 4601 ἐστιν
1586 4550 1643 4601 ἐν
1671 4552 1747 4618 τῷ
1772 4549 1912 4620 Θεῷ,

339 4627 433 4677 καὶ
460 4626 617 4679 οὐσία
638 4629 741 4680 οὐκ
770 4628 939 4685 ἐστιν.

412 4725 555 4788 ρκη’.
614 4720 735 4772 Ἔτι
791 4722 823 4792 ἡ
880 4723 1000 4776 θεία
1050 4727 1319 4797 ἐνέργεια,
1362 4730 1409 4781 εί
1445 4730 1536 4782 καὶ
1574 4732 1918 4805 συμϐεϐηκός

338 4809 487 4861 ἐστιν
526 4811 673 4874 ὅπως
708 4811 946 4880 λέγεται,
998 4816 1112 4869 ἀλλ’
1157 4818 1501 4889 ὲνθεωρείται
1539 4822 1618 4892 τῷ
1652 4827 1789 4890 Heg),
1821 4826 1917 4879 καὶ

340 4899 589 4952 σύνθεσιν
622 4903 721 4955 οὐκ
753 4904 990 4973 ἐμποιεῖ.
1032 4909 1139 4959 Καὶ
1175 4909 1472 4981 Γρηγόριος
1525 4916 1553 4965 6
1602 4916 1701 4985 τῆς
1747 4916 1916 4969 θεολο-

336 4990 464 5057 γίας
504 4991 810 5063 ἐπώνυμος,
856 4996 1083 5064 γράφων
1128 4999 1258 5069 περὶ
1293 5000 1386 5052 τοῦ
1415 5002 1568 5070 ἁγίου
1602 5003 1915 5074 Πνεύματος

338 5083 486 5151 ἡμᾶς
516 5082 756 5137 διδάσκει
786 5100 800 5115 ο
851 5087 922 5138 Τὸ
968 5087 1194 5158 Πνεῦμα
1238 5092 1365 5162 γὰρ,
1426 5094 1580 5163 φησὶ,
1632 5096 1691 5148 τὸ
1738 5098 1911 5165 ἅγιον,

336 5171 371 5242 ἢ
394 5172 502 5223 τῶν
524 5174 645 5227 καθ’
666 5177 827 5229 ἑαυτὸ
856 5178 1241 5248 ὑφεστηκότων
1278 5184 1442 5247 ἐστὶν,
1474 5185 1507 5254 ἢ
1532 5185 1639 5238 τῶν
1661 5188 1718 5238 ὲν
1745 5188 1915 5259 ἑτέρῳ

338 5262 731 5331 θεωρουμένων
755 5282 769 5296 ·
803 5260 877 5319 ὧν
912 5270 971 5320 τὸ
1001 5268 1098 5338 μὲν
1131 5271 1317 5322 οὐσίαν
1368 5272 1625 5325 καλοῦσιν
1678 5277 1726 5327 οί
1787 5278 1914 5344 περὶ

337 5352 510 5404 ταῦτα
540 5353 722 5418 δεινοὶ,
748 5356 807 5408 τὸ
827 5358 883 5410 δὲ
911 5359 1276 5429 συμϐεϐηκός.
1302 5363 1363 5413 Εἰ
1384 5363 1513 5429 γοῦν
1544 5365 1911 5435 συμϐέϐηκεν,

337 5444 588 5513 ἐνέργεια
622 5447 767 5500 τοῦτ’
798 5449 862 5502 ἂν
906 5452 993 5520 εἴη
1045 5454 1136 5505 τοῦ
1186 5454 1320 5507 Θεοῦ
1348 5472 1358 5483 ·
1393 5457 1443 5507 τί
1477 5458 1585 5525 γὰρ
1617 5458 1839 5529 ἕτερον;
1878 5459 1911 5529 ἢ

335 5536 479 5598 τίνος
515 5557 529 5604 ;
564 5540 735 5593 Τοῦτο
770 5545 875 5613 γάρ
905 5562 1021 5607 πως
1061 5546 1154 5598 καὶ
1202 5548 1393 5617 φεύγει
1434 5549 1680 5601 σύνϐεσιν
1710 5568 1722 5581 ν
1756 5551 1912 5603 τοῦτο

335 5628 511 5695 λέγων
542 5633 807 5703 φανερῶς,
852 5637 925 5698 ὡς
954 5641 1001 5689 εἰ
1036 5638 1143 5690 τῶν
1174 5641 1229 5690 ἐν
1259 5639 1337 5709 τῷ
1366 5639 1485 5709 Θεῷ
1524 5641 1911 5712 θεωρουμένων

336 5724 493 5775 ἐστε·
536 5723 615 5777 διὸ
667 5727 760 5779 καὶ
794 5729 893 5780 οὐκ
947 5729 1123 5805 οὐσία,
1181 5730 1317 5785 ἀλλὰ
1372 5732 1715 5804 συμϐεϐηκός
1769 5737 1905 5797 ἐστι,

2020 4538 2304 4607 theologis,
2353 4542 2767 4597 ostendentibus
2800 4542 2905 4596 hoc
2962 4551 3193 4611 tantum,
3240 4560 3430 4614 nempe
3475 4558 3596 4600 eam

2018 4626 2070 4681 in
2105 4628 2213 4683 Deo
2239 4646 2378 4696 esse,
2405 4648 2503 4688 nec
2525 4650 2646 4689 esse
2676 4637 2997 4692 essentiam.

2090 4722 2214 4777 128.
2266 4723 2496 4794 Insuper
2541 4726 2724 4780 divina
2761 4730 3028 4796 operatio,
3062 4732 3314 4799 quamvis
3344 4732 3597 4785 accidens

2016 4812 2416 4883 Quodammodo
2459 4816 2681 4882 dicitur,
2737 4818 3084 4873 considerata
3146 4829 3324 4873 tamen
3388 4820 3441 4873 in
3488 4818 3595 4873 Deo

2017 4906 2466 4975 compositionem
2513 4924 2620 4961 non
2660 4909 2810 4964 facit.
2846 4909 2901 4964 ιιι
2934 4911 3233 4981 Gregorius
3268 4916 3594 4982 cegnomine

2017 4995 2323 5069 Theologus
2358 4998 2424 5053 de
2447 4998 2653 5067 Spiritu
2706 5010 2898 5056 sancto
2941 5004 3189 5058 scribens
3238 5020 3334 5058 nos
3386 5008 3591 5060 docet:

2021 5110 2038 5141 ι
2081 5090 2320 5159 Spiritus
2369 5102 2614 5161 sanctus,
2675 5094 2870 5163 inquit,
2927 5095 3009 5148 vel
3056 5107 3142 5150 est
3174 5112 3271 5153 ens
3318 5098 3370 5150 in
3414 5099 3593 5165 seipso

2014 5183 2342 5253 subsistens,
2370 5187 2451 5241 vel
2485 5202 2585 5241 ens
2611 5188 2662 5241 in
2699 5187 2806 5241 alio
2835 5191 3084 5245 residens
3119 5206 3134 5246 ζ
3169 5206 3396 5259 quorum
3427 5207 3588 5243 unum

2013 5281 2342 5345 substantia,
2381 5281 2612 5334 alterum
2651 5297 2783 5337 vero
2839 5285 3094 5339 accidens
3140 5301 3169 5338 a
3208 5286 3475 5353 theologis
3504 5285 3591 5337 di-

2013 5372 2177 5426 citur.
2243 5373 2298 5427 Si
2354 5388 2485 5437 ergo
2542 5375 2631 5430 ille
2672 5377 2739 5430 sit
2784 5378 2912 5445 quid
2973 5379 3253 5441 accidens,
3305 5378 3406 5431 hoc
3446 5387 3591 5431 esset

2012 5464 2257 5529 operatio
2311 5463 2401 5519 Dei
2454 5482 2468 5519 :
2512 5469 2637 5536 quid
2691 5470 2834 5524 enim
2879 5471 3047 5524 aliud'
3079 5483 3224 5524 esset
3273 5481 3367 5523 aut
3432 5473 3587 5540 cujus

2014 5553 2339 5612 l‘orct‘Hloc
2390 5560 2535 5612 enim
2588 5562 2986 5629 quodammodo
3045 5563 3181 5632 fugit
3232 5567 3586 5634 compositioe

2012 5662 2157 5700 nem.
2222 5667 2241 5700 ι
2290 5650 2455 5721 quue
2498 5653 2646 5708 clare
2698 5653 2831 5709 dicit
2881 5670 2947 5710 ιι
3000 5656 3057 5711 Si
3096 5657 3330 5725 qualitas
3369 5661 3417 5712 in
3477 5661 3588 5716 Deo

2014 5740 2253 5805 residens
2289 5743 2379 5810 sit,
2431 5744 2551 5799 idco
2589 5760 2687 5801 nec
2722 5746 2792 5801 sit
2822 5748 3150 5817 substantia,
3185 5754 3276 5807 sed
3308 5754 3586 5819 accidens,
