3994 6206
421 272 547 339 1211

1659 276 2043 338 GREGORII
2093 279 2421 339 ΡΑιΑΜΑι

3539 287 3670 346 1212

411 401 502 468 qui
547 400 770 468 spiritus
813 407 1058 463 vocatur,
1107 395 1246 451 nlhil
1282 395 1424 450 aliud
1449 409 1573 450 esse
1605 402 1782 464 potest
1815 411 1963 464 quan

2075 400 2170 455 καὶ
2197 400 2420 470 Πνεῦμα
2449 401 2798 470 ὀνομάζεται,
2837 401 2992 455 οὑδέν
3033 403 3223 474 ἕτερον
3255 405 3397 456 εἰναι
3419 405 3644 458 δυνατὸν

416 493 510 546 Dei
552 491 818 560 operatio.
859 507 878 541 ι
915 489 1032 543 Hoc
1049 489 1193 542 enim
1233 489 1474 544 ostendit
1501 489 1692 543 dicens
1729 503 1744 542 :
1788 506 1807 539 ι
1839 487 1976 553 Quid

409 582 554 638 enim
585 583 727 638 aliud
768 583 950 637 esset?
978 580 1240 651 autcujus
1268 580 1448 636 esset?
1480 601 1500 633 ι
1531 582 1598 636 Ει
1632 581 1983 648 ρτωειὶωεηε

413 673 684 744 quomodo
726 673 860 727 nihil
897 672 1070 740 aliud,
1112 689 1218 727 non
1255 673 1510 739 qualitas,
1540 686 1642 727 nec
1675 673 1978 740 quantitas,

413 782 510 822 nec
542 768 743 832 aliquid
781 766 1088 837 hujusmodi
1136 769 1375 822 residere
1407 767 1460 821 in
1499 767 1606 820 Deo
1645 764 1841 836 possit,
1887 765 1982 820 sed

410 860 654 928 operatio
684 869 911 926 tantum,
942 860 1127 915 subdit
1157 875 1172 915 :
1203 875 1222 910 ι
1259 859 1373 914 Hoc
1399 861 1544 914 enim
1579 857 1983 927 quodammodo

413 953 546 1022 fugit
594 944 1066 1023 compositionem.
1127 973 1146 1006 ι
1194 953 1479 1020 Quomodo
1524 963 1705 1008 autem
1736 953 1982 1021 operatio

414 1045 464 1097 in
503 1043 610 1097 Deo
652 1055 891 1112 spectata
935 1044 1070 1111 fugit
1118 1041 1606 1110 compositionem?
1643 1040 1780 1106 Quia
1827 1040 1982 1096 solus

410 1137 630 1188 vmuino
658 1133 1046 1200 impassibilem
1076 1133 1240 1188 habet
1263 1132 1660 1200 operationem,
1697 1137 1752 1184 et
1785 1144 1983 1185 secun-

410 1225 537 1278 dum
568 1240 688 1280 eam
717 1234 974 1294 operatur
1001 1234 1232 1292 tantum,
1256 1224 1352 1278 sed
1379 1237 1486 1277 non
1515 1223 1735 1292 patitur,
1768 1236 1868 1276 nec
1899 1222 1982 1287 lit,

412 1331 509 1372 nec
545 1327 805 1372 mutatur.

481 1412 602 1467 129.
660 1411 958 1467 lucreatam
1017 1422 1203 1466 autem
1255 1411 1602 1464 innotescere
1663 1407 1770 1462 sibi
1827 1407 1977 1462 iltam

410 1504 779 1573 operationem
814 1503 1121 1572 Theologus
1149 1503 1312 1572 paulo
1345 1505 1599 1572 superius
1639 1502 1756 1571 ipse
1799 1501 1978 1566 docet,

410 1610 527 1649 eam
561 1609 590 1647 a
640 1603 888 1649 creatura
945 1595 1286 1665 distinguens
1322 1613 1336 1650 :
1374 1613 1394 1647 ι
1455 1595 1778 1650 Nostrorum
1810 1595 1975 1659 enim,

413 1687 608 1756 inquit,
658 1687 942 1742 doctorum
984 1688 1075 1742 alii
1125 1686 1385 1756 Spiritum
1420 1693 1750 1756 putaverunt
1785 1700 1981 1752 opera-

2073 496 2120 544 εί
2146 493 2222 564 μὴ
2242 493 2523 563 ἐνέργειαν
2570 492 2727 547 Θεοῦ.
2784 493 2955 547 Τοῦτο
2999 495 3107 564 γὰρ
3137 494 3403 565 ἐδήλωσεν
3424 495 3599 548 είπῶν
3629 512 3642 525 ο

2074 584 2139 637 Τί
2167 586 2274 655 γὰρ
2305 584 2492 655 ἕτερον
2523 601 2540 650 ;
2570 584 2603 655 ἢ
2649 584 2828 653 τίνος;
2857 586 3391 657 προκατασκευάζων
3421 587 3502 654 δέ,
3533 589 3650 651 πῶς

2073 675 2224 726 οὑδέν
2267 674 2476 744 ἕτερον,
2521 676 2582 727 οὑ
2615 675 2892 743 ποιότητα,
2928 675 2960 746 ἢ
3002 677 3298 744 ποσότητσ,
3352 678 3386 747 ἡ
3435 695 3488 729 τι
3541 679 3652 729 τῶν

2075 764 2332 819 τοιούτων
2349 765 2733 835 ἐνθεωρείσθαι
2748 766 2826 837 τῷ
2842 767 2960 838 Θεῷ
2978 766 3224 834 δυνατὸν,
3236 768 3351 821 ἀλλ’
3370 768 3654 839 ἐνέργειαν

2077 855 2265 926 μόνην,
2300 857 2551 926 ἐπιφέρει
2575 872 2588 885 ·
2626 855 2796 910 Τοῦτο
2825 856 2932 927 γάρ
2969 874 3086 920 πως
3119 860 3212 911 καὶ
3242 858 3432 926 φεύγει
3461 860 3654 912 σύνθεο

2074 963 2181 1001 σιν.
2209 948 2329 1009 Πῶς
2355 947 2413 999 δέ
2431 949 2464 1017 ἡ
2496 947 2746 1018 ἐνέργεια
2775 948 3179 1019 ἐνθεωρουμένη
3209 949 3287 1018 τῷ
3314 949 3432 1020 Θεῷ
3456 949 3652 1018 φεύγει

2071 1036 2172 1106 τὴν
2202 1036 2450 1090 σύνθεσιν
2483 1053 2499 1103 ;
2543 1037 2762 1108 Ἐπειδὴ
2795 1038 2954 1108 μόνος
2989 1037 3375 1108 ὰπαθεστάτην
3411 1041 3526 1109 ἔχει
3553 1043 3653 1110 τὴν

2075 1127 2379 1195 ἐνέργειαν,
2439 1127 2676 1196 ἐνεργῶν
2713 1129 2894 1198 μόνον,
2951 1127 3068 1180 ἀλλ’
3119 1128 3246 1198 ούχὶ
3281 1131 3376 1181 καὶ
3420 1132 3654 1200 πάσχων

2073 1217 2197 1272 κατ’
2227 1217 2420 1289 αὑτὴν,
2446 1218 2570 1274 οὑδέ
2610 1219 2915 1288 γινόμενος,
2949 1219 3070 1273 οὑδέ
3106 1219 3508 1288 ἀλλοιούμενος.

2153 1415 2288 1488 ρκθ¹.
2345 1415 2467 1470 ’Ότι
2501 1413 2559 1468 δέ
2592 1415 2688 1468 καὶ
2739 1413 2996 1468 ἄκτιστον
3048 1411 3214 1466 οὖσαν
3277 1405 3384 1464 οἶδε
3436 1409 3648 1479 ταύτην

2075 1509 2172 1579 τὴν
2205 1509 2486 1579 ἐνέργειαν
2523 1508 2552 1559 6
2597 1505 2882 1572 Θεολόγος,
2935 1504 3191 1574 ἀνωτέρω
3241 1502 3436 1571 μικρὸν
3489 1501 3654 1562 αὐτὸς

2075 1602 2264 1669 ἔδειξε,
2308 1602 2445 1672 πρὸς
2486 1600 2549 1655 τὸ
2578 1600 2784 1670 κτίσμα
2813 1597 3017 1668 ταύτην
3051 1596 3495 1657 ἁντιδιαστεξλας.
3529 1594 3654 1646 Τῶν

2077 1694 2197 1749 καθ’
2230 1695 2378 1763 ἡμᾶς
2406 1693 2536 1762 γὰρ,
2571 1692 2726 1762 φησὶ.
2785 1689 2986 1758 σοφῶν,
3043 1691 3092 1741 ot
3150 1687 3248 1757 μέν
3290 1686 3572 1755 ἐνέργειαν
3594 1685 3656 1736 τὸ

410 1782 634 1848 tionem,
654 1779 1088 1848 aliicreaturam,
1121 1779 1212 1833 alii
1245 1779 1435 1834 Deum.
1476 1797 1496 1829 ι
1531 1778 1698 1834 Deum
1729 1779 1819 1833 hic
1851 1793 1963 1847 per-

2079 1755 2298 1853 Πνεῦμα
2330 1755 2708 1847 ὑπέλαϐον,ὀὶ
2763 1781 2821 1834 δέ
2862 1755 3094 1850 -κτίσμα,
3141 1755 3192 1832 οἱ
3236 1780 3292 1832 δὲ
3329 1779 3480 1831 Θεόν.
3512 1777 3651 1828 Θεὸν

408 1887 598 1926 sonam
643 1875 820 1943 ipsam
863 1873 1014 1927 dicit.
1058 1872 1104 1927 Α
1149 1879 1398 1926 creatura
1454 1881 1633 1924 autem
1663 1869 1976 1924 distinctam

407 1966 700 2021 ostendens
749 1965 1142 2036 operationem,
1176 1967 1314 2020 hanc
1361 1979 1466 2018 non
1501 1978 1624 2020 esse
1670 1971 1974 2018 creaturam

402 2061 550 2113 clare
573 2061 938 2115 subostendit.
969 2057 1075 2114 Sed
1115 2067 1170 2112 et
1225 2058 1386 2128 paulo
1441 2065 1584 2126 post,
1643 2067 1849 2112 motum
1881 2055 1976 2111 Dei

404 2163 561 2206 vocat
592 2153 737 2207 illam
790 2152 1164 2221 operationem
1197 2169 1214 2207 :
1265 2169 1284 2203 ι
1324 2149 1519 2206 Nonne
1568 2150 1850 2205 increatus
1889 2161 1976 2205 est

403 2242 496 2298 Dei
553 2243 768 2298 motus?
803 2261 823 2296 ι
881 2243 957 2300 De
1009 2259 1114 2312 qua
1143 2245 1310 2299 etiam
1354 2243 1722 2298 Damascenus
1777 2242 1971 2306 deifer,

401 2337 454 2390 in
486 2338 938 2408 quinquagesimo
968 2352 1111 2393 nono
1134 2337 1370 2407 capitulo
1397 2338 1587 2392 scribit
1620 2353 1634 2390 :
1667 2354 1685 2388 ι
1717 2336 1973 2406 Operatio

398 2440 482 2484 est
513 2431 725 2485 activus
757 2439 811 2484 et
836 2430 1147 2486 essentialis
1194 2440 1402 2484 natura:
1454 2440 1670 2496 motus;
1720 2431 1972 2486 activitas

402 2529 583 2576 autem
616 2531 700 2577 est
732 2530 946 2588 natura,
972 2536 1038 2577 ex
1067 2535 1172 2591 qua
1209 2522 1457 2592 operatio
1495 2523 1776 2592 procedit;
1835 2537 1971 2591 opus

395 2628 524 2668 vero
569 2622 652 2670 est
696 2613 1030 2684 operationis
1076 2615 1332 2680 eﬂectus;
1395 2629 1562 2685 agens
1617 2616 1834 2670 demum
1887 2622 1970 2668 est

396 2708 488 2778 qui
525 2710 694 2763 utitur
733 2709 1077 2779 Operatione,
1111 2708 1324 2764 scilicet
1363 2722 1617 2778 persona.

464 2895 591 2952 150.
611 2895 945 2965 Adversarii,
973 2911 1039 2951 ex
1065 2913 1129 2952 eo
1157 2901 1298 2966 quod
1324 2895 1630 2966 Theologus
1658 2895 1748 2952 hic
1773 2897 1917 2951 dicat
1944 2912 1966 2954 ι

399 3005 418 3039 ι
461 2986 515 3042 Si
550 2997 732 3043 autem
770 2989 844 3043 sit
901 2988 1170 3058 operatio,
1226 2999 1440 3060 agetur,
1470 2999 1526 3046 at
1575 3006 1684 3045 non
1717 2999 1858 3060 aget,
1907 2999 1962 3046 et

2083 1874 2181 1950 μὲν
2212 1873 2304 1928 οῦν
2356 1873 2589 1928 ἐνταῦθα
2638 1873 2735 1943 τὴν
2763 1873 3059 1926 ὑπόστασιν
3085 1871 3254 1942 αὑτὴν
3283 1870 3449 1939 λέγει.
3507 1871 3651 1937 Πρὸς

2080 1965 2135 2019 δὲ
2163 1964 2451 2034 τὸικτίσμα
2497 1963 2964 2035 ἀντιδιῃρημένην
3007 1962 3186 2028 δείξας
3217 1965 3314 2030 τὴν
3347 1961 3650 2029 ἐνέργειαν,

2089 2055 2164 2124 μὴ
2193 2049 2332 2108 εἶναι
2361 2053 2568 2124 κτίσμα
2599 2053 2782 2122 σαφῶς
2814 2053 3114 2118 ὑπέδειξεν.
3154 2052 3315 2105 Ἀλλὰ
3334 2051 3427 2102 καὶ
3455 2050 3651 2118 μικρὸν

2071 2147 2297 2218 προῖὼν,
2351 2151 2565 2223 κίνησιν
2602 2153 2740 2207 Θεοῦ
2789 2158 2994 2225 ταύτην
3039 2152 3161 2210 εἷπε
3193 2157 3292 2226 τὴν
3336 2157 3648 2227 ἐνέργειαν.

2069 2239 2193 2304 Πῶς
2230 2241 2324 2296 οῦν
2351 2244 2453 2298 ούκ
2490 2245 2744 2308 ἄκτιστος
2797 2247 2830 2316 ἡ
2876 2247 2970 2300 τοῦ
3021 2248 3157 2301 Θεοῦ
3204 2248 3465 2318 κίνησις;
3523 2252 3651 2321 περὶ

2068 2323 2138 2400 ἦς
2170 2333 2265 2386 καὶ
2296 2337 2656 2408 Δαμασκηνὸς
2711 2339 2740 2391 6
2789 2338 3070 2408 θεοφόρος,
3121 2343 3180 2393 ἐν
3231 2340 3306 2392 νθ¹
3365 2341 3650 2412 κεφαλαίῳ

2067 2422 2294 2491 γράφων
2326 2465 2341 2490 ,
2388 2427 2666 2498 Ἐνέργεια
2723 2428 2823 2498 μέν
2875 2430 3012 2490 ἐστι,
3065 2431 3249 2499 φησὶν,
3294 2431 3328 2500 ἡ
3385 2431 3652 2501 δραστικὴ

2065 2513 2160 2565 καὶ
2195 2514 2460 2586 οὐσιὼδης
2509 2519 2607 2588 τῆς
2657 2518 2872 2586 φύσεως
2909 2519 3122 2588 κίνησις
3153 2536 3168 2550 υ
3204 2521 3559 2588 ἐνεργητικὸν
3592 2521 3648 2571 δὲ

2067 2604 2099 2673 ἠ
2131 2603 2312 2672 φύσιςο
2365 2607 2423 2674 ἐξ
2455 2603 2522 2676 ἦς
2558 2611 2593 2678 ἡ
2643 2609 2896 2680 ἐνέργεια
2946 2611 3195 2680 πρόεισιν
3221 2625 3234 2639 ·
3273 2611 3560 2678 ἐνέργημα
3595 2610 3651 2661 δὲ

2063 2695 2125 2746 τὸ
2154 2695 2254 2764 τῆς
2275 2698 2558 2766 ἐνεργείας
2578 2699 2926 2768 ἀποτέλεσμα
2950 2717 2966 2732 ο
2998 2699 3237 2770 ἐνεργῶν
3273 2699 3350 2762 δέ,
3383 2701 3410 2751 ό
3442 2716 3650 2770 κεχρη-

2067 2786 2233 2855 μένος
2263 2791 2329 2859 τῇ
2363 2791 2633 2861 ἐνεργείᾳ,
2670 2792 2843 2861 ἧτοιή
2878 2791 3194 2854 ὑπόστασις.

2136 2879 2234 2948 ρλ’.
2254 2881 2313 2933 0i
2336 2882 2589 2945 ἐναντίοι,
2619 2885 2685 2935 ἐκ
2704 2883 2796 2935 τοῦ
2816 2884 2905 2935 τὸν
2930 2883 3187 2949 Θεολόγον
3205 2881 3439 2935 ἐνταῦθα
3456 2883 3654 2950 φάναι,

2063 2968 2125 3021 Ei
2179 2969 2237 3022 δέ
2303 2970 2554 3041 ἐνέργεια
2589 2972 3014 3042 ἐνεργηθήσεται
3060 2973 3152 3023 καὶ
3207 2973 3304 3024 οὑκ
3337 2971 3653 3040 ἐνεργήσει,

393 3079 554 3140 simul
615 3081 700 3152 agi
748 3057 986 3148 desinet,
1026 3101 1046 3135 ι
1082 3057 1324 3138 creatam
1384 3083 1510 3138 inde
1542 3057 1875 3154 putaverunt
1908 3094 1963 3139 et

2066 3059 2156 3110 καὶ
2181 3057 2320 3128 ὁμοῦ
2355 3059 2415 3112 τὸ
2446 3060 2810 3132 ἐνεργηθῆναι
2867 3061 3160 3129 παύσεται,
3203 3060 3429 3130 κτιστὴν
3461 3062 3653 3114 ἐντεῦ-

389 3174 692 3230 docuerunt
725 3175 964 3230 divinam
1000 3176 1146 3231 illam
1186 3177 1583 3247 operationem.
1636 3175 1963 3233 Nescierunt

392 3271 536 3326 enim
568 3273 732 3326 etiam
765 3271 1006 3326 increata
1032 3273 1140 3328 dici
1163 3288 1349 3342 opera,
1374 3271 1793 3343 proutostendit
1817 3271 1959 3327 idem

392 3363 696 3436 Theologus
729 3363 857 3419 alibi
909 3365 1199 3421 scribens:
1250 3383 1270 3418 ι
1308 3363 1366 3420 Si
1410 3376 1587 3420 autem
1621 3363 1786 3421 Pater
1817 3375 1963 3420 esset

391 3473 586 3512 nomen
642 3456 998 3526 operationis,
1053 3457 1169 3512 haec
1217 3468 1535 3523 operaretur
1595 3458 1958 3514 consubstan-

391 3549 540 3604 tiale.
595 3567 617 3602 ι
670 3548 813 3604 Dicit
843 3564 1060 3620 quoque
1097 3549 1465 3607 Damascenus
1513 3551 1684 3606 deiter
1737 3567 1753 3608 :
1809 3569 1828 3603 ι
1875 3551 1957 3606 Ad

390 3642 664 3696 dexteram
721 3639 897 3698 Patris
947 3641 1199 3698 Christus
1256 3642 1431 3708 sedet,
1489 3643 1670 3698 divine
1722 3658 1958 3712 operans

387 3730 759 3788 universorum
790 3733 1205 3802 providentiam,
1230 3751 1330 3790 nec
1356 3735 1444 3788 illa
1463 3750 1560 3788 vox
1587 3753 1604 3786 ι
1641 3737 1948 3804 requievit,»

388 3826 516 3890 quin
578 3826 820 3879 increata
870 3825 943 3880 sit
991 3827 1238 3895 operatio
1293 3826 1540 3895 impedit.
1589 3824 1723 3880 Nam
1763 3841 1952 3882 creare

384 3917 527 3974 Deus
588 3918 778 3988 incipit
841 3933 906 3974 ac
972 3921 1194 3983 desinit,
1254 3919 1396 3974 sicut
1463 3918 1596 3975 dicit
1659 3917 1874 3992 Moyses
1932 3939 1946 3976 :

387 4028 408 4062 ι
457 4009 740 4080 Requievit
788 4009 927 4066 Deus
966 4013 1034 4066 ab
1085 4011 1338 4067 universo
1391 4026 1558 4081 opere
1602 4013 1743 4082 quod
1774 4012 1953 4068 facere

383 4106 665 4174 inceperat
713 4104 780 4158 “.
836 4123 854 4156 ι
905 4101 1124 4160 Creatio
1184 4112 1365 4160 tamen
1423 4105 1514 4160 illa
1551 4121 1713 4176 quam
1758 4105 1952 4176 incipit

381 4199 520 4252 Deus
548 4208 604 4252 et
636 4198 890 4264 absolvit,
917 4207 1002 4253 cst
1033 4199 1296 4254 naturalis
1324 4208 1380 4255 et
1407 4197 1650 4254 increata
1681 4198 1778 4254 Dei
1815 4215 1949 4270 ope-

379 4292 544 4346 ratio.
569 4311 590 4345 ι

446 4403 573 4457 151.
606 4401 770 4456 Divus
817 4409 1014 4455 tterum
1047 4399 1437 4466 Damascenus,
1487 4408 1774 4470 postquam
1808 4399 1946 4455 dixit

374 4497 749 4566 operationem
789 4507 914 4548 esse
959 4493 1195 4547 activum
1251 4503 1302 4546 et
1348 4493 1695 4547 essentialem
1735 4503 1947 4547 natura:

381 4601 608 4652 Inottttn,
641 4587 936 4641 ostendere
958 4585 1146 4640 volens
1174 4584 1509 4656 Tlteolognm
1530 4586 1730 4639 dixisse
1758 4584 1951 4654 hujus-

379 4680 522 4733 tnodi
560 4679 929 4748 operationem
967 4679 1052 4747 agi
1077 4677 1379 4742 etabsolvi,
1409 4676 1614 4730 addidit
1650 4694 1665 4732 :
1704 4695 1722 4728 ι
1759 4675 1948 4731 Scien-

377 4775 506 4826 dum
540 4780 625 4826 est
676 4771 1044 4841 operationem
1095 4785 1217 4826 esse
1255 4781 1485 4835 motum,
1531 4779 1584 4824 et
1638 4770 1722 4841 agi
1773 4769 1951 4836 potius

376 4877 538 4930 quam
563 4877 746 4931 agere,
778 4875 832 4916 ut
862 4863 940 4916 ait
969 4860 1274 4932 Tlteologus
1296 4863 1590 4933 Gregorius
1613 4861 1668 4916 in
1700 4877 1952 4915 sermone

379 4956 447 5008 de
479 4954 686 5023 Spiritu
721 4967 950 5008 sancto:
994 4973 1013 5006 ι
1047 4953 1103 5008 Si
1132 4964 1312 5008 autem
1345 4955 1594 5024 operatio
1629 4953 1721 5016 sit,
1758 4961 1952 5022 agetur

377 5046 608 5109 scilicet,
664 5056 719 5099 at
781 5062 888 5098 non
947 5057 1092 5115 aget,
1155 5056 1212 5100 et
1257 5046 1421 5101 simul
1475 5046 1560 5114 ugi
1621 5045 1854 5099 desinet.
1925 5061 1945 5096 ι

379 5135 664 5192 Μιιηζῐιιειε
697 5139 859 5204 igitur
900 5139 1202 5193 adversarii
1244 5149 1484 5193 creatam
1521 5153 1642 5190 esse
1691 5137 1952 5191 docentes

377 5247 542 5298 quam
570 5232 657 5284 hic
697 5231 992 5300 Gregmius
1020 5229 1332 5301 Tlteologus
1385 5231 1518 5285 dicit
1549 5232 1948 5299 OperatiOuum,

381 5325 552 5388 ipsum
589 5325 886 5376 naturalem
936 5335 991 5376 et
1023 5323 1368 5377 essentialetn
1424 5323 1516 5378 Dei
1573 5324 1947 5391 operationem

377 5414 659 5467 dementer
705 5414 774 5466 ad
824 5425 1102 5468 creaturas
1159 5415 1472 5485 deprimunt
1524 5431 1539 5468 :
1584 5431 1745 5485 quam
1793 5431 1950 5468 sacer

381 5506 753 5562 llantascenus
799 5524 906 5561 non
965 5518 1140 5561 actam
1189 5510 1382 5573 solum,
1440 5509 1532 5564 sed
1591 5517 1650 5563 et
1699 5521 1948 5578 agentern

450 5685 495 5721 "
514 5689 652 5744 Gen.
673 5707 736 5754 tt,
755 5691 810 5744 2.

2063 3150 2156 3203 θεν
2201 3151 2510 3222 ὑπενόησαν
2542 3151 2636 3206 καὶ
2687 3153 3038 3222 ἀπεφήναντο
3098 3153 3197 3223 τὴν
3237 3152 3390 3205 θείαν
3444 3153 3654 3222 ταύτην

2059 3241 2365 3311 ἐνέργειαν.
2433 3243 2737 3313 Ἠγνόησαν
2785 3245 2894 3312 γὰρ
2920 3245 3002 3298 ὅτι
3039 3245 3102 3298 τὸ
3156 3244 3501 3319 ἐνεργεῖσθαι
3557 3247 3653 3299 καὶ

2062 3332 2154 3384 ἐπὶ
2180 3332 2289 3384 τῶν
2317 3333 2590 3387 ἁκτίστων
2618 3334 2864 3417 λέγεται,
2909 3335 2984 3399 ὡς
3022 3338 3119 3390 καὶ
3146 3339 3173 3390 6
3203 3336 3470 3403 Θεολόγος
3494 3333 3653 3400 οὗτος

2061 3419 2332 3473 δείκνυσιν
2361 3421 2598 3490 ἀλλαχοῦ
2641 3425 2868 3495 γράφων
2896 3441 2909 3454 °
2946 3426 3010 3478 Εἰ
3058 3425 3114 3479 δέ
3144 3427 3425 3496 ἐνεργείας
3478 3428 3654 3496 ὄνομα

2059 3513 2087 3563 6
2111 3511 2319 3582 Πατὴρ,
2354 3512 2512 3566 τοῦτο
2558 3516 2864 3586 ἐνηργηκὸς
2895 3516 2960 3570 ἂν
2987 3517 3073 3587 εἴη
3097 3517 3162 3570 τὸ
3190 3519 3653 3587 ὀμοούσιον.Φησὶ

2057 3602 2113 3654 δέ
2147 3603 2240 3656 καὶ
2268 3605 2295 3655 6
2324 3606 2682 3675 Δαμασκηνὸς
2711 3609 2737 3660 6
2759 3607 3018 3679 θεοφόρος
3052 3625 3066 3640 ’
3118 3610 3206 3662 Ἐν
3231 3609 3381 3680 δεξιᾷ
3408 3609 3503 3662 τοῦ
3537 3612 3651 3663 [Ια-

2065 3694 2193 3765 τρὸς
2225 3696 2253 3747 6
2295 3697 2530 3766 Χριστὸς
2591 3699 2834 3763 ἐκάθισε,
2897 3699 3094 3763 θεϊκῶς
3145 3701 3386 3771 ἐνεργῶν
3413 3703 3514 3769 τὴν
3539 3702 3651 3752 τῶν

2055 3785 2193 3838 ὅλων
2213 3787 2491 3857 πρόνοιαν.
2511 3789 2649 3842 Ἀλλ’
2675 3791 2796 3844 οὐδὲ
2820 3792 2902 3856 τὸ,
2938 3792 3273 3855 κατέπαυσε,
3303 3792 3382 3860 τῷ
3403 3791 3652 3862 ἀκτίστῳ

2055 3875 2156 3944 τῆς
2185 3877 2465 3947 ἐνεργείας
2497 3880 2880 3949 προσίσταται.
2913 3881 3069 3936 Κατὰ
3098 3883 3208 3953 γὰρ
3239 3881 3299 3933 τὸ
3321 3882 3649 3952 δημιουγεῐν

2055 3965 2282 4036 ἄρχεται
2324 3971 2352 4021 6
2400 3969 2532 4034 Θεὸς
2584 3971 2680 4024 καὶ
2729 3971 3002 4025 παύεται³
3057 3973 3133 4035 ῶς
3185 3973 3282 4025 καὶ
3329 3972 3358 4023 ό
3405 3974 3650 4040 Μωῦσῆς

2055 4073 2242 4127 φησιν,
2273 4059 2354 4112 ὅτι
2399 4079 2416 4110 ι
2446 4062 2805 4118 Κατέπαυσεν
2829 4066 2856 4116 6
2875 4063 3006 4126 Θεὸς
3028 4064 3137 4116 ἀπὸ
3167 4067 3382 4117 πάντων
3414 4065 3526 4116 τῶν
3547 4068 3648 4136 ἔρ·-

2053 4162 2165 4215 γιυν
2215 4141 2289 4200 ὧν
2317 4149 2522 4218 ἤρξατο
2569 4151 2814 4220 ποιῆσαι.
2865 4169 2885 4202 ι
2926 4151 3001 4204 Τὸ
3056 4153 3236 4222 μέντοι
3288 4153 3647 4222 δημιουργεῖν

2051 4237 2210 4292 τοῦτο
2254 4239 2374 4292 καθ’
2406 4241 2433 4291 ὃ
2463 4241 2692 4311 ἄρχεται
2719 4242 2747 4293 6
2780 4242 2914 4305 Θεὸς
2971 4243 3067 4294 καὶ
3117 4242 3373 4308 παύεται,
3435 4241 3648 4313 φυσικὴ

2051 4329 2146 4383 καὶ
2168 4330 2426 4393 ἄκτιστός
2465 4335 2616 4386 ἐστιν
2651 4333 2901 4404 ἐνέργεια
2932 4333 3090 4389 Θεοῦ.

2124 4421 2258 4490 pla}.
2304 4421 2360 4476 Ὀ
2387 4424 2524 4486 θεῖος
2562 4423 2720 4488 αὖθις
2769 4425 3150 4495 Δαμασκηνὸς,
3183 4425 3320 4494 μετὰ
3349 4425 3410 4476 τὸ
3464 4426 3643 4476 εἰπεῖν

2049 4514 2131 4566 ὅτι
2178 4512 2432 4582 ἐνέργειά
2479 4516 2627 4567 ἐστιν
2674 4517 2707 4585 ὴ
2763 4515 3029 4586 δραστικὴ
3085 4515 3181 4568 καὶ⁸
3229 4514 3498 4584 ούσιὼδης
3539 4515 3641 4583 τῆς

2050 4604 2267 4674 φύσεως
2326 4607 2563 4677 κίνησις,
2619 4607 2787 4660 θέλων
2841 4607 3032 4674 δεῖξαι,
3092 4608 3168 4670 ὡς
3227 4607 3324 4678 τὴν
3378 4610 3639 4677 τοιαύτην

2055 4696 2344 4768 ἐνέργειαν
2366 4700 2392 4750 6
2423 4699 2680 4766 Θεο).όγος
2705 4696 2857 4751 εἶπεν
2893 4700 3234 4770 ἐνεργεῖσθαί
3253 4717 3312 4751 τε
3345 4701 3438 4752 καὶ
3463 4701 3634 4750 παύε-

2058 4789 2200 4852 σθαι,
2243 4791 2688 4860 προσεπήνεγκεν
2723 4808 2736 4822 ·
2782 4791 3000 4854 Ἰστέον,
3051 4791 3127 4854 ὠς
3179 4792 3211 4861 ἡ
3268 4791 3520 4860 ἐνέργεια
3548 4793 3636 4842 κί-

2055 4880 2209 4948 νησίς
2245 4881 2384 4945 ἐστι,
2411 4881 2505 4934 καὶ
2532 4883 2837 4951 ἐνεργεῖται
2865 4881 3064 4952 μᾶλλον
3095 4883 3126 4953 ἢ
3157 4885 3412 4954 ἐνεργεῖ,
3453 4882 3638 4945 καθώς

2054 4987 2216 5038 φησιν
2253 4972 2281 5023 6
2309 4970 2568 5038 Θεολόγος
2606 4972 2927 5042 Γρηγόριος,
2971 4975 3029 5028 ἐν
3073 4973 3151 5044 τῷ
3185 4975 3435 5045 περὶτοῦ
3477 4976 3635 5042 ἁγίου

2055 5060 2368 5129 Πνεύματος
2408 5061 2572 5132 λόγῳ.
2621 5064 2686 5117 Εἰ
2719 5064 2773 5116 δέ
2827 5065 3077 5136 ἐνέργειά
3124 5067 3291 5128 ἐστιν,
3326 5067 3636 5135 ἐνεργηθή-

2054 5170 2204 5206 σεται
2269 5153 2510 5224 δηλονότι
2571 5156 2664 5207 καὶ
2715 5158 2818 5210 οὐκ
2880 5159 3184 5229 ἐνεργήσει,
3241 5159 3335 5210 καὶ
3382 5159 3523 5227 ὁμοῦ
3575 5159 3637 5212 τὸ

2051 5245 2412 5314 ἐνεργηοῆναι
2456 5247 2746 5303 παύσεται.
2797 5249 3032 5320 Φανερὸν
3079 5247 3171 5303 οὖν
3199 5250 3276 5313 ὼς
3305 5251 3353 5302 oi
3405 5253 3476 5304 τὰ
3528 5252 3638 5304 τῶν

2052 5338 2312 5390 ἐναντίων
2375 5339 2725 5408 φρονοῦντες,
2759 5342 2980 5413 κτιστὴν
3030 5337 3169 5396 εἶναι
3209 5342 3635 5412 δογματίζοντες

2050 5428 2115 5499 ἡν
2141 5429 2374 5481 ἐνταῦθα
2405 5431 2443 5481 Γ
2447 5432 2703 5500 ρηγόριος
2727 5436 2754 5485 6
2778 5434 3038 5502 Θεολόγος
3070 5435 3293 5504 εἴρηκεν
3320 5437 3630 5506 ἐνέργειαν,

2049 5522 2217 5593 αὐτὴν
2244 5522 2342 5592 τὴν
2377 5524 2609 5595 φυσικὴν
2638 5527 2731 5578 καὶ
2763 5528 2993 5597 οὐσιώδη
3030 5527 3122 5581 τοῦ
3151 5528 3283 5581 Θεοῦ
3318 5530 3630 5600 ἐνέργειαν,
