3994 6206
361 301 500 365 1"”
1282 326 1555 387 impura
1602 324 1955 392 rursm.
1994 322 2511 396 THEOLOGICA,
2545 324 2687 383 ETC
3475 318 3612 383 121/.

368 418 748 488 ορενοσλασῶς
800 422 880 485 τις
923 425 1126 493 κτίσμα
1168 430 1518 480 κατασπῶσιν
1548 446 1563 460 ο
1600 428 1668 500 ἢν
1714 430 1743 482 6
1795 430 1936 497 ῖερδς

2057 436 2362 497 intendens,
2415 436 2711 488 increatam
2760 446 2884 486 esse
2939 427 3349 491 demonstravit,
3401 426 3451 478 in
3508 429 3612 479 huc

366 510 744 578 Δαμασκηνὸς,
804 514 880 582 μὴ
940 514 1340 584 ἐνεργουμένην
1407 518 1586 586 μόνον,
1648 519 1787 572 ἀλλὰ
1844 520 1938 571 καὶ

2057 544 2149 583 ton
2190 529 2482 583 dissonans
2523 543 2551 579 a
2587 526 2969 595 coguorninato
3013 521 3311 593 Theologo,
3364 521 3507 575 sicut
3556 520 3609 572 in

364 600 693 669 ἐνεργοῦσαν
753 603 1053 675 ὑποφήνας,
1112 608 1363 661 ἄκτιστον
1412 611 1761 681 ὑπάρχουσαν
1800 628 1940 679 παρ·

2057 634 2296 676 ιοινηιοηο
2326 632 2446 673 meo
2471 620 2578 671 late
2606 616 2889 683 probatum
2923 627 3024 671 est.

361 688 593 755 ἔστησεν
622 730 639 755 9
690 692 838 753 ὅπως
886 710 950 761 γε
1006 696 1113 765 μὴν
1174 699 1233 749 οὐ
1285 699 1545 769 διαφωνεῖ
1585 704 1724 757 κατὰ
1774 706 1937 758 τοῦτο
1986 704 2121 775 πρὸς
2155 701 2246 754 τὸν
2272 703 2370 770 τῆς
2400 700 2677 767 θεολογίας
2708 699 3016 769 ἐπώνυμον,
3060 702 3119 751 έν
3193 699 3297 759 τοῖς
3339 697 3428 750 διὰ
3459 697 3594 751 πλά-

364 794 490 837 τους
525 792 615 844 μοι
638 775 817 843 λόγοις
841 776 1235 830 ἀποδέδεικται.

437 865 568 936 ρλβ’.
609 868 689 919 Τὰ
737 868 1076 921 ὑποστατικὰ
1126 868 1413 939 ἰδιώματα,
1457 871 1806 941 ἀναφορικῶς
1836 874 1939 925 κάν

361 961 441 1031 τῷ
468 959 588 1029 Θεῷ
617 959 965 1030 προσάλληλα
990 961 1228 1028 λέγεται.
1262 963 1370 1015 Καὶ
1392 962 1740 1033 διαφέρουσιν
1772 966 1939 1035 ἀλλή-

362 1054 472 1106 λων
502 1055 557 1105 al
586 1054 937 1117 ὑποστάσεις,
969 1055 1084 1106 ἀλλ’
1118 1057 1180 1108 οὐ
1209 1056 1330 1108 κατ’
1360 1058 1565 1111 οὐσίαν.
1608 1060 1762 1111 Ἐστι
1787 1059 1831 1112 δ’
1863 1062 1939 1124 ὡς

365 1145 463 1198 καὶ
494 1144 631 1215 πρὸς
680 1147 779 1215 τὴν
827 1147 1004 1199 κτίσιν
1050 1148 1399 1219 ἁναφορικῶς
1439 1152 1468 1201 6
1517 1149 1649 1213 Θεὸς
1698 1151 1934 1219 λέγεται.

365 1236 438 1286 Οὐ
496 1235 603 1303 γὰρ
656 1234 845 1307 ὥσπερ
896 1235 1115 1302 λέγεται
1172 1238 1513 1307 προαιώνιος,
1576 1241 1938 1312 προάναρχος,

367 1326 560 1392 μέγας,
602 1326 830 1393 ἀγαθὸς,
887 1326 1021 1388 Θεὸς
1055 1329 1088 1396 ἡ
1140 1330 1381 1395 παναγία
1433 1329 1623 1399 Τριὰς,
1673 1331 1817 1383 οὕτω
1843 1331 1937 1383 δύ-

363 1433 521 1469 ναται
580 1417 835 1484 λέγεσθαι
888 1419 982 1470 καὶ
1022 1420 1212 1489 Πατήρ
1244 1437 1260 1451 ’
1307 1422 1368 1473 οὐ
1410 1421 1519 1492 γὰρ
1568 1424 1771 1492 ἑκάστη
1830 1424 1939 1477 τῶν

365 1507 741 1571 ὑποστάσεων,
772 1507 908 1560 ἀλλὰ
936 1509 1035 1577 μία
1058 1510 1166 1561 τῶν
1199 1510 1366 1580 τριῶν
1398 1512 1631 1582 ὑπάρχει
1661 1516 1689 1565 6
1714 1515 1901 1584 Πατήρ
1922 1532 1933 1545 ·

2110 867 2235 922 139.
2268 869 2584 922 Personalia
2606 868 2865 922 idiomata
2888 869 3050 923 etiam
3077 871 3131 923 in
3160 870 3268 925 Deo
3294 872 3520 926 relative
3546 873 3612 926 ad

2039 976 2098 1015 se
2134 962 2365 1016 invicem
2397 962 2667 1016 dicuntur.
2702 960 2766 1015 Et
2790 963 3063 1017 distincta:
3083 972 3209 1018 sunt
3236 980 3265 1018 a
3299 979 3358 1018 se
3379 966 3608 1017 invicem

2042 1069 2308 1122 personae.
2335 1066 2441 1107 non
2466 1064 2642 1107 tamen
2664 1059 2958 1109 secundmn
2980 1056 3291 1111 essentiam.
3306 1056 3613 1125 Aliquando

2039 1143 2203 1197 etiam
2232 1144 2457 1197 relative
2487 1149 2553 1198 ad
2584 1155 2888 1199 creaturam
2917 1144 3055 1200 Deus
3077 1147 3292 1200 dicitur.
3328 1145 3441 1201 Non
3465 1149 3612 1202 enim

2042 1236 2383 1290 sanctissima
2415 1235 2679 1301 Trinitas,
2712 1246 2771 1289 ut
2800 1236 3000 1291 dicitur
3029 1248 3284 1300 aeternus,
3317 1240 3436 1293 sine
3466 1242 3618 1309 prin-

2041 1329 2204 1397 cipio,
2226 1340 2456 1397 magnus
2485 1328 2767 1397 bonusque
2788 1330 2949 1393 Deus,
2982 1330 3063 1383 sic
3085 1330 3188 1383 dici
3208 1341 3388 1397 posset
3421 1330 3615 1390 Pater:

2043 1434 2147 1474 non
2176 1422 2322 1475 enim
2375 1436 2713 1491 unaquaque
2745 1434 3134 1488 personarum,
3170 1424 3266 1477 sed
3321 1438 3425 1476 una
3453 1425 3615 1477 trium

2046 1512 2205 1567 i’ater
2244 1524 2348 1579 est,
2377 1526 2408 1567 a
2438 1528 2548 1582 quo
2581 1523 2711 1568 sunt
2749 1522 2807 1565 et
2834 1514 2899 1566 ad
2929 1527 3091 1582 quem
3128 1511 3441 1568 referuntur
3473 1517 3613 1570 aliae.

366 1598 422 1662 ἐξ
456 1591 517 1648 οὗ
552 1596 645 1649 καὶ
672 1597 751 1658 είς
785 1597 845 1649 ὃν
883 1598 1143 1667 ἀνάγεται
1172 1602 1239 1653 τὰ
1268 1602 1415 1671 ἑξῆς.
1448 1604 1588 1672 Πρὸς
1624 1605 1806 1673 μέντοι
1839 1607 1937 1675 τὴν

2057 1603 2289 1658 Relative
2323 1613 2501 1658 tamen
2526 1604 2593 1658 ad
2617 1614 2945 1672 creaturam,
2981 1606 3106 1673 quia
3140 1615 3226 1660 est
3252 1619 3416 1658 unum
3451 1610 3615 1661 trium

366 1686 563 1745 κτίσιν,
605 1686 694 1739 διὰ
734 1687 794 1740 τὸ
827 1688 884 1740 ἓν
919 1687 1078 1759 ἔργον
1109 1686 1382 1745 εἶναιτῶν
1402 1695 1592 1760 τριῶν,
1621 1697 1685 1747 ὲκ
1712 1697 1936 1766 μηδαμῆ

2057 1710 2182 1764 )pns
2211 1710 2277 1750 ex
2311 1710 2462 1751 mero
2493 1696 2663 1750 nihilo
2711 1697 3056 1765 productum,
3090 1712 3119 1751 a
3170 1698 3298 1753 tiliis
3345 1700 3617 1753 communi

368 1779 632 1849 μηδαμῶς
678 1780 828 1843 ὄντος
872 1757 1165 1852 προαχθὲν,
1217 1785 1309 1837 καὶ
1365 1757 1452 1837 διά
1497 1787 1604 1839 τῶν
1656 1757 1788 1840 ne;
1834 1757 1940 1840 δπδ

2057 1787 2208 1841 trium
2253 1787 2430 1856 gratia
2480 1789 2546 1839 ad
2577 1788 2850 1842 actionem
2897 1788 3113 1843 donatis
3156 1787 3397 1844 Trinitas
3434 1791 3616 1843 VOCnI'i

365 1872 464 1939 τῆς
517 1872 929 1940 χορηγουμένης
978 1874 1161 1940 κοινῆς
1217 1876 1325 1927 τῶν
1378 1878 1545 1946 τριῶν
1590 1878 1810 1949 χάριτος
1860 1880 1939 1941 εἰς

2057 1882 2209 1933 etiam
2257 1886 2444 1947 posset
2478 1878 2656 1934 Pater.
2691 1879 2829 1933 illud
2861 1880 3005 1933 enim
3051 1894 3067 1936 :
3104 1896 3122 1931 t
3163 1878 3425 1934 Dominus
3477 1881 3619 1934 Deus

365 1961 599 2027 ποίησιν,
628 1962 812 2033 Πατὴρ
841 1964 1037 2032 λέγοιτ’
1064 1965 1128 2019 ἂν
1153 1968 1247 2020 καὶ
1273 1970 1304 2037 ἡ
1333 1969 1520 2038 Τριάς.
1556 1970 1648 2034 Τὸ,
1680 1989 1698 2020 ι
1735 1971 1937 2038 Κύριος

2057 1983 2172 2025 mus
2204 1970 2467 2025 Dominus
2497 1986 2636 2025 unus
2666 1981 2751 2024 est
2779 1971 2874 2036 ⁵⁸⁵,
2927 1990 2947 2025 ι
2985 1982 3038 2026 et
3066 1972 3196 2026 illud
3226 1988 3241 2027 :
3289 1990 3307 2023 ι
3342 1969 3495 2026 Unus
3535 1982 3620 2026 est

364 2054 392 2103 6
430 2053 561 2114 Θεός
602 2070 719 2117 σου,
756 2055 956 2125 Κύριος
1007 2052 1083 2119 εἷς
1120 2059 1267 2126 ἐστιν
1300 2076 1312 2088 ⁸
1358 2080 1375 2111 ι
1417 2063 1508 2113 καὶ
1556 2062 1636 2122 τὸ,
1691 2083 1709 2112 ι
1751 2062 1938 2128 Πατὴρ

2057 2062 2205 2117 Pater
2230 2072 2417 2117 noster
2450 2062 2541 2131 qui
2563 2073 2644 2117 est
2674 2064 2727 2117 in
2758 2063 2991 2128 caelis“,
3025 2082 3042 2114 ι
3068 2078 3231 2117 unum
3254 2063 3538 2116 Dominum
3563 2074 3619 2118 et

367 2144 525 2209 ἡμῶν
552 2138 629 2206 εἷς
673 2147 699 2197 6
729 2148 784 2197 ὲν
816 2149 926 2208 τοῖς
967 2148 1238 2216 οὐρανοῖς,
1268 2168 1285 2199 ι
1331 2151 1427 2203 ἕνα
1462 2151 1664 2217 Κύριον
1692 2154 1785 2203 καὶ
1808 2150 1939 2203 Θεὸν

2057 2153 2216 2208 Deum
2264 2164 2511 2210 nostrum
2542 2169 2667 2211 esse
2710 2155 2953 2209 indicant
2986 2165 3231 2210 sanctam
3268 2153 3616 2220 Trinitatem,

374 2242 535 2313 ἡμῶν
580 2241 680 2312 τὴν
727 2243 887 2310 ἁγίαν
921 2242 1126 2311 Τριάδα
1159 2243 1318 2313 φησὶ,
1354 2243 1448 2297 καὶ
1487 2243 1553 2313 δὴ
1583 2244 1677 2297 καὶ
1732 2246 1951 2315 Πατέρα

2057 2255 2101 2302 et
2136 2247 2302 2302 etiam
2354 2246 2566 2300 Patrem
2616 2258 2859 2300 nostrum
2906 2260 3002 2301 sua
3043 2247 3217 2317 gratia
3264 2261 3361 2299 nos
3398 2260 3621 2313 regene-

372 2335 554 2404 ἠμῶν,
603 2336 689 2389 διὰ
736 2336 835 2403 τῆς
876 2334 1039 2389 αὑτοῦ
1087 2336 1303 2405 χάριτος
1339 2337 1486 2407 ἡμᾶς
1545 2336 1949 2403 ἀναγεννῶντα,

374 2425 592 2492 λέγεται
625 2426 995 2496 ἀναφορικῶς,
1025 2426 1277 2499 καθάπερ
1300 2428 1514 2497 ἔφημεν
1543 2444 1556 2458 ο
1589 2428 1682 2481 καὶ
1710 2429 1739 2479 6
1766 2427 1953 2496 Πατὴρ

379 2517 559 2587 μόνος.
597 2518 732 2587 πρὸς
781 2520 871 2570 τὸν
922 2516 1207 2587 ὁμοούσιον
1259 2518 1387 2571 Υίδν
1450 2520 1662 2588 Πατήρ.
1710 2519 1767 2571 '0
1795 2519 1952 2581 αὐτὸς

374 2611 432 2662 δὲ
454 2610 669 2671 λέγεται
697 2610 791 2662 καὶ
824 2610 967 2680 ἀρχὴ
995 2610 1129 2680 πρὸς
1145 2612 1237 2664 τὸν
1260 2612 1387 2664 Υίόν
1404 2629 1464 2664 τε
1495 2613 1589 2664 καὶ
1616 2612 1677 2664 τὸ
1709 2612 1951 2680 Πνεῦμα.

377 2700 611 2768 Λέγεται
645 2701 701 2754 δὲ
758 2703 853 2755 καὶ
911 2704 1044 2772 πρὸς
1088 2702 1189 2771 τὴν
1240 2704 1417 2756 κτίσιν
1474 2705 1503 2756 6
1551 2705 1740 2776 Πατὴρ
1788 2705 1950 2775 ἀρχὴ,

376 2792 491 2845 ἀλλ’
522 2793 598 2856 ὡς
626 2795 852 2865 κτίστης
886 2796 979 2848 κοι)⁵
1009 2795 1287 2866 Δεσπότης
1318 2796 1539 2850 πάντων
1568 2799 1678 2851 τῶν
1724 2798 1958 2869 κτισμά-

374 2902 506 2943 των.
542 2888 712 2941 Ὅταν
762 2884 855 2941 οὖν
901 2887 1075 2942 ταῦτα
1123 2890 1261 2959 πρὸς
1314 2890 1414 2959 τὴν
1466 2891 1643 2943 κτίσιν
1696 2893 1724 2944 6
1768 2892 1957 2960 Πατὴρ

377 2985 631 3052 λέγηται,
657 2982 799 3052 ἀρχή
848 2982 966 3033 ἐστι
1021 2982 1113 3034 καὶ
1174 2983 1203 3034 6
1256 2982 1405 3044 Υίὸς,
1452 2983 1549 3035 καὶ
1586 2983 1687 3035 οὐκ
1721 2983 1827 3036 εἰσὶ
1862 2984 1957 3037 δύο

2048 2347 2257 2392 rantem
2298 2336 2523 2391 relative
2554 2337 2758 2399 vocari,
2800 2338 2944 2389 sicut
2975 2336 3216 2390 diximus
3255 2349 3272 2387 :
3318 2334 3422 2390 Sed
3458 2335 3619 2391 Pater

2047 2428 2197 2483 solus
2266 2430 2496 2484 relative
2565 2434 2633 2483 ad
2691 2429 3215 2482 consubstantialem
3283 2427 3474 2481 Filium
3535 2437 3618 2483 est

2045 2521 2226 2576 Pater.
2253 2522 2398 2576 Idem
2433 2536 2650 2590 quoque
2681 2520 3010 2590 principium
3052 2520 3255 2575 dicitur
3288 2519 3511 2574 relative
3553 2523 3620 2573 ad

2048 2615 2242 2669 Filium
2276 2625 2329 2668 et
2349 2614 2611 2681 Spiritum
2647 2622 2917 2666 sanctum.
2951 2611 3161 2666 Dicitur
3186 2612 3351 2666 etiam
3397 2612 3624 2669 relative

2046 2706 2113 2761 ad
2133 2716 2415 2762 creaturas
2435 2705 2598 2761 Pater
2621 2704 2968 2775 principium,
2998 2706 3091 2761 sed
3116 2714 3371 2775 tanquam
3400 2705 3623 2761 Creator

2047 2805 2101 2854 et
2175 2798 2435 2853 Dominus
2493 2798 2671 2852 omnis
2733 2807 3017 2852 creaturae.
3085 2795 3218 2851 Cum
3282 2809 3459 2853 autem
3538 2801 3619 2854 sic

2049 2898 2273 2947 vocatur
2307 2890 2467 2945 Pater
2499 2888 2800 2959 respectlve
2841 2891 2909 2944 ad
2953 2900 3259 2955 creaturas,
3292 2892 3617 2961 principium

2048 2997 2266 3053 quoque
2291 2982 2459 3037 Filius
2486 2988 2595 3047 est,
2637 2988 2691 3032 et
2719 2994 2829 3035 non
2863 2989 2992 3034 sunt
3021 2981 3128 3034 duo
3179 2980 3470 3049 principia,
3522 2981 3619 3035 sed

377 3077 566 3147 ἁρχαὶ,
599 3075 734 3128 ἀλλὰ
763 3074 861 3144 μία
887 3091 920 3154 ’⁸
944 3076 1040 3128 καὶ
1077 3075 1187 3145 γὰρ
1210 3075 1559 3144 ἀναφορικῶς
1593 3074 1812 3143 λέγεται
1858 3076 1953 3130 καὶ

2057 3090 2254 3138 unum;
2292 3089 2415 3129 nam
2456 3073 2574 3144 ipse
2611 3071 2780 3127 Filius
2805 3072 3007 3127 dicitur
3041 3071 3371 3141 principium
3401 3072 3627 3126 relative

375 3169 404 3220 ὁ
437 3167 561 3229 Υἱὸς
587 3164 751 3235 ἁρχὴ,
785 3165 858 3227 ὡς
891 3165 1027 3234 πρὸς
1057 3165 1157 3237 τὴν
1188 3166 1387 3227 κτίσιν,
1410 3166 1600 3238 ὥσπερ
1627 3170 1722 3220 καὶ
1751 3168 1956 3220 Δεσπό-

375 3273 475 3324 της
518 3256 654 3324 πρὸς
714 3255 781 3308 τὰ
831 3250 1012 3309 δοῦλα,
1051 3255 1260 3309 Οὐκοῦν
1310 3258 1337 3309 6
1376 3257 1564 3327 Πατὴρ
1609 3258 1704 3310 καὶ
1757 3258 1786 3309 6
1829 3258 1956 3320 Υίὸς

380 3347 519 3415 μετὰ
547 3346 642 3398 τοῦ
671 3346 1008 3414 Πνεῦματος,
1048 3346 1124 3409 ὡς
1172 3346 1310 3416 πρὸς
1344 3348 1444 3419 τὴν
1474 3349 1653 3401 κτίσιν
1681 3350 1779 3420 μία
1810 3349 1952 3420 ἀρχή

376 3442 494 3492 ἐστι
551 3439 643 3491 καὶ
693 3431 771 3500 εἷς
818 3439 1118 3509 Δεσπότης,
1174 3442 1269 3493 καὶ
1308 3434 1389 3502 εἷς
1441 3442 1687 3510 κτίστης,
1729 3443 1825 3496 καὶ
1873 3436 1954 3504 εἷς

375 3530 507 3593 Θεός
565 3548 624 3583 τε
676 3532 770 3584 καὶ
811 3531 1023 3601 Πατὴρ,
1071 3531 1166 3585 καὶ
1213 3531 1551 3603 προμηθεὺς,
1595 3536 1689 3585 καὶ
1735 3533 1951 3602 ἔφορος,

375 3627 471 3677 καὶ
520 3624 687 3677 τᾶλλα
744 3624 945 3677 πάντα.
1001 3624 1111 3677 Καὶ
1138 3623 1247 3677 τῶν
1270 3624 1528 3676 τοιούτων
1577 3626 1807 3679 ἕκαστον
1855 3628 1954 3680 οὐκ

374 3718 523 3770 ἔστιν
557 3717 711 3770 οὐσία
740 3732 753 3746 ⁸
794 3718 851 3769 οὐ
905 3715 1012 3786 γὰρ
1063 3714 1128 3768 ἂν
1177 3716 1315 3786 πρὸς
1371 3715 1557 3787 ἕτερον
1607 3717 1955 3789 ἀναφορικῶς

374 3809 612 3877 ἐλέγετο,
635 3809 791 3880 εἴπερ
816 3804 884 3880 ἦν
919 3807 1085 3861 αὐτοῦ
1112 3808 1291 3862 οὐσία.

450 3899 586 3969 ρλγ¹.
620 3900 826 3965 Θέσεις,
887 3901 979 3952 καὶ
1014 3900 1179 3965 ἕξεις,
1236 3902 1332 3953 καὶ
1364 3900 1541 3963 τόποι,
1602 3902 1697 3955 καὶ
1747 3902 1954 3973 χρόνοι,
2014 3956 2032 3972 ,

376 3993 471 4044 καὶ
498 3992 617 4045 είτι
641 3992 900 4053 τοιοῦτον,
934 3993 994 4045 οὐ
1022 3994 1223 4063 κυρίως
1254 3995 1345 4046 ἐπὶ
1364 3994 1498 4048 Θεοῦ
1520 3995 1789 4063 λέγονται,
1820 3995 1956 4049 ἀλλὰ

378 4084 783 4152 μεταφορικῶς.
826 4085 896 4136 Τὸ
927 4084 984 4136 δὲ
1028 4088 1198 4137 ποιεῖν
1231 4086 1326 4137 καὶ
1355 4087 1618 4156 ἐνεργεῖν,
1654 4088 1747 4141 ἐπὶ
1790 4088 1954 4158 μόνου

374 4176 469 4229 τοῦ
495 4177 631 4230 Θεοῦ
653 4177 995 4248 ἀληθέστατα
1028 4177 1091 4230 ἂν
1119 4178 1329 4244 λέγοιτο
1364 4194 1377 4208 ·
1426 4180 1585 4249 μόνος
1630 4181 1740 4252 γὰρ
1764 4184 1792 4235 6
1824 4183 1953 4245 Θεὸς

376 4272 563 4322 ποιεῖ’
613 4272 772 4332 αὐτὸς
818 4271 875 4322 δὲ
923 4270 984 4322 οὐ
1039 4271 1249 4337 γίνεται
1288 4271 1410 4324 οὐδὲ
1460 4272 1683 4343 πάσχει,
1720 4276 1843 4329 ὅσον
1876 4279 1956 4339 είς

373 4361 475 4431 τὴν
530 4361 694 4414 αὐτοῦ
751 4362 941 4414 οὐσίαν
991 4362 1224 4430 ἀνήκειο
1262 4365 1357 4417 καὶ
1409 4365 1567 4434 μόνος
1601 4366 1688 4421 διὰ
1742 4370 1957 4422 πάντων

2046 3170 2113 3225 ad
2164 3177 2366 3227 creata.
2430 3168 2575 3223 sicut
2612 3173 2666 3220 et
2708 3163 2980 3219 Dominus
3028 3164 3095 3218 ad
3123 3164 3438 3219 servientia.
3484 3164 3626 3233 Ergo

2046 3260 2206 3314 Pater
2235 3271 2289 3315 et
2316 3256 2489 3314 Filius
2516 3274 2640 3313 cum
2665 3256 2867 3326 Spiritu
2902 3256 3204 3326 respective
3232 3256 3298 3309 ad
3318 3267 3625 3310 creaturam

2048 3368 2215 3407 unum
2248 3361 2376 3407 sant
2408 3352 2763 3423 principium,
2794 3358 2849 3406 et
2884 3366 3027 3406 unus
3075 3349 3355 3413 Dominus,
3396 3358 3452 3404 et
3484 3364 3626 3403 unus

2048 3447 2299 3512 Creator,
2354 3459 2409 3503 et
2456 3463 2596 3503 unus
2634 3450 2776 3502 Deus
2820 3456 2875 3502 et
2906 3446 3086 3510 Pater,
3136 3456 3190 3502 et.
3240 3445 3519 3516 providus,
3564 3455 3620 3500 et

2048 3550 2254 3604 custos,
2282 3552 2339 3595 et
2374 3552 2573 3595 caetera
2618 3539 2820 3593 omnia.
2859 3536 2923 3592 Et
2958 3540 3149 3592 horum
3203 3538 3628 3606 unumquodque

2050 3646 2158 3684 non
2186 3640 2269 3685 est
2291 3632 2568 3687 essentia:
2610 3643 2717 3683 non
2749 3629 2894 3683 enim
2927 3626 3153 3681 relative
3196 3627 3262 3680 ad
3296 3627 3441 3680 aliud
3482 3627 3627 3682 dice-

2052 3730 2226 3789 retur,
2255 3723 2301 3777 si
2327 3729 2473 3777 esset
2506 3720 2653 3775 illius
2688 3718 2954 3775 essentia.

2122 3903 2247 3958 155.
2281 3902 2448 3966 Situs,
2479 3899 2717 3964 habitus,
2749 3898 2887 3962 loca,
2919 3906 3184 3967 tempora,
3223 3906 3276 3952 et
3307 3898 3409 3952 alia
3441 3896 3632 3968 hujus-

2053 3995 2225 4061 modi,
2248 4006 2358 4048 non
2399 3994 2617 4062 proprie
2644 3993 2711 4046 de
2743 3991 2852 4044 Deo
2900 3992 3171 4057 dicuntur,
3219 3991 3313 4044 sed
3349 3994 3631 4059 metapho-

2055 4088 2188 4143 rice.
2217 4086 2420 4141 Facere
2441 4095 2619 4137 autem
2650 4093 2703 4136 et
2722 4080 2939 4151 operari
2971 4082 3039 4135 de
3064 4081 3183 4135 solo
3211 4080 3319 4134 Deo
3348 4080 3633 4134 veriSsime

2055 4182 2332 4234 dicuntur.
2369 4177 2530 4232 Solus
2562 4175 2706 4230 enim
2743 4174 2887 4229 Deus
2939 4172 3091 4237 facit,
3139 4174 3254 4240 ipse
3294 4182 3475 4225 autem
3522 4188 3629 4225 nou

2060 4274 2119 4328 lit
2184 4284 2358 4340 neque
2414 4272 2635 4340 patitur,
2663 4269 2719 4322 in
2751 4277 3011 4332 quantum
3057 4265 3175 4335 ejus
3229 4266 3481 4318 essentia:
3527 4280 3631 4317 nuu

2058 4364 2335 4426 convenit,
2371 4370 2425 4415 ct
2470 4362 2616 4415 solus
2650 4374 2744 4429 per
2773 4359 2955 4412 omnia
3005 4357 3433 4426 unumquodque
3481 4355 3631 4418 facit,

374 4454 608 4507 ἕκαστον
644 4457 820 4507 ποιεῖ·
851 4455 944 4507 καὶ
971 4455 1128 4523 μόνος
1163 4457 1225 4507 ὲκ
1250 4455 1470 4526 μηδαμῆ
1502 4459 1764 4529 μηδαμῶς
1789 4460 1953 4513 ὄντων

2059 4467 2112 4512 et
2136 4455 2285 4512 solus
2313 4468 2377 4508 ex
2407 4453 2579 4507 nihilo
2614 4452 2767 4514 facit,
2797 4448 3226 4529 omnipotentem
3273 4449 3479 4501 habens
3509 4462 3636 4515 Ope-

266 4604 277 4609 ,
376 4551 538 4610 ποιεῖ,
591 4548 998 4618 παντοδύναμον
1060 4548 1198 4619 ἔχων
1242 4550 1340 4621 τὴν
1380 4552 1684 4623 ἐνέργειαν,
1739 4553 1860 4607 καθ’
1891 4555 1958 4624 ἣν

377 4639 640 4710 καὶπρὸς
698 4640 797 4708 τὴν
844 4639 1021 4693 κτίσιν
1072 4640 1419 4709 ἀναφορικῶς
1468 4641 1719 4710 λέγεται,
1761 4644 1854 4695 καὶ
1898 4645 1957 4695 τὸ

375 4730 605 4800 δυνάμει
640 4732 753 4799 ἔχει
781 4746 793 4759 ·
832 4728 1058 4783 δύναται
1106 4731 1213 4799 γάρ
1260 4732 1422 4794 αὐτὸς
1478 4735 1558 4795 είς
1610 4735 1708 4801 τὴν
1759 4734 1955 4787 ἑαυτοῦ

378 4819 543 4890 φύσιν
565 4839 618 4873 τι
647 4821 837 4875 παθεῖν
864 4822 1020 4874 οὐδὲν
1046 4822 1277 4892 οὐδαμῆ.
1301 4823 1532 4877 Δύναται
1554 4825 1608 4877 δὲ
1642 4825 1956 4895 προσθεῖναι

376 4916 486 4977 τοῖς
544 4915 845 4984 ποιήμασιν
891 4918 940 4967 εί
996 4914 1277 4985 βούλοιτο·
1314 4915 1374 4968 τὸ
1428 4916 1526 4986 μὲν
1591 4922 1699 4989 γὰρ
1729 4918 1955 4980 δυνάμει

378 5006 574 5059 παθεῖν
611 5006 774 5076 ἔχειν,
816 5009 910 5060 καὶ
947 5008 1277 5078 προσλαϐεῖν
1304 5025 1357 5061 τι
1392 5011 1511 5061 κατ’
1553 5012 1762 5077 οὐσίαν,
1795 5012 1956 5065 ἀσθε-

377 5100 527 5161 νείας
548 5099 659 5152 ἐστί
696 5115 709 5129 ο
742 5100 802 5151 τὸ
845 5100 901 5152 δὲ
941 5101 1167 5171 δυνάμει
1196 5103 1371 5153 ποιεῖν
1397 5101 1563 5172 ἔχειν,
1610 5105 1703 5155 καὶ
1734 5121 1958 5176 προστι-

378 5190 528 5245 θέναι
546 5195 658 5254 τοῖς
696 5193 1001 5262 ποιήμασιν
1030 5195 1187 5247 ὁπότε
1225 5193 1489 5264 βούλοιτο,
1524 5194 1859 5266 θεοπρεποῦς
1894 5214 1955 5251 τι

379 5283 472 5335 καὶ
500 5286 1011 5357 παντοκρατορικῆς
1045 5287 1242 5355 ἰσχύος.

453 5374 581 5443 ρλδ’.
618 5376 842 5429 Πάντων
872 5379 978 5430 τῶν
1015 5378 1182 5429 όντων
1213 5381 1293 5442 είς
1334 5379 1469 5433 δέκα
1523 5382 1956 5451 συγκεφαλαιοῦ-

382 5466 583 5535 μένων,
639 5469 827 5521 οὐσίαν
874 5469 1035 5536 λέγω,
1066 5473 1249 5538 ποσὸν,
1298 5474 1474 5538 ποιὸν,
1527 5478 1665 5547 πρός
1699 5494 1777 5542 τι,
1834 5479 1954 5544 ποῦ,

381 5559 537 5624 ποτὲ,
595 5563 791 5624 ποιεῖν,
856 5562 1118 5630 πάσχειν,
1172 5563 1351 5634 ἔχειν,
1406 5568 1642 5637 κεῖσθαι,
1698 5570 1793 5624 καὶ
1850 5571 1958 5625 τῶν

456 5746 523 5779 δυ’
556 5744 713 5801 Deut.
746 5762 819 5813 γι,
855 5746 905 5801 -ί,
985 5742 1026 5777 ⁸⁸
1060 5745 1249 5799 Matth.
1292 5759 1447 5805 mn,
1491 5748 1532 5799 9.

2061 4549 2353 4603 rationem.
2383 4547 2449 4600 Et
2493 4547 2635 4599 hanc
2685 4545 2852 4599 etiam
2908 4526 3135 4595 relaiive
3186 4543 3253 4593 ad
3300 4540 3632 4593 creationem

2062 4641 2260 4695 dicitur
2304 4640 2509 4693 habere
2559 4639 2615 4690 in
2667 4636 2900 4704 putentia
2948 4648 2962 4663 ⁸
2996 4634 3249 4704 quamvis
3305 4634 3449 4685 enim
3500 4633 3632 4684 nilnl

2066 4747 2288 4802 prorsus
2320 4733 2372 4785 in
2410 4739 2604 4799 suapte
2631 4738 2825 4782 natura
2854 4726 2967 4797 pati
3014 4727 3205 4795 possit,
3244 4733 3422 4793 potest
3454 4733 3633 4775 tatmm

2063 4838 2263 4894 augere
2315 4824 2671 4881 creationem,
2727 4819 2773 4872 si
2833 4816 2980 4873 velit.
3037 4815 3173 4869 Nam
3228 4828 3388 4884 posse
3428 4813 3538 4881 pati
3583 4821 3637 4865 et

2066 4919 2309 4985 tecipere
2344 4920 2691 4983 augmentum
2727 4913 2777 4965 in
2810 4924 2906 4965 sua
2933 4908 3188 4973 essentia,
3217 4909 3429 4976 signum
3466 4906 3636 4975 impu-

2064 5009 2251 5063 tentiae
2298 5018 2412 5071 est;
2452 5018 2610 5077 posse
2652 5013 2831 5058 autem
2874 5015 3033 5072 agere
3061 5008 3116 5055 et
3161 5002 3298 5055 facta
3334 5002 3399 5053 ad
3446 5010 3635 5052 nutum

2063 5116 2282 5173 angere,
2310 5102 2548 5156 divinam
2581 5109 2636 5154 et
2665 5097 3091 5167 omnipotentem
3118 5095 3270 5149 decet
3294 5100 3634 5163 potestatem.

2135 5376 2474 5436 l3LOmuis
2515 5374 2666 5429 entia
2702 5371 3039 5426 reducuntur
3086 5371 3150 5421 ad
3193 5367 3379 5421 decem
3428 5372 3640 5431 catego-

2066 5479 2195 5543 rias,
2240 5488 2361 5543 quae
2394 5478 2523 5526 sunt
2567 5466 2898 5530 substantia,
2937 5462 3238 5532 quantitas,
3268 5457 3526 5528 qualitas,
3556 5469 3641 5508 re-

2064 5566 2220 5634 latio,
2252 5564 2430 5627 lectis,
2462 5569 2698 5631 tempus,
2730 5557 2898 5622 actio,
2940 5555 3150 5626 passio,
3196 5552 3439 5615 habitus,
3476 5548 3649 5615 situs,
