3994 6206
410 259 550 320 1215

1657 254 2048 316 GBEGORII
2093 254 2280 314 PALA
2293 255 2341 313 Μ
2356 255 2412 311 Αἵ

3515 241 3651 306 1216

409 382 466 428 et
520 368 1152 427 insubstantiae'caeteraa
1206 383 1403 424 omnes
1447 367 1884 424 considerantur.
1915 369 1980 420 At

2105 356 2289 426 ἑφεξῆς
2321 357 2388 427 τῇ
2414 353 2572 425 οὐσίᾳ
2595 353 3075 425 ἐνθεωρουμένων,
3097 355 3126 407 ό
3149 353 3282 418 Θεὸς
3302 354 3463 411 οὐσία
3492 357 3662 429 ὑπερ-

413 464 559 519 Deus
589 463 894 519 substantia
927 461 1472 532 supersubstantialis
1499 472 1603 522 est,
1627 463 1680 514 in
1710 477 1815 530 qua
1848 476 1982 516 cou-

411 553 731 607 siderantur
787 557 997 604 tantum
1054 550 1248 604 relatio
1277 559 1330 604 et
1368 552 1536 613 actio,
1569 549 1770 604 nullam
1823 550 1890 604 in.
1918 563 1982 602 ea

415 645 690 699 Iacientes
755 643 1207 712 compositionem
1269 652 1364 697 aut
1432 644 1808 697 mutationem.
1862 642 1987 710 Agit

412 737 557 789 enim
582 736 765 788 omnia
803 733 965 801 Deus,
997 735 1128 788 nihil
1163 735 1276 802 ipse
1309 734 1362 788 in
1401 737 1702 790 substantia
1750 737 1982 802 patiens.

402 828 512 880 'Est
568 827 729 880 etiam
791 826 1020 882 Creator
1065 826 1288 880 relative
1331 826 1397 880 ad
1455 837 1786 890 creaturam,
1822 835 1986 896 atque

421 919 743 988 principium
798 929 857 973 et
907 916 1190 985 Dominus,
1243 926 1512 987 quatenus
1547 919 1662 972 haec
1718 918 1788 973 ab
1856 919 1976 988 ipso

425 1023 613 1066 exorta
649 1020 732 1066 est
767 1026 828 1065 ac
856 1011 1148 1080 dependet.
1186 1009 1283 1065 Est
1330 1025 1549 1078 quoque
1577 1011 1739 1065 Pater
1781 1021 1985 1075 noster,

418 1105 592 1171 gratia
627 1118 724 1157 nos
760 1117 1110 1172 regenerans.
1147 1101 1240 1155 Est
1273 1101 1450 1156 adhuc
1476 1101 1638 1155 Pater
1666 1101 1889 1156 relative
1920 1102 1988 1155 ad

413 1205 679 1248 internum
735 1193 954 1257 Filium,
979 1204 1036 1248 et
1074 1193 1244 1247 Filius
1286 1193 1511 1247 relative
1542 1196 1607 1244 ait
1657 1192 1895 1257 Patrem,
1935 1202 1991 1246 et

428 1286 730 1351 procedens
763 1299 793 1336 a
825 1282 986 1336 Patre
1024 1283 1286 1350 Spiritus,
1318 1282 1409 1351 qui
1447 1293 1530 1337 est
1568 1299 1694 1337 cum
1737 1282 1899 1337 Patre
1935 1293 1991 1337 et

422 1375 558 1429 Filio
577 1387 879 1429 coaeternus
918 1384 972 1429 et
991 1373 1150 1428 unius
1168 1373 1517 1442 ejusdemque
1535 1373 1869 1428 substantiae.
1888 1372 1991 1439 Qui

422 1482 553 1520 vero
584 1467 771 1520 dicunt
805 1466 969 1520 Deum
991 1481 1111 1519 esse
1145 1479 1350 1520 merant
1390 1464 1764 1530 substantiam,
1791 1467 1844 1519 in
1884 1481 1991 1535 qua

432 1560 611 1614 nullus
651 1559 838 1614 modus
873 1558 1132 1624 resideat,
1165 1559 1244 1612 sic
1277 1559 1545 1614 actionem
1588 1559 1991 1628 operationem-

2089 446 2271 509 ούσιός
2305 447 2453 499 ἐστιν
2487 462 2500 475 ’
2536 440 2568 518 ᾖ
2617 445 2964 514 ἐνθεωρείται
3016 445 3176 514 μόνα,
3229 446 3292 500 τὸ
3348 448 3486 518 πρός
3516 449 3570 500 τί
3607 465 3665 502 τε

2094 540 2184 590 καὶ
2229 539 2291 590 τὸ
2317 539 2512 601 ποιεῖν,
2541 535 2798 605 οὐδεμίαν
2831 535 3166 605 ἐμποιοῦντα
3193 535 3368 607 ταύτῃ
3417 537 3666 592 σύνθεσιν

2093 629 2464 700 ἢάλλοίωσιν.
2525 631 2675 681 Ποιεῖ
2724 630 2833 696 γὰρ
2887 629 2958 680 τὰ
3013 629 3192 681 πάντα
3239 631 3268 682 ό
3317 629 3474 695 Θεὸς,
3504 631 3669 700 μηδὲν

2094 722 2257 784 αὐτὸς
2295 721 2518 790 πάσχων
2565 717 2686 770 κατ’
2733 718 2942 771 οὐσίαν.
2994 719 3151 770 Ἐστι
3197 717 3252 770 δὲ
3298 718 3391 770 καὶ
3443 719 3669 786 κτίστης

2096 811 2234 882 πρὸς
2297 809 2395 880 τὴν
2453 809 2650 873 κτίσιν,
2700 809 2795 861 καὶ
2848 810 2991 879 ἀρχὴ
3042 810 3139 861 καὶ
3188 808 3463 877 Δεσπότης
3502 810 3672 879 αὐτῆς

2096 905 2406 975 ἠργμένης,
2439 904 2534 956 καὶ
2555 903 2726 972 αὐτῆς
2745 901 3130 971 δουλευούσης.
3169 901 3328 954 Ἀλλά
3363 903 3458 955 καὶ
3486 903 3676 972 "ﬁt?

2098 995 2256 1066 ἡμῶν
2286 997 2456 1056 ἐστιν,
2484 995 2793 1062 ἀναγεννῶν
2819 994 2969 1062 ἡμᾶς
2994 996 3060 1063 τῇ
3096 992 3278 1063 χάριτι
3303 1010 3318 1026 ο
3349 993 3464 1046 ἐστι
3489 993 3549 1045 δὲ
3582 995 3677 1047 καὶ

2100 1087 2287 1156 Πατὴρ
2319 1086 2454 1156 πρὸς
2485 1084 2578 1137 τὸν
2607 1082 2871 1154 μηδαμῶς
2904 1084 3179 1153 ἠργμένον
3215 1085 3484 1153 χρονικῶς
3525 1084 3674 1150 Υἱὸν,

2101 1178 2194 1231 καὶ
2222 1178 2347 1240 Υἱὸς
2376 1177 2511 1247 πρὸς
2552 1176 2644 1229 τὸν
2691 1177 2914 1244 Πατέρα
2939 1191 2954 1205 ο
2996 1177 3091 1228 καὶ
3135 1175 3430 1245 πρόϐλημα
3463 1176 3677 1245 Πατρὸς

2098 1273 2160 1324 τὸ
2189 1271 2435 1340 Πνεῦμα,
2469 1270 2736 1323 συναΐόιον
2765 1269 2938 1337 Πατρι
2972 1285 3031 1321 τε
3065 1268 3160 1320 καὶ
3199 1267 3334 1336 Υἱῷ,
3378 1271 3507 1335 μιᾶς
3545 1270 3677 1323 ὄντα

2102 1365 2197 1418 καὶ
2227 1365 2328 1432 τῆς
2359 1363 2530 1433 αὐτῆς
2561 1363 2774 1424 οὐσίας.
2819 1363 2884 1414 0t
2917 1361 2973 1413 δὲ
3019 1361 3272 1429 λέγοντες
3316 1362 3504 1414 οὐσίαν
3533 1359 3677 1415 εἶναι

2103 1458 2264 1526 μόνον
2287 1456 2378 1507 τὸν
2405 1453 2559 1518 Θεὸν,
2605 1451 2772 1522 μηδὲν
2802 1450 3032 1521 ἔχουσαν
3061 1450 3520 1520 ἐνθεωρούμενον,
3553 1451 3678 1504 οὐδὲ

2100 1549 2162 1602 τὸ
2183 1552 2358 1602 ποιεῖν
2395 1546 2492 1600 καὶ
2540 1547 2808 1616 ἐνεργεῖν,
2866 1544 2987 1597 οὐδὲ
3040 1543 3102 1596 τὸ
3149 1546 3286 1612 πρός
3322 1561 3374 1596 τι
3408 1543 3555 1613 ἔχειν
3587 1545 3679 1596 τὸν

430 1669 536 1721 que
553 1661 606 1706 et
631 1651 947 1708 relationem
970 1653 1082 1706 Deo
1106 1652 1378 1707 auferunt.
1407 1651 1460 1707 Si
1489 1661 1670 1708 autem
1696 1651 1793 1707 has
1815 1653 1993 1708 inesse

2105 1641 2236 1696 Θεὸν
2274 1637 2800 1702 κατασκευάζουσιν.
2855 1636 2919 1688 Et
2981 1636 3040 1688 δὲ
3105 1636 3180 1706 μὴ
3232 1636 3404 1689 ταῦτα
3454 1637 3568 1705 ἔχει
3619 1637 3678 1690 ὃν

428 1744 538 1799 Deo
573 1756 791 1814 negant,
818 1745 950 1798 nihil
983 1745 1113 1814 agit,
1144 1746 1292 1808 facit,
1321 1754 1416 1799 aut
1447 1756 1730 1814 operatur,
1770 1758 1871 1800 nec
1908 1753 1994 1800 est

2105 1735 2258 1788 αὐτοὶ
2285 1732 2568 1803 νομίζουσι
2595 1730 2750 1793 Θεὸν,
2772 1728 2892 1784 οὐδὲ
2937 1730 3188 1801 ἐνέργειά.
3220 1730 3391 1796 ἐστιν,
3427 1731 3549 1783 οὐδὲ
3579 1731 3676 1797 δη⁸

431 1839 779 1908 principium,
807 1837 1036 1894 Creator
1077 1848 1172 1891 aut
1203 1835 1487 1900 Dominus,
1527 1850 1629 1891 nec
1670 1834 1833 1892 Pater
1895 1850 1997 1892 no-

423 1944 538 1987 eter
571 1942 652 1988 est
687 1932 982 1988 secundum
1009 1931 1259 2002 gratiam.
1281 1928 1562 1996 Quomodo
1594 1929 1738 1983 enim
1762 1929 1880 1984 haec
1910 1943 1998 1983 es-

425 2031 532 2084 set,
565 2022 618 2075 in
653 2021 956 2077 substantia
1004 2036 1100 2075 sua
1141 2020 1329 2074 modos
1362 2019 1644 2074 relationis
1671 2027 1727 2073 et
1764 2018 1996 2073 actionis

427 2129 537 2168 non
568 2113 818 2168 habens?
844 2111 1105 2167 Auferiur
1141 2113 1306 2166 etiam
1353 2125 1705 2179 personarum
1759 2111 1999 2164 diversa-

435 2219 553 2257 rum
589 2203 852 2270 Trinitas,
891 2203 934 2256 si
955 2202 1152 2256 absita
1181 2200 1276 2256 Dei
1298 2201 1602 2256 substantia
1640 2201 1832 2256 modus
1861 2199 1998 2254 rela-
2056 2257 2062 2263 ,

439 2297 628 2351 tionis.
659 2294 763 2361 Qui
794 2303 974 2348 autem
1007 2309 1108 2348 nec
1140 2295 1316 2347 tritius
1349 2295 1597 2362 personis
1626 2307 1725 2347 nec
1754 2291 1996 2346 omnium

427 2385 694 2439 Dominus
719 2394 822 2449 est,
859 2398 964 2438 non
1015 2392 1099 2438 est
1135 2381 1302 2438 Deus.
1343 2381 1502 2437 Διὴεί
1536 2397 1672 2454 ergo
1725 2391 1856 2438 sunt
1905 2381 1996 2452 qui

429 2479 508 2532 sic
532 2475 862 2532 adversariis
892 2477 1262 2530 consentiunt.

498 2640 626 2697 155.
654 2639 827 2694 llabet
854 2637 1000 2694 Deus
1034 2638 1198 2694 etiam
1229 2638 1372 2709 quod
1401 2653 1506 2696 non
1531 2645 1634 2709 gest
1661 2637 1996 2695 substantia.

424 2734 542 2789 Non
574 2743 756 2789 tamen
812 2733 942 2802 quia
991 2733 1095 2787 hoc
1127 2747 1232 2786 non
1264 2740 1349 2788 est
1383 2733 1712 2797 substantia,
1749 2731 1874 2787 ideo
1916 2737 2004 2786 est

430 2826 684 2882 accidens
717 2845 730 2880 :
772 2825 924 2892 Quod
945 2823 1090 2879 enim
1117 2823 1262 2880 haud
1301 2823 1476 2880 solum
1509 2840 1617 2880 non
1641 2824 1867 2889 recedit,
1903 2821 2000 2878 sed

433 2931 532 2972 nec
586 2926 939 2988 augmentum
988 2923 1086 2970 aut
1130 2915 1568 2970 imminutionem
1618 2928 2002 2984 quamcunque

433 3007 625 3076 recipit
655 3016 750 3062 aut
792 3008 1017 3076 patitur,
1053 3005 1277 3062 minime
1327 3006 1674 3062 annumerari
1705 3014 1885 3075 potest
1907 3019 2002 3059 ac-

427 3101 758 3156 cidentibus.
792 3097 898 3154 Sed
925 3115 990 3154 ex
1019 3112 1087 3154 eo
1117 3101 1262 3169 quod
1321 3113 1498 3168 neque
1545 3099 1798 3154 accidens
1825 3111 2001 3167 neque
2026 3083 2072 3145 C

428 3192 738 3250 substantia
792 3191 884 3256 sit,
914 3206 1024 3246 non
1074 3190 1197 3246 ideo
1233 3205 1443 3246 merum
1471 3200 1556 3246 est
1619 3189 1867 3256 nihilum,
1903 3189 1999 3244 sed

441 3290 656 3348 exsistit
687 3298 741 3345 et
772 3288 1058 3344 verissime
1088 3288 1326 3343 exsistit.
1351 3287 1513 3356 Atqui
1572 3302 1676 3342 non
1729 3296 1818 3342 est
1859 3287 2003 3340 acci-

430 3382 588 3447 dens,
610 3379 740 3450 quia
773 3378 996 3434 omnino
1041 3377 1378 3432 immutabile
1423 3385 1551 3434 est:
1603 3390 1708 3431 nec
1743 3384 1827 3430 est
1871 3378 2003 3429 sub-

439 3473 712 3542 sistentia,
747 3472 877 3542 quia
930 3486 1036 3526 non
1092 3479 1175 3525 est
1202 3485 1298 3525 ens
1340 3470 1394 3524 in
1430 3484 1490 3524 se
1520 3469 1843 3525 subsistens.
1877 3467 2004 3522 Ideo

440 3569 700 3624 accidens
755 3567 1102 3636 aliquatenus
1168 3580 1198 3619 a
1259 3565 1540 3621 nonnullis
1596 3563 1727 3618 illud
1781 3570 2006 3617 vocatur

440 3660 726 3731 theologis,
751 3661 845 3730 qui
891 3661 1178 3714 ostendere
1224 3667 1434 3712 tantum
1493 3657 1684 3711 volunt
1720 3657 1850 3710 illud
1894 3671 2002 3709 non

437 3768 562 3808 esse
631 3753 1020 3808 substantiam.
1085 3750 1226 3817 Quid
1292 3749 1482 3804 enim?
1538 3750 1666 3818 quia
1721 3747 2008 3818 personale

434 3845 690 3916 quodque
735 3845 1059 3900 attributum
1105 3852 1160 3900 et
1205 3857 1564 3912 personarum
1626 3855 2029 3921 unaquaeque,’

433 3955 540 3996 uec
584 3937 894 3994 substautia
943 3947 1026 3992 est
1057 3951 1160 3992 nec
1200 3935 1456 3990 accidens
1487 3934 1543 3988 in
1574 3931 1702 3998 Deo,
1730 3948 1859 3987 num
1930 3931 2008 3985 id-

443 4033 590 4088 circo
620 4045 828 4086 merum
850 4037 934 4084 est
965 4026 1240 4082 nihilum?
1261 4025 1436 4080 Absit.
1465 4021 1598 4078 ltem
1636 4022 1798 4092 igitur
1820 4020 2004 4075 divina

443 4126 537 4180 Dei
562 4124 808 4194 operatio
849 4137 948 4178 nec
977 4121 1286 4176 substantia
1337 4134 1437 4173 nec
1472 4117 1727 4172 accidens
1768 4123 1877 4180 est,
1910 4127 2009 4168 nec

439 4228 619 4272 tamen
654 4231 863 4271 merum
893 4223 978 4270 est
1005 4213 1251 4268 nihilum.
1283 4209 1346 4264 Et
1375 4219 1437 4264 ut
1479 4211 1656 4264 dicam
1685 4207 1832 4277 quod
1885 4220 2009 4260 om-

441 4323 540 4365 nes
569 4308 867 4362 admittunt
890 4302 1150 4369 theologi,
1181 4302 1225 4355 si
1255 4300 1542 4357 voluntate
1571 4299 1683 4368 agit
1719 4297 1888 4362 Deus,
1906 4309 2010 4350 nec

441 4413 589 4456 iners
609 4409 818 4462 natura,
863 4396 971 4450 alia
1027 4395 1188 4463 igitur
1241 4404 1324 4448 est
1371 4393 1622 4447 voluntas
1678 4405 1841 4459 quam
1899 4403 2002 4443 na-
2037 4374 2080 4429 υ

440 4502 587 4547 tura.
628 4490 686 4545 Si
714 4499 894 4542 autem
934 4486 1119 4542 divina
1152 4485 1405 4540 voluntas
1440 4483 1548 4537 alia
1597 4492 1681 4538 est
1710 4497 1873 4551 quam
1911 4495 2008 4534 na-

441 4595 564 4638 tura
601 4583 807 4646 diviua,
834 4594 935 4634 nec
983 4588 1161 4634 tamen
1219 4587 1302 4632 est
1349 4574 1676 4640 substantia,
1703 4588 1830 4628 num
1887 4572 2010 4627 ideo

441 4675 757 4732 nullatenus
783 4671 1036 4728 exsistit?
1089 4669 1560 4740 Haudquaquam;
1609 4671 1706 4722 sed
1755 4665 2004 4730 exsistit,

440 4772 567 4842 quia
600 4771 744 4826 Deus
770 4783 884 4823 non
915 4765 1277 4822 substantiam
1313 4764 1512 4828 solum,
1533 4761 1630 4817 sed
1663 4771 1718 4816 et
1757 4759 2011 4815 volunta-

442 4875 548 4919 tem
579 4862 746 4916 habet
779 4873 888 4929 qua
920 4859 1054 4929 agit,
1084 4857 1200 4912 sive
1230 4855 1484 4909 accidens
1532 4853 1673 4908 forte
1711 4852 1854 4906 hanc
1903 4849 2010 4904 ali-

443 4953 571 5025 quis
603 4966 804 5008 vocare
833 4949 963 5004 velit
992 4957 1264 5016 quatenus
1294 4961 1399 5001 non
1422 4953 1507 5000 est
1541 4943 1866 5005 substantia,
1895 4942 2010 4997 sive

452 5055 558 5096 non
606 5037 861 5094 accidens
923 5045 1192 5104 quatenus
1240 5033 1441 5089 nullam
1485 5033 1618 5088 facit
1663 5031 2012 5100 compositio-

443 5149 564 5189 nem
595 5141 686 5188 aut
713 5131 1085 5186 mutationem.
1108 5126 1278 5184 Habet
1291 5128 1452 5198 igitur
1478 5125 1644 5190 Deus,
1673 5135 1728 5181 et
1758 5125 1904 5194 quod
1927 5133 2012 5179 est

449 5225 778 5290 substantia,
809 5232 863 5277 et
891 5221 1036 5289 quod
1069 5235 1174 5275 non
1202 5229 1286 5274 est
1322 5219 1644 5283 substantia,
1669 5217 1917 5288 quamvis
1956 5217 2010 5270 id

446 5337 550 5375 non
584 5327 806 5374 vocetur
831 5315 1109 5379 accidens,
1139 5313 1379 5368 divinam
1433 5313 1644 5368 scilicet
1675 5310 2010 5366 voluntatem

442 5423 499 5467 et
525 5410 929 5480 operationem.

516 5503 643 5559 156.
671 5502 941 5564 Essentta,
965 5500 1011 5554 si
1032 5514 1137 5554 non
1159 5496 1531 5568 operationem
1553 5496 1752 5552 habeat
1775 5510 1807 5551 a
1831 5495 2011 5562 seipsa

446 5595 784 5658 distinctam.
811 5595 1035 5648 mitnine
1069 5602 1150 5647 est
1181 5591 1508 5656 subsistens,
1538 5591 1630 5646 sed
1665 5605 1815 5645 mera
1857 5589 2044 5644 intel-_

448 5687 618 5741 lectus
643 5690 782 5743 idea.
819 5688 952 5742 Nam
986 5687 1152 5742 homo
1184 5686 1237 5739 in
1281 5701 1464 5756 gsner:
1505 5687 1683 5742 dictus
1725 5701 1831 5740 non
1864 5685 2014 5754 cogi-

2107 1826 2385 1898 μιουργὸς,
2419 1824 2538 1878 οὑδέ
2567 1821 2846 1894 ἐνέργειαν
2882 1820 2997 1892 ἔχει
3029 1838 3041 1850 ·
3067 1822 3183 1874 ἀλλ’
3231 1823 3354 1875 οὑδέ
3403 1823 3546 1893 ἀρχὴ
3584 1824 3677 1875 καὶ

2105 1917 2329 1985 κτίστης
2351 1915 2446 1968 καὶ
2481 1913 2754 1983 Δεσπότης
2790 1931 2804 1944 ο
2845 1913 2964 1966 οὐδὲ
2989 1911 3178 1982 Πατὴρ
3208 1912 3364 1982 ἡμῶν
3395 1913 3514 1964 ἐστι
3538 1914 3681 1965 κατὰ

2104 2008 2285 2080 χάριν.
2320 2006 2443 2070 Πῶς
2477 2005 2588 2075 γὰρ
2617 2004 2682 2059 ἂν
2713 2005 2798 2074 εἴη
2821 2003 3013 2064 ταῦτα,
3049 2003 3126 2074 μὴ
3163 2001 3579 2072 ἐνθεωρούμενα
3610 2005 3676 2074 τῇ

2105 2098 2228 2152 καθ’
2261 2096 2452 2150 ἐαυτὸν
2482 2095 2661 2166 οὐσίᾳ,
2697 2095 2834 2166 ἔχων
2863 2094 2923 2147 τὸ
2975 2094 3109 2164 πρός
3142 2093 3196 2146 τι
3220 2111 3280 2146 τε
3332 2095 3424 2148 καὶ
3460 2098 3676 2161 ποιεῖν;

2107 2187 2590 2260 συναναιρεῖταιδέ
2617 2188 2711 2240 καὶ
2737 2188 2797 2241 τὸ
2823 2189 3250 2258 τρισυπόστατον
3274 2188 3370 2257 τῆς
3399 2187 3676 2254 θεότητος,

2107 2284 2158 2339 ει
2192 2281 2267 2353 μὴ
2299 2283 2366 2352 τῇ
2388 2280 2482 2334 τοῦ
2511 2279 2646 2334 Θεοῦ
2666 2279 2824 2350 οὐσίᾳ
2853 2278 3286 2349 ἐνθεωρούμενόν
3306 2280 3422 2330 ἐστι
3457 2280 3519 2331 τὸ
3542 2280 3679 2346 πρός

2094 2389 2170 2426 τι.
2205 2372 2266 2424 '0
2293 2370 2352 2424 δὲ
2392 2369 2466 2440 μὴ
2493 2367 2946 2438 τρισυπόστατος,
2971 2365 3089 2418 οὑδέ
3117 2365 3212 2417 τοῦ
3245 2369 3445 2428 παντὸς
3476 2369 3681 2420 Δεσπό-

2096 2480 2195 2536 της
2217 2463 2340 2516 οὐδέ
2362 2461 2517 2525 Θεός.
2552 2459 2738 2513 Ἀθεοι
2760 2451 3051 2529 τοιγαροῦν
3104 2459 3244 2510 εἰσιν
3277 2459 3326 2511 οἱ
3367 2457 3511 2512 οὕτω
3538 2456 3686 2513 κατὰ

2098 2554 2225 2616 τοὺς
2246 2552 2523 2614 ἐναντίους
2553 2551 2898 2622 φρονοῦντες.

2173 2645 2300 2716 ρλε’.
2338 2645 2493 2715 Ἔχει
2517 2647 2545 2698 ὁ
2572 2643 2728 2709 Θεὸς,
2757 2644 2854 2698 καὶ
2897 2644 2926 2696 ὃ
2968 2645 3042 2714 μή
3074 2644 3226 2697 ἐστιν
3257 2644 3434 2697 οὐσία.
3464 2645 3538 2697 Οὐ
3574 2643 3687 2715 μὴν

2097 2739 2180 2793 ὅτι
2200 2737 2358 2791 τοῦτο
2386 2738 2486 2790 οὐκ
2517 2737 2662 2791 ἐστιν
2689 2735 2872 2802 οὐσία,
2919 2736 3264 2808 συμϐεϐηκός
3294 2737 3411 2788 ἐστι
3441 2753 3457 2768 ο
3487 2737 3548 2788 τὸ
3573 2737 3688 2806 γὰρ

2103 2831 2179 2902 μὴ
2227 2831 2386 2902 μόνον
2434 2831 2535 2883 οὐκ
2590 2831 3009 2900 ἀπογινόμενον,
3041 2829 3157 2882 ἀλλ’
3207 2829 3315 2882 οὐδ’
3371 2828 3601 2898 αὔξησιν
3651 2830 3686 2898 ἢ

2104 2923 2330 2994 μείωσιν
2379 2921 2668 2992 ἡντιναοῦν
2709 2921 3115 2992 ἐπιδεχόμενον,
3170 2922 3202 2992 ἢ
3253 2921 3537 2990 ἐμποιοῦν,
3584 2923 3689 2973 οὐκ

2101 3016 2215 3069 ἐσθ’
2245 3016 2394 3080 ὅπως
2424 3015 2490 3070 ἂν
2517 3015 2903 3085 συναριθμοῖτο
2931 3015 3045 3078 τοῖς
3072 3013 3496 3084 συμϐεϐηκόσιν.
3541 3012 3687 3064 Ἀλλ’

2099 3111 2197 3180 οὐχ
2239 3111 2322 3163 ὅτι
2376 3110 2513 3180 μήτε
2543 3106 2895 3180 συμϐεϐηκός
2926 3109 3044 3160 ἐστι
3079 3105 3258 3168 τοῦτο,
3315 3106 3453 3175 μήτε
3502 3103 3688 3168 οὐσία,

2098 3204 2208 3256 τῶν
2241 3203 2464 3273 μηδαμῆ
2509 3201 2776 3273 μηδαμῶς
2823 3201 2994 3254 ὅντων
3049 3199 3197 3252 ἐστίν
3225 3214 3241 3230 ο
3296 3197 3412 3252 ἀλλ’
3444 3197 3562 3250 ἐστι
3592 3196 3690 3250 καὶ

2100 3294 2176 3358 ῶς
2205 3293 2424 3363 ἀληθῶς
2456 3295 2628 3348 ἐστιν.
2665 3293 2741 3346 υύ
2776 3292 3124 3362 συμϐεϐηκὸς
3164 3289 3222 3344 δέ
3276 3291 3448 3354 ἐστιν,
3499 3288 3688 3359 ἐπειδὴ

2101 3389 2448 3442 παντάπασιν
2475 3385 2854 3457 ἀμετάϐλητόν
2887 3386 3056 3438 ἐστιν.
3112 3381 3252 3437 Ἀλλ’
3310 3383 3432 3435 οὺδέ
3485 3381 3648 3434 οὐσία
3673 3395 3687 3409 ·

2100 3481 2327 3554 καὶγὰρ
2363 3482 2424 3534 οὐ
2471 3482 2578 3534 τῶν
2622 3479 2746 3532 καθ’
2793 3479 2953 3532 ἑαυτὸ
2983 3478 3368 3548 ὑφεστηκότων
3396 3477 3566 3528 ἐστίν.
3598 3475 3691 3528 Διὸ

2103 3573 2200 3628 καὶ
2222 3572 2569 3643 συμϐεϐηκός
2607 3570 2722 3634 πῶς
2760 3572 2875 3623 ἐστι
2922 3572 3052 3640 παρ’
3107 3564 3183 3623 ὧν
3232 3568 3500 3636 θεολόγων
3526 3567 3692 3620 τοῦτο

2104 3666 2360 3735 λέγεται·
2414 3666 2573 3718 τοῦτο
2624 3664 2950 3718 δεικνύντων
3005 3663 3188 3733 μόνον,
3243 3663 3324 3714 ὅτι
3383 3661 3486 3713 οὐκ
3541 3659 3690 3712 ἐστιν

2103 3757 2280 3812 οὐσία.
2318 3757 2385 3810 Τί
2417 3756 2546 3826 γὰρ,
2601 3756 2726 3809 ἐπεὶ
2751 3757 2846 3809 καὶ
2872 3755 2982 3808 τῶν
3007 3754 3388 3808 ὑποστατικῶν
3433 3753 3689 3813 ἕκαστον,

2104 3849 2339 3905 καὶτῶν
2378 3850 2730 3904 ὐποστάσεων
2776 3848 3004 3916 ἐκάστη,
3052 3850 3134 3901 ὅτι
3180 3847 3319 3916 μήτε
3351 3844 3513 3898 οὐσία
3547 3844 3690 3906 ἐστὶ,

2106 3944 2244 4014 μήτε
2275 3942 2622 4013 συμϐεϐηκὸς
2654 3941 2750 3995 ἐπὶ
2771 3940 2930 4004 Θεοῦ,
2959 3940 3048 3992 διὰ
3078 3939 3235 3992 τοῦτο
3271 3937 3379 3989 τῶν
3421 3936 3691 4006 μηδαμῶς

2102 4035 2272 4089 ὄντων
2326 4035 2520 4097 ἐστῖνς
2566 4035 2808 4102 Ἀπαγε.
2861 4034 2967 4085 Τὸν
2998 4032 3161 4084 αὑτὸν
3197 4030 3291 4082 οῦν
3337 4030 3542 4096 τρόπον
3593 4029 3691 4079 καὶ

2104 4133 2138 4203 ἠ
2170 4131 2288 4184 θεία
2320 4130 2414 4184 τοῦ
2442 4129 2577 4182 Θεοῦ
2611 4129 2884 4200 ἐνέργεια,
2936 4127 3061 4180 οὔτε
3099 4126 3278 4186 οὐσία,
3317 4122 3443 4176 οὔτε
3488 4119 3700 4190 συμϐεο

2105 4223 2274 4293 ϐηκός
2307 4225 2424 4276 ἐστι
2445 4240 2459 4254 ·
2506 4222 2598 4276 καὶ
2631 4221 2740 4274 τῶν
2782 4218 3050 4290 μηδαμῶς
3077 4220 3248 4272 ὄντων
3275 4217 3374 4268 οὐκ
3402 4215 3542 4268 ἐστι.
3584 4215 3696 4266 Καὶ

2105 4315 2174 4367 ἵν’
2224 4313 2366 4367 εἴπω
2398 4314 2458 4367 τὸ
2481 4315 2616 4367 πᾶσι
2643 4315 2757 4376 τοῖς
2801 4312 3073 4380 Θεολόγοις
3127 4309 3416 4363 συνδοκοῦν
3446 4325 3462 4339 ·
3527 4309 3588 4361 Et
3635 4308 3698 4360 τὸ

2107 4407 2394 4478 βούλεσθαι
2447 4408 2592 4459 ποιεῖ
2617 4407 2644 4459 ό
2667 4405 2821 4468 Θεὸς,
2849 4404 2964 4458 ἀλλ’
3003 4403 3100 4472 οὐχ
3127 4402 3313 4464 ἁπλῶς
3338 4402 3416 4471 τῷ
3450 4402 3698 4470 πεφυκέ-

2105 4518 2213 4558 ναι,
2245 4499 2374 4552 ἄλλο
2401 4499 2510 4570 ἄρα
2539 4499 2600 4551 τὸ
2631 4497 2944 4566 βούλεσθαι,
2989 4497 3084 4548 καὶ
3115 4496 3305 4564 ἕτερον
3342 4494 3403 4546 τὸ
3446 4495 3696 4560 πεφυκέ-

2105 4610 2216 4646 ναι.
2257 4593 2319 4646 Εἰ
2376 4591 2435 4645 δὲ
2481 4589 2638 4643 τοῦτο
2694 4590 2788 4642 καὶ
2845 4591 2878 4659 ἠ
2938 4589 3056 4641 Θεία
3115 4587 3276 4657 βουλὴ
3315 4586 3416 4652 τῆς
3479 4585 3699 4654 φύσεως

2105 4683 2291 4752 ἕτερόν
2315 4683 2463 4736 ἐστιν
2489 4683 2580 4734 ἐπὶ
2606 4681 2764 4742 Θεοῦ,
2794 4682 2883 4732 καὶ
2905 4681 3004 4733 οὐκ
3041 4679 3188 4731 ἐστιν
3217 4678 3393 4740 οὐσία,
3424 4676 3512 4728 διὰ
3538 4675 3698 4727 τοῦτο

2105 4774 2357 4846 οὐδαμῶς
2380 4777 2528 4827 ἐστιν
2556 4791 2571 4840 ;
2602 4772 2881 4844 Οὑμενοῦν
2907 4789 2921 4803 ο
2975 4771 3088 4825 ἀλλ’
3121 4772 3257 4831 ἐστι,
3299 4771 3393 4822 καὶ
3425 4768 3519 4822 τοῦ
3559 4767 3698 4820 Θεοῦ

2109 4866 2204 4920 τοῦ
2243 4867 2318 4936 μὴ
2359 4865 2548 4919 οὐσίαν
2575 4881 2756 4936 μονον,
2795 4863 2932 4916 ἀλλὰ
2964 4863 3060 4915 καὶ
3091 4861 3288 4931 βουλὴν
3327 4859 3545 4930 ἔχοντος
3575 4859 3698 4912 καθ’

2110 4957 2178 5027 ἢν
2227 4958 2396 5020 ποιεῖ,
2441 4955 2546 5009 κᾶν
2603 4953 2950 5024 συμϐεϐηκός
2989 4969 3108 5014 πως
3140 4951 3347 5020 ταύτην
3398 4966 3484 5011 τις
3538 4949 3697 5019 ἐθέλῃ

2111 5049 2296 5103 καλεῖν
2325 5048 2402 5110 ὡς
2453 5047 2527 5117 μὴ
2581 5047 2770 5099 οὐσίαν
2825 5040 3013 5109 οὖσαν,
3077 5044 3180 5095 κᾶν
3219 5043 3292 5112 μὴ
3325 5040 3695 5110 συμϐεϐηκὸς,

2109 5141 2185 5206 ὡς
2252 5140 2525 5212 μηδεμίαν
2577 5137 2913 5208 ἐμποιοῦσαν
2967 5135 3238 5198 σύνθεσιν,
3290 5135 3322 5204 ἢ
3386 5132 3695 5186 ἀλλοίωσιν.

2116 5233 2271 5301 Ἔχει
2319 5231 2428 5301 ἄρα
2477 5231 2506 5282 ό
2555 5227 2687 5290 Θεὸς
2738 5228 2829 5281 καί
2875 5227 2904 5278 ὃ
2936 5226 3116 5289 οὐσία,
3149 5224 3243 5278 καὶ
3297 5224 3327 5276 δ
3385 5224 3460 5293 μὴ
3515 5224 3695 5287 οὐσία,

2114 5324 2214 5378 κᾶν
2248 5325 2296 5376 εἰ
2343 5323 2417 5393 μὴ
2449 5321 2795 5391 συμϐεϐηκὸς
2829 5323 3066 5386 καλοῖτο,
3116 5318 3215 5390 τὴν
3269 5316 3419 5372 Θείαν
3452 5316 3696 5388 δηλονότι

2116 5417 2310 5489 βουλὴν
2345 5416 2439 5469 καὶ
2474 5414 2774 5485 ἐνέργειαν.

2186 5509 2326 5580 ρλς’.
2379 5508 2444 5559 Ἦ
2487 5506 2644 5558 οὐσία
2671 5506 2718 5556 εἰ
2754 5503 2828 5573 μὴ
2862 5504 3140 5572 ἐνέργειαν
3180 5503 3293 5574 ἔχει
3329 5503 3694 5573 διαφέρουσαν

2115 5601 2336 5670 ἐαυτῆς,
2406 5599 2775 5659 ἀνυπόστατος
2827 5597 2980 5649 ἔσται
3030 5597 3252 5658 τελέως,
3312 5596 3406 5648 καὶ
3461 5593 3693 5654 διανοεας

2118 5695 2254 5767 μόνη
2285 5692 2569 5764 θεώρημα.
2613 5691 2670 5743 ⁸0
2692 5691 2800 5760 γὰρ
2825 5690 3051 5744 καθόλου
3074 5689 3365 5758 λεγόμενος
3388 5686 3689 5756 ἅνθρωπος,
