3994 6206
399 289 532 359 1217
592 293 611 312 ⁹

1307 297 1582 356 CAPITA
1639 296 1989 371 PHYSICA,
2026 299 2534 372 THEOLOGICA,
2578 304 2743 368 ETC.

3519 308 3653 373 1213

393 403 454 454 οὐ
483 402 796 468 διανοεῖται,
824 402 886 456 οὐ
921 403 1155 471 δοξάζει,
1183 403 1282 476 οὐχ
1307 406 1431 477 δρᾷ,
1463 408 1561 460 οὐκ
1599 408 1951 482 ὁσφραίνεται

2079 420 2178 479 tat,
2213 430 2322 470 non
2394 418 2674 483 opinatur,
2706 434 2812 473 non
2843 420 3013 487 videt,
3063 435 3171 475 non
3227 420 3508 489 odoratur,
3540 439 3649 477 non

391 493 452 545 οὐ
474 491 648 553 λαλεῖ,
688 493 788 545 οὐκ
839 494 1053 557 ἀκούει,
1104 495 1166 548 οὐ
1200 498 1519 565 περιπατεῖ,
1570 498 1671 551 οὐκ
1722 500 1974 566 ἀναπνεῖ,

391 582 492 634 οὐκ
527 581 718 646 ἐσθίει,
756 584 851 636 καὶ
896 584 1085 648 ἁπλῶς
1135 586 1332 653 εἰπεῖν,
1381 588 1483 641 οὐκ
1539 588 1651 659 ἔχει
1694 589 1975 660 ἐνέργειαν

390 673 754 743 διαφέρουσαν
780 676 879 745 τῆς
910 677 1115 743 οὐσίας,
1158 678 1253 731 καὶ
1303 678 1591 733 δεικνῦσαν
1644 680 1728 734 ὄτι
1752 682 1810 735 ἐν
1839 682 1976 736 ὐπο-

393 765 579 816 στάσει
630 766 747 818 ἐστί
781 780 793 794 ⁸
834 766 914 819 διὸ
945 768 1040 820 καὶ
1087 769 1286 833 τελέως
1332 771 1703 835 ἀνυπόστατός
1752 773 1902 828 ἐστιν
1943 775 1973 829 δ

387 857 619 909 καθόλου
644 857 954 928 ἄνθρωπος.
1008 860 1067 914 ⁸0
1097 860 1154 914 δὲ
1200 863 1484 934 ἐνέργειαν
1539 864 1780 934 ἔμφυτον
1831 864 1971 936 ἔχων

384 948 748 1018 διαφέρουσαν
775 953 876 1021 τῆς
901 951 1110 1019 οὐσίας,
1144 952 1453 1025 ἄνθρωπος,
1488 956 1695 1025 μίαν,ἢ
1728 956 1968 1023 πλείους,

385 1040 418 1110 ἢ
452 1041 634 1102 πάσας
676 1041 914 1112 οἵασπερ
952 1042 1184 1115 ἔφημεν,
1219 1045 1279 1111 ἐξ
1306 1048 1485 1101 αὐτῶν
1514 1048 1843 1119 γνωρίζεται
1888 1050 1970 1103 ὅτι

384 1132 442 1182 ἐν
463 1131 761 1185 ὑποστάσει
795 1135 933 1197 ἐστὶ,
964 1137 1059 1189 καὶ
1109 1138 1210 1191 οὐκ
1239 1140 1615 1204 ἀνυπόστατός
1640 1144 1789 1195 ἐστιν
1820 1144 1847 1195 ὁ
1872 1142 1969 1196 άν-

385 1220 620 1291 θρωπος.
640 1222 794 1275 Ἐπεὶ
815 1223 869 1277 δέ
896 1226 953 1277 αἱ
978 1226 1223 1282 τοιαῦται
1252 1231 1547 1301 ἐνέργειαι,
1577 1232 1678 1285 οὐκ
1717 1233 1805 1301 ἐφ’
1829 1213 1965 1297 ἐνὸς,

382 1313 414 1381 ἢ
449 1313 563 1378 δύο,
599 1314 631 1383 ἢ
664 1316 851 1385 τριῶν,
884 1318 999 1371 ἀλλ’
1045 1320 1140 1373 ἐπὶ
1166 1321 1430 1375 πλειόνων
1460 1324 1540 1395 τῷ
1577 1325 1799 1397 ἀριθμῷ
1836 1327 1971 1381 θεω-

383 1404 622 1473 ροῦνται,
661 1407 937 1463 δείκνυται
989 1408 1133 1469 εἶναι
1182 1416 1276 1470 τὸν
1321 1416 1608 1488 ἄνθρωπον
1643 1420 1700 1472 ἐν
1729 1419 1969 1475 ὑποστά-

381 1516 496 1553 σεσι
533 1501 773 1573 μυρίαις.

454 1592 587 1662 ρλζ’.
635 1594 695 1647 ’0
724 1596 855 1660 Θεὸς
900 1598 1039 1651 κατὰ
1085 1601 1185 1670 τὴν
1234 1601 1323 1655 διὰ
1371 1604 1472 1675 τῆς
1524 1605 1689 1660 αὐτοῦ
1741 1606 1967 1679 χάριτος

380 1685 683 1756 ἡμετέραν,
741 1690 842 1759 τῆς
869 1692 1037 1745 αὐτοῦ
1067 1693 1211 1761 λέγω
1275 1696 1607 1770 Ἐκκλησίας
1659 1698 1962 1765 εὐσεϐείας,

384 1778 669 1847 ἐνέργειαν
703 1780 944 1851 ἔμφυτον
973 1785 1113 1855 ἔχων
1132 1787 1410 1860 δεικτικὴν
1438 1789 1655 1856 ἐαυτοῦ,
1696 1792 1792 1844 καὶ
1823 1792 1966 1845 κατὰ

252 1932 271 1937 κ
380 1869 543 1923 τοῦτο
574 1873 940 1945 διαφέρουσαν
976 1878 1079 1947 τῆς
1109 1880 1297 1944 οὐσίας
1330 1882 1517 1937 αὐτοῦ.
1543 1884 1654 1936 Καὶ
1682 1883 1792 1955 γὰρ
1823 1902 1963 1954 προ-

380 1960 642 2029 γινώσκει
680 1982 738 2018 τε
782 1969 878 2021 καὶ
906 1974 1213 2040 προνοεῖται
1253 1973 1363 2027 τῶν
1395 1974 1825 2049 ὑποδεεστέρων,
1868 1977 1962 2031 καὶ

380 2053 709 2127 δημιουργεῖ
736 2059 932 2126 ταῦτα,
969 2064 1063 2115 καὶ
1108 2069 1385 2137 συντηρεῖ,
1433 2068 1531 2122 καὶ
1564 2068 1836 2134 δεσπόζει,
1867 2069 1963 2123 καὶ

382 2147 779 2213 μετασκευάζει
810 2151 933 2205 κατ’
970 2154 1180 2209 οἰκείαν
1214 2156 1468 2228 βούλησιν
1495 2159 1572 2223 ὡς
1597 2157 1737 2213 οἶδεν
1775 2164 1957 2226 αυτὸν,

376 2237 436 2289 ἐν
457 2239 757 2322 ὑποστάσει
779 2243 1055 2299 δείκνυται
1070 2247 1168 2315 ὢν,
1188 2249 1305 2304 ἀλλ’
1324 2253 1427 2305 οὐκ
1456 2253 1615 2306 οὐσία
1635 2254 1797 2323 μόνον
1826 2255 1960 2308 ἁνδ-

377 2329 666 2394 πόστατος.
702 2333 859 2388 Ἐπεὶ
887 2333 945 2389 δὲ
971 2338 1027 2392 αί
1060 2339 1306 2394 τοιαῦται
1334 2345 1505 2397 πᾶσαι
1546 2346 1960 2415 ἐνέργειαι,οὐκ

376 2415 468 2486 ἐφ’
494 2416 637 2482 ἐνὸς,
663 2417 782 2470 ἀλλ’
808 2418 867 2471 ἐν
889 2418 1072 2490 τρισὶν
1098 2420 1464 2476 ὑποστάσεσιν
1488 2422 1749 2492 ὑπάρχων
1779 2426 1809 2477 ὁ
1832 2423 1965 2488 Θεὸς

376 2508 510 2577 ἡμῖν
543 2509 895 2579 γνωρίζεται.
952 2510 1015 2563 Οί
1060 2509 1118 2563 δέ
1178 2512 1568 2583 ἀντικείμενοι,
1602 2512 1853 2581 λέγοντες
1885 2513 1962 2584 μὴ

376 2599 521 2670 ἔχειν
549 2599 644 2655 τδν
670 2600 803 2654 Θεὸν
833 2602 1118 2673 ἐνέργειαν
1141 2602 1383 2674 ἔμφυτον
1416 2602 1694 2675 δεικτικὴν
1737 2602 1959 2668 ἐαυτοῦ,

376 2693 641 2747 καὶκατὰ
666 2693 825 2746 τοῦτο
851 2692 1221 2765 διαφέρουσαν
1268 2696 1370 2766 τῆς
1400 2696 1588 2759 οὐσίας
1635 2696 1827 2761 αὐτοῦ,
1861 2698 1961 2751 οὐκ

375 2783 436 2836 ἐν
458 2783 757 2839 ὑποστάσει
778 2784 1031 2852 λέγουσιν
1062 2782 1203 2840 εἶναι
1228 2786 1322 2842 τὸν
1351 2786 1506 2850 Θεὸν,
1541 2786 1632 2841 καὶ
1655 2786 1958 2841 ἀνυπόστα-

373 2892 467 2928 τον
489 2876 691 2940 τελέως
722 2876 939 2930 ποιοῦσι
965 2878 1059 2931 τὸν
1092 2879 1522 2949 τρισυπόστατον
1559 2878 1765 2950 Κύρων
1790 2895 1805 2911 ’
1828 2896 1960 2933 τοσ-

372 2964 529 3018 οῦτον
579 2965 1014 3035 ὑπερϐάλλοντες
1058 2966 1350 3038 κακοδοξίᾳ
1408 2967 1499 3021 τὸν
1544 2968 1712 3021 Λίϐυν
1757 2968 1960 3022 Σαδάλ-

372 3056 509 3121 λιον,
540 3058 665 3112 ὅσον
692 3058 853 3113 πλέον
882 3061 963 3124 είς
1011 3060 1211 3114 κακίαν
1265 3059 1381 3132 ἔχει
1438 3062 1537 3132 τῆς
1578 3060 1948 3130 δυσσεϐείαςή
1975 3107 2020 3165 c

369 3149 616 3205 ὰσέσεια.

444 3240 578 3311 ρλη’.
608 3241 729 3295 Τῶν
785 3242 954 3315 τριῶν
1007 3242 1167 3296 θείων
1222 3243 1596 3311 ὐποστάσεων,
1629 3244 1690 3298 οὐ
1749 3245 1849 3315 μία
1877 3244 1954 3308 ὡς

364 3333 528 3403 ὁμοία
564 3336 597 3403 ἡ
653 3335 927 3403 ἐνέργεια,
990 3336 1243 3408 καθάπερ
1296 3337 1382 3406 ἐφ’
1430 3337 1608 3408 ἡμῶν,
1655 3336 1794 3390 ἀλλὰ
1853 3337 1951 3407 μία

362 3423 534 3487 ὅντως
562 3426 658 3478 καὶ
682 3426 761 3497 τῷ
814 3426 1055 3499 ἀριθμῷ.
1110 3428 1288 3499 Ὅπερ
1340 3430 1387 3481 oi
1442 3430 1511 3482 τά
1549 3429 1658 3482 τῶν
1695 3430 1954 3483 ἐναντίων

330 3518 688 3587 ⁴φρονοῦντες
749 3520 933 3587 λέγειν
995 3520 1057 3573 οὐ
1111 3520 1369 3574 δύνανται
1396 3538 1409 3552 ’
1479 3521 1605 3574 ἐπεὶ
1651 3522 1726 3593 μὴ
1766 3523 1951 3592 κοινὴν

361 3608 504 3663 εἶναι
533 3610 643 3663 τῶν
667 3610 836 3681 τριῶν
875 3612 1133 3666 ἄκτιστον
1158 3612 1442 3683 ἐνέργειάν
1473 3630 1663 3682 φασιν,
1692 3614 1827 3668 ἀλλά
1854 3613 1951 3667 καὶ

356 3704 605 3773 ἀλλήλων
629 3704 726 3768 τὰς
750 3706 1076 3769 ὑποστάσεις
1104 3708 1385 3777 ἐνεργείας
1410 3702 1548 3762 εἶναι
1575 3708 1845 3777 λέγουσιν,
1871 3711 1948 3773 ὡς

361 3794 440 3866 μὴ
471 3796 659 3866 κοινῆς
687 3796 855 3867 οὐσης
884 3799 1004 3852 κατ’
1036 3797 1236 3863 αὐτοὺς
1269 3798 1421 3863 θείας
1444 3800 1726 3869 ἐνεργείας
1760 3818 1774 3833 ·
1805 3800 1946 3855 ὥστε

355 3887 468 3939 οὐδ’
504 3887 676 3952 οὕτως
706 3889 889 3959 ἔχουσι
914 3889 1092 3958 λέγειν
1121 3891 1251 3960 μίαν
1283 3891 1391 3945 τῶν
1421 3893 1591 3964 τριῶν
1622 3895 1936 3966 ἐνέργειαν·

354 3978 493 4031 ἀλλὰ
533 3981 629 4031 καὶ
663 3979 851 4033 άλλοτε
889 3979 1058 4047 ἄλλην
1105 3980 1281 4044 οὕτως
1329 3982 1700 4054 ἀναιροῦντες,
1738 3985 1945 4040 άνυπό-

354 4084 549 4122 στατον
582 4070 876 4125 κάντεῦθεν
897 4071 1113 4127 ποιοῦσι
1141 4073 1233 4126 τὸν
1259 4075 1689 4145 τρισυπόστατον
1717 4076 1870 4133 Θεόν.

429 4157 559 4229 ρλϐ’.
594 4162 655 4214 Oi
693 4162 789 4233 τὴν
825 4163 1119 4229 κακόδοξον
1157 4163 1367 4235 πλάνην
1402 4167 1543 4221 κατὰ
1581 4167 1760 4238 ψυχὴν
1797 4185 1946 4224 νενο-

351 4254 608 4319 σηκότες,
641 4255 869 4324 κτιστὴν
912 4257 1163 4327 λέγοντες
1189 4260 1289 4331 τὴν
1326 4260 1692 4333 διαφέρουσαν
1720 4267 1821 4335 τῆς
1846 4264 1942 4320 τοῦ

349 4343 489 4398 Θεοῦ
520 4347 709 4411 οὐσίας
734 4349 1041 4420 ἐνέργειαν,
1101 4353 1338 4417 κτιστῶς
1383 4354 1531 4424 ἔχειν
1562 4356 1655 4409 καὶ
1682 4355 1743 4409 τὸ
1774 4356 1941 4427 δημι-

2072 511 2338 579 loquitur,
2374 528 2479 567 non
2533 514 2708 581 audit,
2748 530 2854 569 non
2915 516 3181 580 ambulat,
3232 531 3335 571 non
3391 518 3647 588 respirat,

2073 617 2178 655 non
2206 604 2468 667 comedit,
2498 615 2551 658 et
2591 623 2702 663 uno
2727 609 2914 674 verbo,
2936 624 3041 664 non
3075 611 3239 665 habet
3273 612 3648 680 operationem

2073 695 2140 747 ab
2181 698 2417 751 essentia
2447 698 2784 766 distinctam,
2821 716 2926 770 qua
2956 703 3227 758 indicetur
3271 704 3409 759 hanc
3434 719 3556 760 esse
3593 705 3648 758 in

2070 788 2420 843 subsistentia
2454 808 2467 842 :
2510 792 2631 846 ideo
2664 792 2886 846 minime
2916 794 3219 848 subsistens
3245 804 3331 849 est
3386 796 3547 848 homo
3590 794 3646 849 in

2078 895 2281 948 genere.
2322 879 2426 935 Sed
2475 882 2638 936 homo
2676 884 2978 937 naturalem
3024 884 3233 939 habens
3271 888 3642 954 operationem

2052 973 2138 1025 'ab
2166 974 2403 1027 essentia
2437 974 2770 1035 distinctam.
2793 975 2907 1030 sive
2936 990 3125 1038 unam,
3158 977 3275 1031 sive
3304 976 3509 1046 plures,
3530 978 3644 1031 sive

2068 1077 2259 1118 omnes
2306 1080 2661 1137 quascunque
2713 1069 2969 1138 diximus,
3025 1084 3090 1123 ex
3151 1071 3239 1125 bis
3297 1071 3645 1140 cegnoscitur

2068 1167 2192 1209 esse
2221 1156 2275 1208 in
2313 1157 2658 1221 exsistentia,
2685 1173 2785 1213 nec
2828 1173 2947 1214 esse
2977 1160 3140 1214 homo
3176 1176 3280 1215 non
3317 1164 3641 1216 subsistens.

2068 1244 2204 1310 Quia
2239 1256 2416 1302 autem
2462 1249 2773 1318 bujnsmodi
2805 1252 3171 1319 operationes,
3203 1268 3311 1307 non
3364 1268 3494 1316 una,
3530 1269 3640 1307 non

2068 1339 2198 1405 duo,
2230 1355 2333 1394 non
2370 1349 2499 1407 tres,
2534 1344 2628 1397 sed
2664 1342 2908 1411 plurimae
2936 1355 3313 1408 numerantur,
3350 1345 3473 1400 inde
3496 1354 3643 1414 patet

2068 1431 2339 1487 hominem
2376 1433 2431 1488 in
2466 1434 2927 1490 numerosissimis
2954 1436 3218 1491 exsistere
3244 1437 3639 1492 subsistentiis.

2140 1610 2266 1665 157.
2305 1627 2469 1678 deus,
2497 1614 2650 1683 juxta
2695 1615 2838 1684 piam
2870 1617 3171 1671 doctrinam
3204 1617 3375 1687 gratia
3414 1632 3511 1672 sua
3542 1632 3639 1671 no-

2064 1700 2169 1765 bis,
2204 1703 2255 1757 id
2282 1714 2361 1759 est
2406 1720 2517 1758 suae
2536 1702 2789 1762 Ecclesia:
2832 1707 3036 1772 datam,
3064 1710 3435 1777 operationem
3477 1719 3639 1762 natu-

2069 1794 2241 1849 ralem
2292 1795 2496 1857 habens
2550 1812 2661 1852 suae
2710 1800 3047 1854 exsistentim
3079 1800 3309 1854 indicem
3345 1800 3575 1869 ideoque
3608 1815 3639 1854 a

2069 1900 2167 1940 sua
2203 1887 2438 1941 essentia
2472 1890 2783 1944 distinctam
2816 1891 3039 1959 (etenim
3069 1891 3285 1959 praeseit
3317 1901 3370 1945 et
3396 1892 3641 1961 providet

2064 1974 2345 2044 inferiora,
2387 1988 2443 2034 et
2485 1978 2638 2043 facit,
2671 1989 2726 2034 et
2764 1990 3072 2047 conservat,
3103 1991 3159 2036 et
3188 1982 3349 2052 regit,
3382 1993 3435 2036 et
3466 1992 3640 2037 mutat

2061 2068 2128 2121 ad
2165 2070 2442 2138 proprium
2477 2080 2665 2125 nutum
2714 2072 2899 2126 utsibi
2949 2072 3210 2144 videtur),
3246 2074 3370 2128 inde
3400 2075 3643 2128 ostendi-

2062 2167 2153 2214 tur
2172 2174 2294 2215 esse
2321 2160 2373 2214 in
2407 2161 2732 2229 substantia,
2770 2164 2914 2218 haud
2954 2179 3081 2219 vero
3111 2166 3346 2220 essentia
3377 2181 3480 2219 non
3516 2167 3641 2218 sub-

2058 2248 2280 2305 sistens.
2313 2252 2475 2321 Atqui
2504 2266 2695 2307 omnes
2723 2254 3031 2324 huiusmodi
3056 2258 3423 2324 Operationes,
3454 2272 3556 2310 non
3584 2271 3636 2308 in

2061 2351 2189 2405 una,
2238 2341 2330 2396 sed
2377 2342 2430 2396 in
2462 2342 2639 2399 tribus
2677 2346 3042 2401 subsistentiis
3067 2347 3277 2403 habens
3314 2348 3456 2403 Deus
3484 2348 3639 2402 nobis

2061 2430 2371 2490 innotescit.
2418 2434 2730 2491 Adversarii
2789 2453 2919 2493 vero
2972 2440 3215 2494 dicentes
3266 2453 3373 2494 non
3434 2440 3639 2494 habere
3731 2507 3734 2511 .

2059 2524 2227 2578 Deum
2260 2528 2631 2596 operationem
2666 2532 2968 2586 naturalem
3004 2546 3116 2586 sua:
3135 2530 3467 2587 exsistentiae
3496 2531 3638 2585 indi-

2058 2630 2199 2683 cem,
2235 2619 2464 2689 ideoque
2492 2638 2521 2674 a
2548 2636 2646 2677 sua
2681 2623 2919 2678 essentia
2979 2624 3316 2688 distinctam,
3344 2624 3396 2678 in
3451 2624 3632 2679 subsi-

2061 2713 2261 2765 stentia
2281 2726 2403 2769 esse
2437 2714 2605 2769 Deum
2638 2725 2878 2786 negant;
2911 2727 2963 2772 et
2992 2716 3220 2771 minime
3250 2716 3633 2772 subsistentem

2056 2807 2395 2862 contendunt
2446 2812 2649 2863 trinum
2715 2809 3083 2865 subsistentiis
3148 2809 3455 2872 Dominum,
3485 2816 3634 2861 tanto

2056 2906 2379 2964 superantes
2430 2913 2597 2968 prava
2654 2900 2902 2955 doctrina
2956 2900 3214 2970 Libycum
3279 2898 3574 2954 Sabellium
3608 2936 3629 2967 ,

2054 2999 2262 3058 quanto
2293 2992 2524 3061 nequior
2545 3000 2631 3048 est
2661 2991 2801 3047 mala
2833 2992 3039 3061 pietate
3068 2992 3337 3060 impietas.

2126 3263 2252 3319 1'58.
2282 3262 2469 3318 Trium
2500 3263 2808 3319 divinarum
2846 3274 3206 3333 personarum
3242 3260 3488 3328 operatio
3521 3273 3627 3313 una

2050 3366 2158 3421 est,
2187 3357 2329 3411 haud
2348 3357 2565 3426 quidem
2598 3357 2815 3421 similis,
2842 3365 2897 3409 ut
2937 3355 3075 3423 apud
3112 3368 3231 3420 nos,
3253 3355 3347 3407 sed
3373 3366 3498 3406 vere
3521 3366 3625 3404 una

2047 3462 2299 3502 nurnero.
2332 3447 2485 3513 Quod
2523 3447 2819 3502 adversarii
2859 3447 3041 3501 dicere
3074 3460 3178 3499 non
3212 3452 3460 3513 possunt,
3496 3444 3625 3512 quia

2050 3540 2224 3593 tribus
2248 3554 2596 3593 communem
2624 3554 2747 3594 esse
2773 3538 3074 3592 increatam
3109 3538 3482 3604 operationem
3524 3548 3624 3589 ue-

2044 3637 2194 3701 gant,
2220 3638 2274 3683 et
2314 3643 2581 3697 persona,
2617 3628 2773 3696 juxta
2802 3641 2918 3690 eos,
2952 3635 3078 3681 sunt
3109 3627 3195 3677 sui
3235 3627 3461 3680 invicem
3496 3638 3623 3694 ope-

2044 3719 2306 3780 rationes,
2339 3717 2482 3772 haud
2516 3731 2647 3771 vero
2677 3715 2989 3770 communis
3020 3721 3108 3769 est
3135 3713 3317 3768 divina
3352 3714 3620 3782 operatio;

2042 3818 2098 3864 et
2131 3809 2204 3863 ita
2238 3808 2422 3863 dicere
2465 3816 2740 3876 nequeunt
2770 3820 2932 3859 unam
2974 3820 3098 3861 esse
3150 3805 3313 3859 trium
3348 3806 3620 3873 operatio-

2053 3915 2204 3965 nem,
2235 3900 2330 3955 sed
2356 3898 2518 3953 aliam
2566 3898 2671 3953 alia
2705 3899 2784 3953 sic
2806 3898 3167 3959 destruentes,
3200 3896 3326 3950 inde
3356 3911 3461 3950 non
3491 3893 3618 3951 sub-

2041 3992 2325 4047 sistentem
2369 3992 2577 4047 faciunt
2609 3991 2811 4046 trinum
2833 3988 3206 4045 subsistentiis
3227 3988 3419 4042 Deum.

2112 4177 2239 4234 159.
2286 4177 2495 4245 Quibus
2556 4174 2815 4230 haeretica
2865 4188 3055 4230 errore
3100 4174 3277 4227 anima
3346 4182 3612 4244 aegrotat,

2036 4280 2277 4325 creatam
2311 4269 2389 4324 illi
2412 4269 2662 4325 dicentes
2684 4267 3000 4323 distinctam
3030 4281 3059 4318 a
3092 4266 3184 4321 Dei
3215 4267 3454 4320 essentia
3482 4280 3615 4333 ope-

2036 4363 2328 4429 rationem,
2355 4372 2600 4419 creatum
2630 4375 2844 4431 quoque
2881 4361 2932 4412 in
2976 4358 3084 4412 Deo
3116 4367 3401 4412 autumant
3432 4366 3611 4413 actum

347 4439 569 4505 ουργεῖν
604 4438 699 4491 τὸν
724 4440 859 4493 Θεὸν
886 4440 1189 4510 δοξάζουσι,
1228 4446 1398 4499 ταυτὸ
1433 4445 1480 4498 δ’
1515 4448 1688 4500 εἰπεῖν
1720 4446 1818 4517 τὴν
1846 4448 1941 4518 δη-

2058 4454 2285 4516 :reandi,
2318 4469 2416 4510 seu
2468 4453 2612 4523 quod
2659 4452 2801 4507 idem
2843 4461 2945 4515 est,
2990 4451 3308 4506 creatricem
3348 4449 3467 4519 ejus
3513 4466 3611 4518 po-

352 4528 684 4598 μιουργικὴν
710 4528 941 4599 δύναμιν
994 4532 1162 4585 αὐτοῦ
1188 4549 1204 4565 ·
1248 4537 1308 4588 οὐ
1356 4536 1465 4608 γὰρ
1514 4538 1664 4592 ἐστιν
1692 4539 1938 4610 ἐνεργεῖν

349 4617 445 4669 καὶ
469 4617 832 4691 δημιουργεῖν
874 4623 1045 4696 χωρὶς
1074 4626 1355 4695 ἐνεργείας
1380 4644 1394 4659 ο
1441 4630 1630 4701 ὥσπερ
1663 4631 1785 4684 οὐδέ
1833 4633 1935 4685 ὐπ-

347 4707 538 4776 άρχειν
592 4712 761 4783 χωρὶς
806 4714 1115 4783 ὑπάρξεως.
1180 4717 1270 4783 Ὠς
1324 4718 1417 4773 οὖν
1465 4721 1566 4774 οὐκ
1616 4722 1695 4776 ἔνι
1725 4723 1818 4776 τὸν
1848 4723 1936 4776 λέ-

344 4815 513 4867 γοντα
550 4802 650 4872 τὴν
708 4807 804 4858 τοῦ
860 4807 995 4860 Θεοῦ
1058 4808 1291 4880 ὕπαρξιν
1348 4811 1594 4882 κτιστὴν,
1660 4814 1933 4877 άκτίστως

342 4888 493 4960 ἔχειν
515 4893 680 4946 αὐτὸν
708 4894 769 4947 τὺ
802 4892 940 4951 εἶναι
970 4898 1203 4962 οίεσθαι,
1231 4899 1402 4964 οὕτως
1427 4900 1528 4955 οὐκ
1556 4902 1671 4954 ἐστι
1704 4902 1797 4957 τὸν
1845 4904 1934 4957 λέ-

342 4998 510 5050 γοντα
536 4984 633 5053 τὴν
673 4985 768 5040 τοῦ
808 4987 951 5041 Θεοῦ
989 4989 1271 5060 ἐνέργειαν
1312 4991 1557 5062 κτιστὴν,
1598 4991 1659 5045 τὸ
1688 4995 1931 5065 ἐνεργεῖν

340 5090 402 5126 τε
433 5076 528 5128 καὶ
567 5078 922 5149 δημιουργεῖν
955 5082 1121 5136 αὐτὸν
1156 5082 1429 5144 ἁκτίστως
1453 5084 1600 5153 ἐχειν
1629 5086 1854 5142 οἴεσθαι.

420 5174 530 5237 ρμ’.
590 5171 880 5242 Κτίσματα
916 5173 1010 5227 τοῦ
1043 5175 1178 5227 Θεοῦ
1227 5176 1322 5228 καὶ
1372 5178 1480 5228 είσὶ
1530 5178 1625 5231 καὶ
1682 5177 1934 5247 λέγονται

345 5261 500 5328 παρὰ
522 5260 629 5314 τῶν
652 5263 893 5329 εὐσεϐῶς
920 5267 1282 5337 φρονούντων,
1305 5269 1405 5339 οὐχ
1433 5270 1466 5339 ἡ
1491 5269 1586 5323 τοῦ
1612 5270 1750 5324 Θεοῦ
1779 5274 1933 5345 ἐνέρ-

341 5366 470 5419 γεια
532 5355 675 5408 κατά
712 5358 840 5419 τοὺς
893 5356 1002 5411 τῶν
1041 5360 1303 5413 ἐναντίων
1352 5361 1572 5432 λήρους,
1614 5363 1797 5434 ἄπαγε
1836 5366 1935 5435 τῆς

344 5442 644 5508 ἀσεϐείαςί
683 5445 821 5499 ἀλλὰ
848 5447 947 5517 τῆς
995 5449 1143 5514 θείας
1200 5451 1478 5522 ἐνεργείας
1516 5452 1936 5524 ἀποτελέσματά

338 5534 457 5587 ἐστι
492 5540 560 5590 τὰ
583 5538 883 5611 κτίσματα.
945 5540 1009 5596 El
1038 5542 1149 5614 γὰρ
1182 5544 1250 5599 τά
1292 5544 1565 5614 κτίσματα
1591 5545 1625 5615 ἡ
1654 5545 1929 5617 ἐνέργεια,

2037 4545 2265 4599 tentiam
2296 4562 2310 4600 :
2336 4558 2446 4598 non
2476 4543 2622 4599 enim
2652 4542 2872 4612 operari
2896 4548 2992 4595 aut
3026 4556 3216 4596 creare
3246 4541 3454 4610 absque
3478 4556 3606 4611 ope-

2034 4634 2248 4687 ratione
2283 4642 2478 4702 potest,
2503 4633 2646 4687 sicut
2683 4646 2785 4687 nec
2817 4634 3081 4685 exsistere
3115 4629 3317 4698 absque
3344 4631 3613 4686 exsistan-

2037 4721 2130 4774 tia.
2166 4721 2238 4776 Ut
2274 4723 2440 4787 igitur
2483 4721 2574 4789 qui
2609 4730 2850 4775 creatam
2907 4720 3040 4774 dicit
3085 4717 3178 4772 Dei
3212 4720 3607 4786 exsistentiam,

2034 4823 2226 4880 putare
2284 4812 2475 4880 nequit
2529 4812 2833 4866 increatam
2868 4810 2921 4863 in
2960 4824 3025 4863 eo
3064 4825 3182 4865 esse
3217 4818 3397 4864 actum
3459 4812 3609 4866 exsi—

2032 4902 2214 4958 stendi
2257 4904 2560 4967 exsistere;
2597 4903 2670 4956 ita
2694 4903 2791 4973 qui
2824 4911 3091 4957 eretatam
3118 4901 3248 4956 dicit
3285 4902 3378 4957 Dei
3414 4917 3610 4971 opera-

2031 4995 2257 5060 tionem,
2284 5003 2476 5063 putare
2509 4995 2697 5065 nequit
2730 4996 3030 5050 increatam
3060 4995 3111 5048 in
3151 5008 3216 5049 eo
3261 5009 3385 5051 esse
3422 5006 3603 5051 actum

2029 5088 2297 5159 operandi
2336 5097 2390 5143 et
2409 5088 2658 5143 creandi.

2102 5181 2225 5237 140.
2256 5180 2538 5236 Creatura:
2573 5182 2667 5238 Dei
2708 5196 2810 5237 nec
2847 5192 2975 5238 sunt
3003 5194 3105 5237 nec
3151 5181 3408 5237 dicuntur
3448 5194 3477 5233 a
3516 5178 3607 5250 pie

2027 5275 2418 5338 sentientibus,
2455 5276 2702 5344 operatio
2731 5276 2850 5337 Dei.
2889 5285 2948 5330 ut
3002 5274 3297 5334 adversarii
3351 5272 3607 5336 delirant,

2035 5366 2172 5432 proh
2215 5365 2500 5435 impietas!
2524 5367 2618 5422 sed
2640 5368 2836 5422 divinae
2859 5366 3200 5437 operationis
3226 5364 3455 5420 eﬂectus
3478 5372 3608 5419 sunt

2030 5465 2319 5511 creatum.
2351 5455 2408 5512 Si
2439 5458 2584 5513 enim
2609 5468 2870 5514 creaturae
2900 5468 3088 5514 essent
3113 5457 3377 5525 operatio,
3410 5456 3492 5510 vel
3527 5457 3604 5510 in-

2023 5556 2223 5602 ereataz
2277 5558 2465 5605 essent
2500 5552 2519 5621 (
2550 5565 2584 5606 o
2623 5551 3024 5616 absurditasll,
3068 5552 3141 5606 ita
3199 5559 3261 5605 ut
3308 5557 3600 5619 antequam

338 5624 374 5696 ἢ
401 5625 631 5682 άκτιστα
668 5631 841 5688 ταῦτά
883 5633 1033 5688 ἐστιν
1088 5634 1153 5706 (ὢ
1193 5636 1290 5705 τῆς
1316 5635 1617 5706 παρανοίας
1636 5636 1700 5707 ί),
1729 5638 1805 5701 ὡς
1834 5641 1929 5693 καὶ

2058 5650 2346 5696 rearentur
2377 5645 2757 5710 exstitissent;
2782 5643 3018 5700 velante
3041 5644 3371 5699 creationem
3401 5645 3456 5711 (ο
3491 5642 3595 5695 im-

338 5720 472 5789 πρὶν
499 5722 789 5793 κτισθῆναι
820 5727 971 5793 ὄντα,
1073 5729 1182 5799 πρὸ
1228 5728 1339 5783 τῶν
1381 5729 1698 5798 κτισμάτων
1732 5730 1798 5802 (ὣ
1825 5735 1925 5802 τῆς

2059 5727 2255 5799 ictas!)
2292 5746 2398 5786 non
2437 5732 2713 5789 habuisset
2759 5731 2897 5788 Deus
2947 5733 3351 5803 operationem,
3374 5729 3468 5804 qui
3508 5739 3600 5786 ta-
