3960 6190
336 305 462 373 1221

1238 309 1512 371 CAPITA
1553 312 1897 381 PHYSICA,
1935 313 2453 384 THEOLOGICA,
2496 314 2658 375 ETC.

3438 316 3573 381 1292

391 418 533 493 ρμδ’.
582 421 647 475 Ἠ
683 421 841 475 οὐσία
871 422 966 475 τοῦ
1005 420 1141 475 Θεοῦ
1195 424 1545 478 παντάπασίν
1581 427 1730 479 ἐστιν
1754 426 1889 479 ἀνώ-

2073 426 2197 480 iu.
2229 426 2478 481 Essentia
2521 425 2616 481 Dei
2663 425 2974 482 nullatenus
3020 430 3325 495 nuncupari
3370 445 3570 500 potest,

318 532 507 586 νυμος,
538 514 661 567 ἐπεὶ
681 514 776 568 καὶ
800 516 979 585 πάντη
1002 514 1152 568 ἐστὶν
1170 515 1546 587 ἁπερινόητοςο
1575 519 1899 589 ὀνομάζεται

314 603 409 661 οὖν
447 609 511 660 ὲκ
546 605 738 660 πασῶν
776 605 886 658 τῶν
914 606 1134 660 οἰκείων
1170 609 1490 679 ἐνεργειῶν,
1532 611 1761 681 μηδενὸς
1784 615 1902 667 ἐκεῖ

313 700 422 753 τῶν
445 698 731 768 ὀνομάτων
762 698 899 769 πρὸς
923 699 1111 770 ἕτερον
1142 701 1286 755 κατὰ
1322 702 1420 773 τὴν
1466 706 1744 774 σημασίαν
1783 707 1902 762 διαο

313 796 595 864 φέροντος.
634 794 723 857 Ἐξ
747 793 980 846 ἑκάστου
1003 794 1111 863 γὰρ
1136 795 1231 849 κοιλ⁸
1259 797 1478 850 πάντων
1505 798 1657 852 οὐδὲν
1686 800 1897 870 ἕτερον,

311 887 342 956 ἢ
388 886 449 939 τὸ
508 886 739 955 κρύφιον
792 886 972 939 ἐκεῖνο
1029 887 1297 957 μηδαμῶς
1353 892 1815 960 γινωσκόμενονὸ
1845 893 1899 947 τί

311 977 447 1031 ποτέ
479 978 598 1030 ἐστι
638 977 887 1030 καλεῖται
930 979 1023 1031 ἐπὶ
1064 978 1121 1032 δὲ
1168 978 1275 1032 τῶν
1315 981 1631 1052 ἐνεργειῶν,
1666 982 1899 1041 ἕκαστον

309 1072 417 1123 τῶν
450 1071 731 1140 ὀνομάτων
764 1071 1022 1141 διάφορον
1062 1071 1173 1141 ἔχει
1203 1075 1499 1143 σημασίαν.
1535 1077 1633 1141 Τίς
1664 1079 1771 1150 γὰρ
1791 1081 1893 1134 οὐκ

308 1157 451 1214 οἰδεν
476 1163 557 1215 ὅτι
591 1162 965 1233 διενηνόχασιν
987 1165 1234 1236 ἀλλήλων
1260 1170 1321 1220 τὸ
1351 1169 1577 1233 κτίζειν,
1605 1172 1665 1225 τὸ
1693 1172 1890 1228 δεσπό-

308 1248 448 1314 ζειν,
478 1251 539 1303 τὸ
576 1252 804 1321 κρίνειν,
840 1252 901 1304 τὸ
930 1256 1300 1323 προνοεῖσθαι,
1335 1259 1395 1312 τὸ
1422 1260 1511 1312 διὰ
1548 1261 1646 1331 τῆς
1681 1265 1891 1330 οἰκείας

308 1341 529 1410 χάριτος
557 1342 648 1394 τὸν
676 1342 809 1395 Θεὸν
836 1345 983 1413 ἡμᾶς
1005 1346 1297 1412 υίοθετεῖν;
1328 1351 1390 1403 Oi
1410 1347 1504 1404 οὖν
1524 1354 1621 1415 τὰς
1652 1358 1891 1422 φυσικὰς

308 1433 459 1495 Θείας
519 1432 723 1497 ταύτας
758 1436 1059 1506 ἐνεργείας,
1100 1438 1176 1501 ὡς
1233 1440 1479 1511 ἀλλήλων
1528 1460 1589 1497 τε
1642 1449 1740 1498 καὶ
1786 1448 1890 1517 τῆς

307 1526 459 1589 θείας
520 1528 734 1596 φύσεως
784 1530 1146 1599 διαφερούσας
1209 1534 1460 1602 λέγοντες
1519 1540 1780 1606 κτιστὰς,
1833 1543 1887 1597 τί

303 1617 503 1687 ἄλλοῆ
553 1619 645 1673 τὸν
696 1619 830 1673 Θεὸν
878 1624 956 1684 είς
1012 1623 1217 1694 κτίσμα
1248 1630 1572 1682 κατασπῶσι
1601 1648 1615 1695 ;
1647 1632 1730 1686 Τὰ
1776 1634 1886 1703 γὰρ

304 1711 628 1780 κτιζόμενα,
683 1714 752 1765 τὰ
813 1714 1208 1784 δεσποζόμενα,
1275 1717 1347 1771 τὰ
1409 1720 1736 1791 κρινόμενα,
1791 1725 1885 1778 καὶ

304 1804 495 1867 ἁπλῶς
528 1805 707 1857 πάντα
741 1805 809 1858 τὰ
843 1807 1091 1874 τοιαῦτα,
1154 1808 1270 1862 ἔστι
1314 1810 1383 1864 τὰ
1433 1814 1728 1884 κτίσματα,
1769 1817 1885 1871 ἀλλ’

304 1895 404 1964 οὐχ
429 1897 456 1947 ὀ
494 1896 755 1967 Κτίστης,
793 1898 888 1949 καὶ
917 1900 947 1950 ὁ
997 1900 1295 1969 Δεσπότης,
1349 1906 1445 1956 κα)⁸
1497 1908 1692 1975 κριτής
1716 1924 1733 1940 ·
1775 1908 1886 1962 οὐδ’

306 1986 440 2039 αὐτὸ
485 1988 546 2040 τὸ
598 1989 827 2057 κρίνειν,
881 1991 975 2044 καὶ
998 1991 1307 2056 δεσπόζειν,
1366 1995 1462 2050 καὶ
1511 1996 1883 2069 δημιουργεῖν,

305 2077 450 2149 ἅπερ
492 2097 738 2148 φυσικως
767 2082 1114 2150 ἑνθεωρεῖται
1141 2084 1335 2155 τούτῳ.

381 2174 525 2239 ρμέ.
590 2168 653 2222 Ἦ
707 2171 867 2224 οὐσία
914 2173 1008 2226 τοῦ
1070 2174 1242 2241 Θεοῦ,
1307 2179 1561 2254 καθάπερ
1610 2182 1893 2257 ἀνώνυμός

308 2261 428 2314 ἔστι
478 2262 846 2328 παντάπασιν,
891 2263 967 2328 ὡς
997 2264 1357 2339 ὑπερώνυμος
1386 2272 1530 2327 κατὰ
1583 2276 1713 2339 τοὺς
1772 2278 1893 2332 θεο-

308 2353 529 2421 λόγους,
581 2352 754 2415 οὕτως
781 2356 877 2409 καὶ
903 2358 1210 2426 ἀμέθεκτος
1257 2360 1335 2424 ὡς
1364 2361 1505 2436 ὑπὲρ
1542 2366 1761 2436 μέθεξιν
1787 2370 1893 2425 ὐπ-

307 2445 466 2515 ἀρχει
521 2447 641 2499 κατ’
674 2446 911 2510 αὐτούς’
949 2448 999 2501 οἰ
1056 2445 1148 2502 οὖν
1196 2449 1549 2518 ἀπειθοῦντες
1596 2449 1748 2510 οὗτοι
1799 2459 1895 2513 νῦν

305 2542 372 2607 τῇ
410 2538 499 2590 διὰ
532 2539 642 2591 τῶν
666 2540 840 2607 ἁγίων
890 2540 1049 2611 ἡμῶν
1106 2543 1370 2614 Πατέρων
1422 2547 1518 2599 τοῦ
1574 2548 1894 2619 Πνεῦματος

303 2631 648 2703 διδασκαλίᾳ,
710 2633 804 2686 καὶ
879 2633 1253 2705 λοιδοροῦντες
1314 2639 1466 2708 ἡμᾶς
1514 2641 1644 2703 τοὺς
1705 2641 1892 2707 αὐτοῖς

304 2721 725 2791 ὁμολογοῦντας,
760 2723 990 2788 πολλοὺς
1036 2725 1283 2794 γίνεσθαί
1326 2745 1458 2796 φασι
1499 2729 1672 2795 θεοὺς,
1704 2734 1739 2800 ἢ
1771 2732 1893 2787 σύν-

305 2815 460 2866 θετον
516 2816 609 2869 τὸν
659 2816 778 2882 ἕνα,
829 2817 987 2887 εἴπερ
1036 2819 1069 2888 ἡ
1118 2818 1239 2873 Θεία
1294 2822 1543 2892 ἐνέργεια
1595 2823 1696 2894 τῆς
1745 2826 1892 2891 θείας

304 2907 493 2969 οὐσίας
543 2907 812 2979 διαφέρει,
866 2908 964 2961 καὶ
1032 2911 1082 2962 εί
1133 2909 1272 2974 ὅλως
1321 2912 1670 2983 ἐνθεωρεῖταί
1725 2935 1779 2970 τι
1824 2919 1889 2988 τῇ

302 2998 399 3050 τοῦ
428 2997 563 3050 Θεοῦ
610 3000 790 3069 οὐσίᾳ.
838 2999 1122 3068 ’Δγνοοῦσι
1148 3002 1281 3073 γὰρ,
1307 3003 1380 3066 ὡς
1409 3005 1531 3076 οὐχὶ
1564 3005 1625 3059 τὸ
1650 3008 1892 3079 ἐνεργεῖν

306 3090 402 3141 καὶ
540 3090 815 3181 ἐνέργεια,
850 3093 987 3146 ἀλλὰ
1024 3095 1087 3148 τὸ
1115 3096 1345 3165 πάσχειν
1375 3095 1473 3150 καὶ
1521 3097 1693 3161 πάθος
1745 3103 1954 3181 ποιεῖς

301 3180 402 3252 τὴν
428 3179 698 3236 σύνθεσιν.
731 3184 793 3235 '0
821 3182 878 3236 δὲ
907 3184 1039 3249 Θεὸς
1091 3186 1326 3255 ἐνεργεῖ,
1379 3188 1548 3258 μηδὲν
1596 3189 1757 3253 αὐτὸς
1790 3191 1893 3245 πά-

305 3289 473 3342 σχων,
507 3274 641 3344 μηδὲ
684 3274 1069 3345 ἁλλοιούμενος
1104 3292 1118 3307 ·
1159 3277 1259 3331 οὐκ
1301 3278 1410 3349 ἄρα
1451 3279 1702 3343 σύνθετος
1736 3282 1889 3337 ἔσται

302 3365 393 3418 διὰ
421 3368 521 3436 τὴν
558 3367 862 3438 ἐνέργειαν.
892 3370 1003 3421 Καὶ
1032 3369 1094 3422 τὸ
1145 3372 1281 3440 πρὸς
1322 3372 1376 3423 τί
1416 3372 1474 3425 δὲ
1526 3376 1553 3426 ό
1605 3373 1737 3440 Θεὸς
1792 3375 1887 3428 καὶ

305 3458 440 3528 πρὸς
470 3458 569 3529 τὴν
608 3462 783 3512 κτίσιν
834 3459 970 3531 ἔχει,
1021 3460 1099 3526 ὡς
1163 3462 1305 3534 ἁρχὴ
1348 3466 1448 3518 καὶ
1501 3468 1777 3538 Δεσπότης
1813 3467 1889 3523 ὢν

301 3552 493 3621 αὐτῆς,
564 3550 679 3604 ἀλλ’
726 3551 789 3605 οὐ
848 3552 1265 3625 συναριθμεῖται
1319 3559 1432 3620 τοῖς
1456 3561 1707 3627 γεγονόσι
1739 3560 1891 3631 παρὰ

300 3641 480 3695 τοῦτο.
532 3644 727 3695 Πολλοί
782 3644 841 3697 δὲ
895 3646 1061 3700 πάλιν
1111 3646 1230 3710 πῶς
1281 3646 1492 3702 ἔσονται
1547 3650 1660 3705 θεοὶ
1696 3650 1786 3705 διὰ
1827 3651 1890 3707 τὸ

300 3734 445 3803 ἔχειν
491 3733 582 3787 τὸν
634 3734 767 3787 Θεὸν
804 3737 1109 3807 ἐνέργειαν,
1160 3739 1319 3809 εῑπερ
1376 3740 1493 3804 ἑνός
1547 3742 1666 3794 ἐστι
1724 3741 1883 3808 Θεοῦ,

304 3824 507 3893 μᾶλλον
562 3824 621 3877 δὲ
672 3828 704 3878 ό
746 3826 907 3891 αὐτός
933 3830 1053 3880 ἐστι
1084 3827 1239 3894 Θεὸς,
1274 3831 1307 3900 ἡ
1337 3830 1457 3883 θεία
1494 3832 1672 3898 οὐσία,
1712 3834 1806 3886 καὶ
1853 3835 1888 3905 ἡ

301 3915 424 3968 θεία
462 3916 731 3985 ἐνέργεια.
774 3918 960 3988 Σαφὴς
1008 3918 1104 3973 οῦν
1152 3921 1321 3985 ὄντως
1375 3921 1534 3975 τοῦτο
1577 3924 1741 3997 λῆρος
1788 3926 1884 3997 τῆς

300 4003 483 4055 αὐτῶν
513 4003 961 4072 φρενοὸλαῦείας.

372 4096 532 4167 ρμς’.
564 4097 747 4150 Εἰπὼν
768 4100 798 4151 ό
819 4100 1019 4169 Κύριος
1048 4099 1184 4171 πρὸς
1203 4101 1330 4164 τοὺς
1354 4100 1590 4165 οἰκείους
1616 4102 1885 4174 μαθητὰς,

296 4186 382 4239 ὅτι
413 4205 432 4237 ι
466 4187 586 4240 Εἰσί
614 4204 761 4251 τινες
788 4189 899 4242 τῶν
928 4183 1032 4243 ὧδε
1067 4189 1400 4259 ἑστηκότων,
1454 4192 1505 4244 οἳ
1548 4192 1609 4245 οὐ
1643 4192 1716 4262 μὴ
1758 4194 1886 4260 γεύ-

301 4290 501 4327 σωνται
537 4275 789 4341 θανάτου,
829 4277 934 4340 ἓως
997 4277 1065 4332 ἂν
1118 4278 1273 4332 ἴδωσι
1326 4280 1426 4350 τὴν
1480 4280 1757 4350 βασιλείαν
1792 4283 1885 4337 τοῦ

299 4362 436 4416 Θεοῦ
503 4365 825 4435 ἐληλυθυῖαν
883 4370 942 4421 ὲν
992 4369 1245 4441 δυνάμει,
1280 4389 1299 4423 ι
1368 4372 1488 4443 μεθ’
1544 4375 1757 4444 ἡμέρας
1804 4375 1883 4444 ἒξ,

2000 534 2124 575 cum
2163 520 2237 575 sit
2284 520 2509 575 omnino
2537 519 3014 588 incomprehensa.
3048 521 3373 577 Nominatur
3409 527 3575 590 igitur

1998 626 2063 667 ex
2101 612 2357 666 omnibus
2392 612 2508 667 suis
2540 613 2953 680 operationibus
2979 628 2995 681 ;
3018 624 3074 667 et
3110 615 3313 668 nullum
3359 617 3430 670 ibi
3472 634 3572 671 no-

2000 704 2207 758 minum
2232 704 2313 777 ab
2334 704 2443 758 alio
2466 704 2863 775 signiﬁcatione
2895 704 3101 761 diﬂert.
3159 706 3400 777 Singulis
3426 711 3569 764 enim

1999 802 2055 848 et
2084 796 2343 850 omnibus
2378 796 2513 851 nihil
2543 796 2689 850 aliud
2723 807 2947 850 vocatur
2995 813 3156 865 quam
3187 798 3570 853 absconditum

1997 885 2130 941 illud
2160 886 2381 942 minime
2410 896 2595 941 notum
2619 888 2745 956 quid
2774 892 2864 942 sit.
2902 889 2975 943 De
3004 890 3407 958 operationibus
3440 907 3573 946 vero

1997 977 2220 1031 nomina
2263 978 2476 1047 singula
2516 978 2785 1033 diversam
2824 979 3024 1033 habent
3062 981 3514 1051 signiﬁcatiOuem
3552 1000 3567 1044 ;

1997 1067 2120 1136 quis
2168 1069 2310 1124 enim
2341 1069 2517 1124 nescit
2545 1085 2573 1123 a
2594 1084 2656 1124 se
2701 1071 2935 1125 invicem
2966 1072 3224 1127 distincta
3257 1088 3377 1128 esse
3410 1091 3569 1129 crea-

1998 1160 2221 1224 tionem,
2298 1160 2627 1222 dominium,
2669 1159 2956 1228 judicium,
3030 1164 3451 1231 providentiam,
3515 1176 3572 1220 et

1995 1259 2236 1304 nostram
2271 1264 2333 1303 ex
2360 1253 2531 1321 gratia
2570 1252 2664 1307 Dei
2694 1254 3079 1322 adoptionem?
3110 1255 3212 1321 Qui
3244 1272 3373 1326 ergo
3406 1266 3570 1312 natu-

1994 1339 2137 1393 rales
2172 1340 2293 1394 illas
2343 1342 2433 1394 Dei
2461 1344 2830 1412 operationes,
2861 1353 3047 1413 utpote
3076 1350 3144 1401 ab
3174 1348 3407 1403 invicem
3448 1361 3501 1403 et
3538 1365 3567 1402 a

2002 1444 2197 1489 natura
2264 1435 2445 1489 divina
2495 1436 2807 1501 distinctas,
2857 1438 3045 1492 dicunt
3109 1450 3347 1503 creatas,
3385 1457 3570 1497 nonne

1993 1526 2163 1582 Deum
2210 1528 2276 1582 ad
2334 1537 2645 1584 creaturam
2700 1529 3056 1598 deprimunt?
3094 1529 3229 1585 Nam
3279 1544 3483 1596 creata,
3513 1544 3566 1587 et

1993 1617 2319 1685 gubernata,
2351 1629 2408 1673 et
2451 1618 2717 1687 judicata,
2747 1629 2802 1675 et
2834 1621 3135 1689 generatim
3169 1624 3351 1677 omnia
3384 1625 3569 1694 hujus-

1994 1708 2136 1761 modi
2185 1716 2317 1764 sunt
2380 1717 2685 1776 creatum;
2732 1725 2835 1764 non
2886 1726 3016 1765 vero
3066 1712 3180 1780 ipse
3202 1713 3461 1779 ,Creator,
3509 1722 3567 1769 et
3642 1758 3647 1761 ν

1994 1801 2276 1866 Dominus,
2318 1812 2371 1856 et
2399 1800 2595 1867 Judex,
2621 1818 2720 1857 nec
2760 1804 2939 1872 ipsum
2969 1803 3255 1873 judicium.
3284 1816 3339 1860 et
3384 1806 3566 1859 domi-

1988 1891 2161 1959 nium,
2192 1902 2247 1948 et
2274 1893 2502 1961 creatio,
2522 1910 2644 1963 qua:
2667 1903 2794 1949 sunt
2816 1894 3090 1949 naturales
3121 1895 3292 1965 ipsius
3319 1896 3490 1953 modi.

2062 2158 2186 2212 MS.
2220 2158 2470 2214 Essentia
2511 2157 2627 2225 Dei,
2673 2158 2817 2216 sicut
2874 2161 3175 2230 nuncupari
3226 2178 3336 2216 non
3389 2172 3565 2232 potest

1987 2250 2116 2319 quia
2142 2257 2227 2308 est
2259 2265 2429 2320 supra
2466 2264 2662 2305 nomen
2692 2250 2845 2317 juxta
2882 2252 3182 2319 theologos,
3211 2253 3286 2306 ita
3317 2268 3418 2307 nec
3443 2270 3566 2323 par.

1989 2342 2231 2413 ticipari,
2307 2342 2439 2411 quia
2511 2351 2596 2398 est
2652 2356 2817 2411 supra
2886 2343 3357 2413 participationem
3409 2347 3561 2416 juxta

1984 2435 2229 2490 eosdem.
2286 2433 2368 2488 llli
2418 2447 2548 2501 ergo
2602 2434 2695 2502 qui
2738 2449 2880 2489 nunc
2919 2434 3238 2491 inobediunt
3270 2438 3484 2491 tradita:
3532 2454 3560 2491 a

1987 2524 2193 2581 sanctis
2215 2524 2474 2581 Patribus
2514 2525 2718 2580 nostris
2751 2526 2991 2596 Spiritus
3021 2528 3306 2592 doctrinas,
3351 2545 3563 2598 nosque

1986 2613 2074 2669 his
2105 2624 2502 2672 consentaneas
2561 2616 2895 2683 obtrectauit,
2929 2617 3121 2674 dicunt
3170 2620 3373 2674 multos
3438 2620 3552 2675 lleri

1989 2705 2144 2770 deos.
2174 2707 2260 2761 vel
2292 2722 2456 2762 unum
2487 2710 2872 2778 compositum,
2900 2710 2946 2765 si
2965 2710 3151 2766 divina
3182 2714 3427 2781 operatio
3449 2714 3563 2768 dis-

1986 2801 2153 2854 tincta
2187 2799 2261 2855 sit
2318 2815 2347 2853 a
2383 2800 2565 2854 divina
2592 2802 2851 2865 essentia,
2886 2810 2943 2856 et
2993 2801 3037 2855 si
3089 2803 3216 2872 quis
3264 2805 3458 2858 modus
3509 2805 3564 2859 in

1986 2893 2289 2946 substantia
2328 2891 2418 2946 Dei
2451 2893 2709 2949 resideat.
2743 2894 3000 2963 Ignorant
3027 2896 3171 2950 enim
3200 2913 3304 2952 non
3336 2899 3393 2951 in
3436 2913 3567 2967 ope-

1988 2986 2160 3038 rando
2197 2994 2250 3039 et
2282 2986 2337 3038 in
2373 2986 2717 3054 operatione,
2757 2986 2853 3040 sed
2888 2988 2939 3039 in
2979 2987 3238 3055 patiendo
3266 2999 3319 3042 et
3351 2991 3403 3043 in
3438 3005 3564 3059 pas-

1991 3080 2151 3132 sione
2181 3077 2296 3131 lieri
2334 3077 2812 3145 compositionem.
2847 3078 2917 3133 At
2950 3075 3095 3136 Deus
3132 3090 3414 3149 operatur,
3455 3096 3561 3134 non

1994 3169 2111 3240 ipse
2141 3169 2377 3237 patiens,
2408 3184 2512 3223 nec
2567 3178 2804 3224 mutatus
2837 3186 2853 3227 :
2882 3185 2988 3224 non
3037 3170 3201 3241 igitur
3224 3172 3565 3241 compositus

1990 3262 2095 3311 erit
2119 3266 2340 3325 propter
2362 3258 2760 3326 operationem.
2787 3258 2855 3313 Et
2886 3260 3209 3315 relationem
3233 3259 3394 3315 habet
3422 3262 3567 3317 Deus

1989 3350 2057 3403 ad
2091 3358 2423 3416 creaturam,
2474 3360 2663 3417 utpote
2706 3350 2865 3420 hujus
2911 3352 3238 3421 principium
3285 3362 3340 3406 et
3387 3352 3566 3408 Domi-

1988 3452 2109 3502 nus,
2143 3438 2237 3493 sed
2274 3453 2382 3493 non
2440 3440 2565 3495 ideo
2592 3441 2861 3495 creaturis
2893 3454 3310 3497 annumeratur.
3346 3444 3560 3508 Adhuc,

1986 3532 2260 3601 quomodo
2292 3532 2447 3588 multi
2478 3543 2639 3588 erunt
2664 3532 2742 3588 dii
2794 3547 2861 3587 ex
2903 3547 2972 3587 eo
3014 3536 3158 3602 quod
3208 3535 3371 3589 habet
3422 3538 3564 3591 Deus

1984 3624 2384 3692 Operationem,
2417 3623 2683 3691 siquidem
2720 3624 2881 3679 unius
2919 3631 3050 3679 sunt
3092 3625 3206 3686 Dei.
3246 3640 3344 3681 seu
3380 3629 3563 3695 potius

1984 3729 2128 3769 unus
2155 3724 2285 3771 sunt
2310 3714 2474 3780 Deus,
2498 3715 2684 3770 divina
2712 3716 2947 3771 essentia
2980 3725 3035 3770 et
3055 3715 3235 3771 divina
3277 3720 3564 3785 operatio!

1981 3808 2300 3865 Clarissima
2327 3808 2496 3880 igitur
2520 3809 2576 3864 iu
2609 3808 2713 3863 hoc
2744 3806 2981 3864 delirant
3008 3807 3097 3863 isti
3128 3809 3428 3867 dementes.

2055 4086 2183 4143 “6.
2210 4086 2507 4158 Postquam
2540 4088 2758 4144 dixerat
2781 4087 3046 4144 Dominus
3074 4089 3192 4145 suis
3227 4089 3510 4162 discipulis
3542 4106 3561 4148 :

1989 4197 2008 4230 ι
2042 4178 2182 4235 Sunt
2206 4181 2426 4251 quidam
2461 4182 2530 4236 de
2557 4181 2649 4235 hic
2677 4181 2974 4245 stantibus,
3007 4182 3097 4251 qui
3123 4198 3232 4236 non
3267 4186 3564 4253 gustabunt

1982 4285 2236 4338 mortem,
2277 4276 2451 4331 donec
2473 4274 2695 4329 videant
2724 4288 2950 4344 regnum
2992 4274 3085 4330 Dei
3111 4276 3339 4331 veniens
3371 4278 3423 4331 in
3452 4278 3559 4332 vir-

1983 4377 2096 4422 tute
2112 4366 2183 4433 ”;
2212 4378 2332 4438 post
2357 4366 2474 4422 dies
2492 4382 2585 4422 sex
2606 4382 2889 4422 assumens
2910 4364 3149 4430 Petrum,
3180 4378 3232 4422 et
3259 4366 3551 4433 Joannem,

302 4454 639 4524 παραλαϐὼν
658 4458 751 4510 τὸν
780 4459 1010 4530 Πέτρον,
1039 4462 1135 4513 καὶ
1183 4461 1463 4527 Ἰάκωϐον,
1497 4465 1592 4516 καὶ
1631 4464 1887 4540 Ἰωάννην

1991 4470 2033 4516 et
2066 4460 2369 4517 ascendens
2403 4462 2456 4515 in
2491 4471 2729 4517 montem
2761 4460 3001 4527 Tbabor,
3038 4462 3373 4529 resplenduit
3409 4462 3557 4517 sicut

300 4545 397 4596 καὶ
427 4546 507 4608 εἰς
549 4547 609 4599 τὸ
654 4549 937 4620 Θαόώριον
982 4550 1108 4621 ὅρος
1153 4552 1396 4606 ἀνελθὼν
1443 4554 1686 4625 ἔλαμψεν
1743 4556 1821 4621 ὡς
1856 4559 1886 4609 ὁ

298 4634 452 4701 ἥλιος
480 4651 493 4665 ·
524 4638 623 4691 καί⁵
661 4638 732 4691 τὰ
780 4639 973 4707 ἱμάτια
1016 4640 1182 4694 αὐτοῦ
1235 4644 1453 4710 ἐγένετο
1507 4645 1677 4698 λευκὰ
1715 4645 1791 4710 ὡς
1822 4647 1885 4702 τὸ

301 4725 417 4791 φῶς
450 4743 463 4755 ·
512 4730 574 4780 οὐ
638 4732 750 4799 γὰρ
804 4730 1069 4800 ἠδύναντο
1133 4734 1332 4787 ἐκεῖνοι
1394 4734 1616 4805 βλέπειν
1679 4737 1842 4791 πλέον
1867 4754 1881 4768 ·

303 4820 508 4889 μᾶλλον
534 4822 589 4875 δὲ
618 4825 712 4876 καὶ⁵
741 4826 879 4896 πρὸς
910 4827 1011 4898 τὴν
1048 4827 1257 4898 λάμψιν
1302 4831 1509 4902 ταύτην
1541 4836 1643 4887 οὒκ
1672 4834 1886 4907 ἰσχύον-

300 4930 389 4975 τες
426 4915 717 4980 ἁτενίζειν,
750 4922 977 4989 πρηνεῖς
1029 4921 1110 4980 είς
1160 4922 1264 4990 γῆν
1312 4924 1635 4980 κατέπεσον.
1692 4924 1885 4997 *Ομως

299 5004 468 5074 εἶδον,
502 5010 650 5063 κατά
685 5011 785 5081 τὴν
817 5012 1151 5080 ἐπαγγελίαν
1184 5013 1278 5066 τοῦ
1329 5015 1598 5087 Σωτῆρος,
1644 5018 1744 5090 τὴν
1797 5020 1888 5091 βα-

302 5101 509 5154 σιλείαν
533 5104 628 5156 τοῦ
656 5105 817 5172 Θεοῦ,
872 5107 933 5159 τὸ
990 5107 1169 5160 θεῖκὸν
1226 5109 1402 5161 ἐκεῖνο
1452 5112 1549 5163 καὶ
1576 5112 1888 5186 ἀπόρρητον

303 5192 458 5261 φῶς·
512 5194 542 5247 δ
590 5196 629 5246 Γ
636 5197 887 5268 ρηγόριος
943 5198 1042 5266 μὲν
1072 5199 1167 5254 καὶ
1206 5199 1490 5263 Βασίλειος
1545 5203 1592 5254 ei
1637 5206 1884 5274 μεγάλοι,

302 5284 536 5354 θεότητα
601 5288 1097 5358 προσαγορεύουσι,
1148 5290 1295 5357 Φῶς,
1322 5290 1592 5359 λέγοντες,
1636 5295 1668 5366 ἡ
1705 5312 1888 5367 παρα-

300 5379 581 5449 δειχθεῖσα
612 5380 800 5452 θεότης
843 5385 935 5435 ἐπὶ
974 5383 1070 5435 τοῦ
1112 5384 1273 5453 ὅρους
1307 5389 1419 5450 τοῖς
1456 5386 1756 5460 μαθηταῖς,
1795 5391 1887 5443 καὶ

304 5472 498 5533 κάλλος
528 5472 622 5525 τοῦ
652 5474 826 5537 ὅντως
858 5474 1108 5542 δυνατοῦ,
1143 5479 1175 5547 ὴ
1228 5478 1394 5548 νοητὴ
1420 5480 1585 5533 αὑτοῦ
1618 5482 1712 5534 καί
1749 5482 1886 5536 θεω-

304 5564 447 5637 ρητὴ
478 5564 692 5634 θεότης.
730 5567 790 5620 ὐ
837 5568 948 5638 γὰρ
992 5569 1171 5639 μέγας
1217 5570 1493 5634 Βασίλειος
1542 5574 1636 5627 καὶ
1691 5575 1887 5638 κάλλος

367 5763 412 5797 ⁸⁷
444 5764 611 5817 Marc.
646 5782 761 5827 vitt,
804 5768 891 5819 3‘3.
928 5784 944 5815 ι

1981 4553 2087 4618 sol,
2141 4561 2196 4607 et
2248 4553 2575 4608 vestimenta
2620 4552 2742 4622 ejus
2782 4550 2923 4607 facta
2963 4562 3092 4607 sunt
3138 4556 3367 4608 candida
3419 4556 3565 4609 sicut

1979 4643 2115 4710 lus;
2172 4651 2228 4696 et
2281 4660 2388 4698 non
2446 4653 2699 4713 poterant
2752 4644 2843 4697 ille
2878 4645 3152 4713 respicere
3183 4645 3436 4713 amplius,
3468 4648 3562 4699 sed

1981 4737 2162 4805 potius
2204 4735 2387 4790 lumen
2429 4736 2561 4789 illud
2604 4750 2712 4788 non
2757 4735 2998 4790 valentes
3035 4735 3260 4801 intueri,
3298 4738 3455 4805 proni
3506 4740 3564 4790 in

1982 4836 2183 4881 terrain
2199 4830 2541 4881 ceciderunt.
2576 4826 2749 4880 Simul
2775 4826 3048 4887 viderunt,
3067 4826 3220 4895 juxta
3247 4827 3562 4895 promissio-

1982 4934 2109 4973 nem
2144 4916 2466 4982 Salvatoris,
2503 4932 2731 4987 regnum
2755 4915 2874 4982 Dei,
2899 4918 3374 4987 divinumnempe
3426 4918 3561 4972 illud

1985 5022 2038 5067 et
2073 5010 2344 5066 ineffabile
2370 5010 2570 5075 lumen,
2606 5011 2751 5079 quod
2784 5013 2962 5080 magni
2995 5011 3294 5081 Gregorius
3322 5020 3378 5067 et
3412 5011 3563 5066 Basi-

1985 5102 2089 5158 ‘ius
2119 5103 2456 5157 divinitatem
2492 5103 2790 5171 appellant,
2820 5102 3110 5158 dicentes:
3150 5121 3170 5155 ι
3211 5104 3415 5158 Lumen
3469 5115 3555 5157 est

1985 5197 2240 5251 divinitas
2258 5196 2543 5265 discipulis
2568 5195 2623 5248 in
2652 5203 2839 5250 monte
2859 5194 3225 5260 manifestata,
3242 5206 3296 5250 et
3317 5195 3559 5265 pulchri-

1984 5292 2114 5344 tudo
2164 5287 2588 5359 Omnipotentis,
2639 5287 2993 5358 intelligibilis
3050 5286 3172 5357 ejus
3220 5288 3559 5356 visibilisque

1981 5380 2262 5436 divinitas.
2298 5397 2319 5431 ν
2352 5378 2582 5450 Magnus
2607 5380 2752 5436 enim
2782 5379 3016 5435 Basilius
3046 5382 3221 5435 lucem
3275 5379 3423 5432 illam
3471 5376 3558 5433 di-

1982 5472 2059 5528 cit
2081 5486 2205 5527 esse
2243 5471 2700 5541 pulchritudinem
2736 5473 2853 5538 Dei,
2882 5473 3017 5526 solis
3053 5473 3259 5526 sanctis
3287 5472 3558 5526 visibilem

1984 5566 2039 5619 in
2069 5564 2271 5618 virtute
2305 5563 2476 5619 divini
2506 5563 2761 5633 Spiritus.
2791 5564 2970 5634 Itaque
3019 5565 3206 5620 subdit
3258 5578 3274 5621 :
3310 5580 3331 5617 ι
3397 5563 3530 5619 Vide
