3994 6206
398 305 542 374 1ε23

1647 302 2038 365 GREGORII
2099 303 2427 365 PALAMZE

3530 305 3671 371 1224

394 424 725 474 runtautem
753 413 870 483 ejus
895 413 1358 482 pulchritudinem
1389 414 1588 471 Petrus
1612 423 1667 470 et
1697 415 1793 470 lilii
1824 416 1966 469 tonio

2095 412 2216 468 ;ῐναι
2267 413 2360 467 τοῦ
2419 411 2555 466 Θεοῦ
2608 429 2743 485 φησι
2770 412 2834 466 τὺ
2878 411 2992 482 φῶς
3044 414 3244 479 ἐκεῖνο,
3304 414 3489 485 μόνοις
3548 422 3659 482 τοῖς

394 508 501 563 trui
538 509 589 562 in
629 516 836 569 tuente,
867 519 1028 573 supra
1084 505 1217 559 solis
1261 504 1422 574 jubar
1473 504 1868 573 splendentem,
1915 513 1973 558 et

394 599 665 671 primitias
693 599 812 664 ejus
840 595 1148 665 pra-sentite
1176 596 1348 650 oculis
1374 610 1707 664 praesumere
1756 609 1973 649 merue-

395 702 548 747 runt.
606 710 624 742 ι
676 689 744 743 Ει
793 688 1164 743 Damascenus
1224 688 1526 758 tlteOIOgus,
1585 704 1708 743 cum
1763 686 1975 742 Joanne

398 786 812 856 Cbrysostomo,
842 781 1149 835 naturalem
1193 781 1495 835 divinitatis
1527 780 1737 835 radium
1791 780 1972 833 lumen

398 879 529 932 illud
560 884 911 931 vocaverunt.
951 874 1108 928 Prior
1136 874 1286 928 enim
1313 874 1552 928 scribit:
1591 891 1609 925 ι
1652 872 1735 926 Ab
1768 857 1975 926 aeterno

397 968 566 1022 Filius
596 983 659 1020 ex
695 968 857 1021 Patre
887 966 1124 1035 genitus,
1166 966 1464 1020 naturalem
1507 965 1576 1020 ab
1615 974 1822 1019 aeterno
1877 964 1977 1018 ba-

399 1064 483 1114 bet
518 1058 730 1113 radium
767 1058 1067 1113 divinitatis
1095 1075 1109 1123 ;
1139 1068 1195 1113 et
1219 1058 1523 1112 divinitatis
1554 1058 1746 1135 gloria,
1803 1056 1975 1125 gloria

397 1152 649 1219 corporis
684 1149 766 1203 fit.
800 1169 818 1202 ι
855 1150 918 1203 Et
944 1152 1126 1219 lingua
1156 1165 1325 1204 aurea
1361 1167 1375 1204 :
1413 1168 1431 1201 ι
1467 1149 1746 1220 Fulgidior
1771 1150 1973 1215 seipse,

398 1242 602 1313 inquit,
671 1242 935 1298 Dominus
1000 1243 1053 1297 in
1092 1253 1277 1297 monte
1340 1243 1615 1313 apparuit,
1694 1241 1980 1298 divinitate

400 1338 585 1392 radios
612 1352 741 1392 suos
762 1336 1163 1391 mauifestante.
1204 1353 1225 1389 ι

2075 506 2252 574 ἁγίοις
2284 505 2560 577 θεωρητόν
2586 506 2644 557 ἐν
2674 508 2740 576 τῇ
2772 505 2997 576 δυνάμει
3031 506 3123 558 τοῦ
3148 505 3294 559 θείου
3321 508 3657 577 Πνεῦματος.

2076 598 2166 649 Διὸ
2222 596 2315 649 καί
2372 613 2506 665 φησι
2569 596 2731 648 πάλιν
2765 612 2779 625 ο
2816 593 2970 649 Εἶδον
3027 596 3084 649 δὲ
3139 598 3305 651 αὑτοῦ
3357 601 3418 653 τὸ
3467 603 3665 665 καλλος

2077 687 2283 758 Πέτρος
2313 688 2408 739 καὶ
2435 687 2485 739 οἱ
2537 686 2643 739 υἱοὶ
2690 687 2788 756 τῆς
2844 686 3073 757 βροντῆς
3123 690 3181 741 ἐν
3210 688 3288 759 τῷ
3316 690 3455 760 ὄρει,
3489 693 3658 763 ὑπερ-

2076 777 2289 848 λάμπον
2312 781 2408 848 τὴν
2431 779 2524 830 τοῦ
2545 778 2698 845 ἡλίου
2729 777 3089 850 λαμπρότητα
3113 797 3127 812 ο
3155 781 3249 833 καὶ
3280 786 3347 834 τὰ
3398 785 3663 853 προοίμια

2077 871 2177 941 τῆς
2210 869 2377 925 αὑτοῦ
2408 871 2707 941 παρουσίας
2765 872 3063 941 ὀφθαλμοῖς
3094 872 3282 927 λαϐεῖν
3310 877 3661 947 κατηξιώθη-

2081 980 2197 1017 σαν.
2216 964 2272 1016 ’0
2296 964 2351 1014 δὲ
2381 962 2735 1033 Δαμασκηνὸς
2748 963 3016 1030 θεολόγος,
3042 966 3183 1032 μετὰ.
3209 964 3302 1017 τοῦ
3328 970 3532 1036 χρυσοῦ
3556 968 3660 1037 τὴν

2078 1055 2324 1123 γλῶτταν
2363 1057 2632 1121 Ἰωάννου,
2679 1055 2914 1124 φυσικὴν
2963 1056 3158 1109 ἀκτῖνα
3198 1058 3295 1127 τῆς
3320 1058 3573 1131 θεότητος
3602 1062 3663 1113 τὸ

2080 1150 2197 1218 φῶς
2228 1150 2407 1201 ἐκεῖνο
2435 1147 2888 1217 προσηγόρευσαν
2923 1163 2936 1176 ·
2990 1148 3019 1199 ὁ
3076 1148 3174 1218 μὲν
3226 1150 3449 1219 γράφων
3475 1165 3490 1183 ο
3539 1152 3663 1206 Ἂν-

2080 1242 2263 1312 άρχως
2319 1242 2347 1292 ό
2381 1239 2507 1303 Υἱὸς
2567 1242 2632 1293 ἐκ
2683 1238 2777 1291 τοῦ
2806 1237 3019 1309 Πατρὸς
3070 1241 3375 1311 γεννηθεὶς,
3427 1242 3527 1313 τὴν
3560 1261 3662 1312 φυ-

2082 1336 2244 1404 σικὴν
2270 1336 2466 1388 ἀκτῖνα
2500 1333 2734 1403 ἄναρχον
2782 1330 3045 1403 κέκτηται
3098 1332 3198 1402 τῆς
3247 1334 3499 1405 θεότητος
3526 1353 3541 1367 ο
3568 1337 3663 1388 καὶ

405 1424 439 1493 ἠ
472 1423 573 1494 τῆς
601 1424 854 1492 θεότητος
884 1423 1038 1490 δόξα,
1076 1425 1209 1489 δόξα
1253 1428 1349 1481 τοῦ
1388 1428 1642 1497 σώματος
1671 1429 1918 1498 γίνεται·
1963 1450 1991 1483 υ
2019 1428 2075 1483 δὲ
2113 1427 2547 1501 χρυσορῤήμων,
2582 1427 3011 1496 Λαμπρότερος,
3062 1424 3253 1494 φησὶν,
3280 1425 3477 1479 ἑαυτοῦ
3510 1427 3673 1496 ἐφαί-

404 1536 530 1573 νετο
558 1519 582 1575 ὁ
612 1518 819 1589 Κύριος
851 1521 946 1574 ἐπὶ
972 1520 1066 1574 τοῦ
1093 1521 1277 1593 ὅρους,
1301 1527 1400 1593 τῆς
1426 1525 1681 1596 θεότητος
1716 1526 2133 1599 παραᾶιξάσης
2161 1526 2265 1591 τὰς
2293 1528 2521 1589 ἀκτῖνας
2540 1523 2730 1594 αὐτῆς.

485 1602 610 1655 147.
636 1601 767 1655 illud
793 1602 1037 1653 divinum
1074 1613 1130 1655 et
1162 1599 1435 1655 ineffabile
1465 1603 1670 1662 lutnen,
1713 1601 1803 1654 Det
1855 1601 1995 1654 divi—

411 1691 643 1744 nitatem
674 1698 730 1742 et
761 1706 1010 1759 regnum,
1045 1691 1506 1759 pulchritudinem
1537 1704 1592 1746 et
1647 1691 1990 1760 splendorem

408 1781 609 1833 divinae
656 1792 886 1846 staturae,
946 1791 1259 1836 sanctorum
1323 1781 1377 1834 in
1443 1781 1984 1852 incomprehensibili

409 1872 717 1927 aeternitate
744 1874 1009 1927 visionem
1042 1883 1097 1928 et
1136 1874 1475 1939 felicitatem,
1510 1875 1812 1930 naturalem
1848 1876 1989 1930 divi-

408 1966 596 2018 nitatis
628 1968 840 2019 radium
865 1976 919 2020 et
942 1967 1192 2036 gloriam,
1229 1968 1551 2036 phantasma
1588 1976 1643 2021 et
1671 1979 1985 2022 creaturam

407 2072 529 2109 esse
562 2059 832 2111 blaterant
864 2058 1126 2123 haeretici,
1161 2068 1214 2112 et
1245 2074 1339 2113 eos
1360 2059 1452 2128 qui
1506 2057 1750 2126 ipsorum
1812 2060 1988 2114 instar

408 2145 463 2199 iu
487 2146 725 2200 divinam
757 2149 930 2201 lucem
959 2148 1038 2203 sic
1060 2148 1444 2217 blaSphemare
1466 2163 1574 2202 non
1600 2149 1743 2212 ausi,
1777 2150 1991 2203 increa-

408 2245 494 2292 tas
524 2239 796 2293 aestimant
832 2237 925 2294 Dei
958 2224 1244 2294 esseniiam
1297 2251 1351 2295 et
1388 2241 1784 2311 Operationem,
1833 2240 1986 2311 poly-

410 2331 569 2386 tbeos
600 2333 932 2387 calumniose
966 2334 1468 2388 circumclamitant
1509 2350 1525 2399 ;
1559 2349 1748 2389 verum
1787 2334 1986 2388 erube-

408 2436 582 2479 scant.
612 2426 870 2491 Quamvis
900 2426 1045 2479 enim
1076 2425 1318 2481 increata
1346 2427 1417 2481 sit
1453 2426 1634 2481 divina
1687 2426 1799 2492 lux,
1848 2440 1987 2480 unus

410 2515 567 2571 nobis
592 2526 677 2569 est
701 2514 846 2569 Deus
875 2516 926 2569 in
962 2532 1066 2570 una
1095 2518 1404 2581 divinitate,
1438 2518 1585 2587 quia,
1629 2525 1689 2571 ut
1735 2531 1987 2587 superius

407 2608 599 2661 crebro
618 2610 1046 2663 demonstratum
1070 2618 1173 2673 est,
1193 2612 1352 2665 unius
1372 2609 1469 2665 Dei
1490 2618 1637 2677 sunt,
1662 2620 1718 2666 et
1742 2610 1983 2665 increata

409 2701 670 2763 essentia,
697 2708 752 2755 et
783 2702 1021 2757 increata
1046 2704 1315 2772 Operatio,
1342 2702 1524 2759 divina
1557 2703 1772 2759 scilicet
1814 2701 1987 2772 gratia

408 2804 461 2846 et
490 2792 578 2846 lux
608 2794 720 2849 illa.

2188 1604 2331 1674 ρμς.
2368 1604 2537 1656 Τοῦτο
2568 1604 2630 1656 τὸ
2686 1603 2865 1658 θεῖκδν
2922 1621 3017 1658 κα.
3072 1607 3385 1678 ἀπόρρητον
3415 1610 3553 1679 φῶς,
3594 1614 3696 1685 τὴν

2107 1694 2203 1748 τοῦ
2233 1692 2367 1747 Θεοῦ
2399 1695 2627 1764 θεότητα
2662 1696 2758 1748 καὶ
2805 1695 3107 1764 βασιλείαν,
3146 1698 3206 1750 τὸ
3237 1701 3429 1763 κάλλος
3460 1705 3556 1755 καὶ
3590 1708 3694 1773 τὴν

2109 1786 2467 1859 λαμπρότητα
2497 1786 2597 1856 τῆς
2627 1786 2778 1850 Θείας
2803 1787 3039 1857 φύσεως,
3080 1789 3177 1860 τὴν
3213 1792 3273 1845 ὲν
3301 1792 3379 1863 τῷ
3404 1796 3687 1868 ἀκαταλῄ-

2110 1896 2229 1949 πτῳ
2254 1880 2413 1932 αίῶνι
2440 1879 2549 1931 τῶν
2604 1879 2773 1948 ἁγίων
2827 1880 3020 1949 ὅρασιν
3068 1883 3162 1934 καὶ
3212 1884 3533 1952 ἀπόλαυσιν,
3583 1891 3682 1959 τὴν

2108 1969 2342 2040 φυσικὴν
2400 1972 2594 2025 ἀκτῖνα
2637 1973 2731 2024 καὶ
2777 1972 2935 2037 δόξαν
2980 1973 3077 2045 τῆς
3136 1974 3421 2045 θεότητος,
3486 1980 3681 2051 φάσμα

2100 2063 2200 2117 καὶ
2250 2065 2457 2133 κτίσμα
2503 2065 2554 2117 οί
2611 2065 3087 2134 γλωσσαλγοιῗητες
3142 2070 3411 2135 αἱρετικοὶ
3460 2071 3682 2139 λέγουσι

2105 2152 2200 2205 καὶ
2252 2150 2379 2215 τοὺς
2414 2151 2489 2221 μὴ
2527 2149 2892 2219 ἀνεχομένους
2940 2152 3062 2203 κατ’
3111 2153 3309 2216 αὐτοὺς
3350 2156 3430 2217 είς
3450 2154 3512 2207 τὸ
3540 2156 3684 2210 θεῖον

2104 2244 2221 2312 φῶς
2272 2243 2430 2297 τοῦτο
2476 2242 2839 2313 βλασφημεῖν,
2876 2242 2992 2296 ἀλλ’
3042 2243 3298 2298 ἄκτιστον
3347 2245 3490 2300 εἶναι
3546 2265 3685 2317 φρο-

2103 2334 2329 2396 νοῦντας
2387 2334 2477 2386 τὸν
2529 2332 2662 2385 Θεὸν
2691 2332 2811 2385 κατ’
2838 2332 3047 2397 οὐσίαν,
3081 2334 3177 2388 καὶ
3206 2336 3324 2389 κατ’
3380 2338 3682 2406 ἐνέργειαν,

2102 2426 2184 2478 ὅτι
2213 2422 2395 2486 θεῖτας
2445 2418 2584 2477 εἶναι
2625 2423 3090 2492 συκοφαντοῦντες
3161 2427 3679 2497 περιαγγέλλουσιν.

2116 2516 2255 2569 Ἀλλ’
2308 2515 2775 2586 αἰσχυνέσθωσαν.
2816 2516 3094 2571 Ἀκτίστου
3120 2517 3227 2589 γὰρ
3271 2521 3366 2573 καὶ
3411 2520 3508 2574 τοῦ
3536 2521 3685 2576 θείου

2101 2608 2278 2675 φωτὸς
2307 2606 2482 2671 ὄντος,
2540 2601 2624 2669 εἷς
2665 2608 2797 2676 ἡμῖν
2827 2607 2959 2671 Θεός
3006 2610 3153 2663 ἐστιν
3191 2611 3248 2663 ἐν
3290 2613 3392 2681 μιᾷ
3423 2611 3641 2683 θεότητι
3668 2630 3685 2647 ⁸

2100 2701 2176 2762 ὡς
2209 2698 2327 2761 ἐνὸς
2357 2697 2513 2763 Θεοῦ,
2542 2697 2796 2768 καθάπερ
2817 2700 3075 2772 ἀνωτέρω
3091 2701 3375 2774 πολλαχῶς
3390 2706 3685 2772 δέδεικται,

2101 2788 2193 2842 καὶ
2239 2790 2337 2859 τῆς
2394 2787 2650 2842 ἁκτίστου
2688 2789 2876 2852 οὐσίας
2902 2791 3089 2862 οῦσης,
3123 2794 3216 2846 καὶ
3267 2796 3367 2863 τῆς
3421 2798 3687 2853 ἀκτίστου

2100 2882 2384 2952 ἐνεργείας
2418 2896 2431 2912 ’
2472 2880 2673 2952 δηλαδὴ
2700 2884 2798 2954 τῆς
2821 2883 2971 2947 θείας
2996 2885 3217 2957 χάριτος
3240 2887 3336 2942 καὶ
3361 2888 3689 2961 ἐλλάμψεως

2098 2991 2321 3045 ταυτης.

483 3058 607 3113 148.
634 3058 837 3114 Nefarii
863 3074 993 3130 ergo
1028 3058 1295 3126 haeretici,
1326 3061 1416 3130 qui
1443 3069 1567 3131 post
1596 3061 1865 3132 synodum
1884 3078 1983 3117 au-

2172 3064 2320 3136 ρμη’.
2350 3065 2547 3134 Φάσμα
2589 3064 2879 3135 τοιγαροῦν
2910 3068 3005 3121 καὶ
3060 3069 3266 3140 κτίσμα
3315 3073 3535 3142 φρονεῖν
3590 3076 3687 3129 ἐπὶ

412 3155 600 3209 dacter
631 3156 885 3206 dixerunt
914 3153 1158 3208 divinum
1186 3152 1318 3208 illud
1347 3154 1532 3210 lumen
1557 3170 1587 3210 a
1622 3155 1907 3213 Salvatore
1935 3160 1989 3213 in

410 3245 630 3300 Thabor
657 3243 917 3300 emissum
951 3259 1051 3314 pro
1079 3246 1465 3315 phantasmate
1494 3262 1558 3302 ac
1584 3258 1837 3303 creatura
1885 3250 1988 3305 ha-

412 3340 644 3393 bendum
682 3353 826 3402 esse,
858 3347 914 3392 et
942 3340 994 3393 id
1023 3339 1269 3393 stabilire
1305 3340 1485 3394 conati
1522 3349 1671 3405 sunt,
1710 3350 1765 3396 et
1790 3355 1819 3395 a
1846 3342 1987 3396 mul-

421 3435 489 3486 tis
538 3432 759 3487 refulati
797 3432 944 3487 haud
992 3442 1342 3488 mutaverunt
1380 3434 1732 3499 sententiam,
1795 3434 1989 3491 deflui-

411 3526 562 3581 tioue
596 3528 797 3597 scripta
831 3535 888 3580 et
923 3528 1274 3582 anathemate
1309 3530 1556 3598 percussi
1590 3537 1741 3584 sunt.
1766 3528 1902 3585 Nam
1932 3530 1987 3585 in

410 3618 835 3674 incarnationem
863 3620 957 3674 Dei
989 3621 1395 3690 ltlaspbemant,
1427 3630 1482 3676 et
1498 3633 1743 3678 creatam
1788 3623 1986 3680 insane

410 3712 601 3767 dicunt
634 3712 723 3767 Dei
751 3712 1114 3780 divinitatem,
1160 3722 1214 3767 et
1250 3712 1317 3767 ad
1344 3724 1679 3778 creaturam,
1716 3725 1983 3783 quantum

408 3813 658 3875 possunt,
686 3805 857 3873 ipsum
882 3806 1200 3875 deprimunt
1224 3805 1439 3861 Patrem
1463 3816 1518 3860 et
1542 3804 1738 3861 Filium
1769 3815 1826 3861 et
1858 3805 1984 3874 Spi~

410 3903 573 3953 ritum
603 3910 873 3954 sanctum.
911 3898 1026 3953 Utta
1062 3901 1205 3954 enim
1238 3910 1292 3953 et
1320 3899 1509 3954 eadem
1537 3909 1622 3954 est
1648 3899 1820 3953 tribus
1848 3900 1984 3954 divi-

411 3994 573 4046 nitas.
606 3991 663 4045 Si
690 4002 867 4047 autem
898 3994 1194 4046 increatam
1230 3992 1317 4047 isti
1344 4002 1398 4047 et
1436 3991 1765 4046 adorandam
1794 3993 1985 4048 dicunt

408 4082 768 4148 divinitatem,
797 4082 935 4137 duas
964 4083 1251 4138 manifeste
1272 4090 1582 4152 agnoscunt
1606 4083 1700 4151 Dei
1729 4082 1985 4138 divinita-

410 4184 517 4241 tes,
548 4191 711 4229 unam
743 4185 1004 4242 creatam,
1043 4185 1100 4230 et
1130 4174 1357 4229 alteram
1392 4175 1713 4230 increatatn.
1745 4173 1838 4230 Sic
1891 4189 1985 4229 sa-

408 4277 598 4337 tagunt
628 4277 853 4325 cunctos
882 4277 1094 4324 veteres
1126 4267 1414 4323 haereticos
1465 4267 1747 4336 impietate
1794 4280 1984 4337 super-

407 4364 576 4433 gredi.

366 4604 367 4611 “
481 4622 602 4676 H9.
640 4620 790 4675 Alias
815 4617 1063 4675 haeresim
1118 4632 1272 4675 suam
1334 4617 1519 4674 velare
1576 4625 1865 4686 conantes,
1926 4628 1982 4675 et

417 4715 717 4770 iucreatam
753 4714 938 4769 dicunt
984 4713 1155 4768 lucem
1184 4713 1234 4766 in
1290 4711 1511 4767 Thabor
1550 4713 1979 4776 manifestatam,

407 4822 463 4865 et
500 4809 792 4864 essentiam
818 4822 939 4864 esse
966 4807 1079 4872 Dei,
1115 4806 1482 4876 multipliciter
1504 4809 1638 4862 etin
1692 4807 1794 4863 hoc
1829 4808 1977 4863 blas-

411 4902 749 4972 pltemautes.
780 4899 916 4965 Quia
952 4900 1095 4953 enim
1138 4900 1207 4953 ab
1250 4899 1511 4968 apostolis
1564 4900 1741 4954 visum
1797 4908 1879 4955 est
1902 4900 1985 4953 lu-

411 5011 533 5050 tnen
564 4995 719 5058 illud,
764 4994 1032 5050 visibilem
1092 5003 1489 5065 consequenter
1536 5009 1657 5050 esse
1697 5002 1984 5049 autumant

406 5088 500 5143 Dei
522 5087 838 5143 essentiam.
896 5083 1092 5139 Verum
1131 5085 1356 5141 audiant
1394 5086 1661 5139 dicentem
1694 5098 1709 5135 :
1751 5102 1769 5135 ι
1809 5081 1983 5137 Nemo

407 5182 558 5237 stetit
591 5181 646 5234 in
675 5178 1052 5242 subsistentia,
1119 5176 1213 5246 qui
1271 5174 1566 5232 essentiam
1631 5173 1725 5228 Dei
1781 5184 1836 5229 et
1887 5174 1983 5229 Dei

409 5286 658 5329 naturam
697 5282 788 5327 aut
814 5271 1016 5327 viderit
1070 5280 1167 5324 aut
1231 5268 1592 5324 enarraverit.
1652 5265 1764 5321 Nec
1805 5266 1980 5321 solum

405 5368 582 5423 nullus
626 5366 926 5430 hominum,
986 5364 1081 5418 sed
1115 5375 1215 5417 nec
1271 5361 1608 5430 angelorum.
1681 5358 1798 5427 Ipsa
1836 5359 1983 5412 enim

409 5475 501 5515 se:
534 5460 637 5514 alis
666 5469 856 5514 ornata
913 5457 1187 5525 seraphin:
1236 5455 1309 5510 ob
1366 5469 1651 5508 excessum
1695 5453 1985 5508 etnicantis

409 5567 474 5607 ex
501 5568 563 5606 ea
588 5549 1010 5614 coruscationis,
1043 5546 1235 5602 facient
1267 5546 1463 5616 pennis
1494 5544 1918 5613 circumtegunt.
1956 5559 1978 5595 ι

407 5644 545 5707 Quia
582 5644 752 5710 igitur
784 5642 914 5695 nulli
949 5654 1192 5709 unquam
1224 5639 1338 5693 visa
1363 5646 1447 5693 est
1493 5634 1985 5705 supersubstantia-

410 5733 476 5787 lis
505 5734 738 5788 essentia
799 5733 917 5801 Dei,
977 5732 1195 5803 quando
1252 5731 1394 5787 hanc
1438 5743 1562 5785 esse
1607 5727 1793 5786 lumen
1849 5724 1983 5781 illud

2097 3158 2196 3226 τῆς
2228 3156 2445 3210 συνόδου
2478 3157 2768 3231 τολμηρῶς
2794 3159 3064 3225 είπόντες,
3114 3164 3210 3216 κα.)⁸
3246 3167 3688 3231 κατασκευάζειν

2098 3245 2451 3318 πειραθέντες
2478 3248 2525 3299 οί
2551 3248 2890 3317 κακόφρονες
2924 3253 3212 3321 αίρετικοὶ,
3244 3255 3305 3307 τὸ
3331 3254 3554 3327 λάμψειν
3574 3262 3687 3313 ἀπὸ

2098 3335 2191 3388 τοῦ
2226 3336 2481 3406 Σωτῆρος
2500 3338 2560 3392 ἐν
2593 3339 2792 3411 Θαϐὼρ
2827 3341 3007 3396 θεῖκδν
3036 3344 3211 3398 ἐκεῖνο
3256 3349 3394 3415 φῶς,
3452 3352 3546 3404 καὶ
3593 3353 3686 3406 διὰ

2098 3427 2309 3481 πολλῶν
2334 3428 2764 3500 ἐξελεγχθέντες,
2800 3434 2995 3505 καὶμὴ
3037 3439 3522 3507 μεταπεισθέντες,
3573 3445 3685 3512 ὰφ-

2097 3521 2313 3592 ορισμῷ
2369 3522 2631 3593 ἐγγράφῳ
2679 3525 2771 3579 καὶ
2809 3525 3113 3597 ἁναθέματι
3163 3530 3680 3605 καθυπεόλήθησαν.

2098 3611 2196 3675 Εῖς
2225 3630 2285 3666 τε
2312 3614 2422 3684 γὰρ
2455 3614 2554 3685 τὴν
2583 3615 2670 3668 διὰ
2701 3621 2903 3688 σαρκὸς
2932 3620 3245 3691 οἰκονομίαν
3299 3622 3684 3694 βλασφημοῦσι

2094 3702 2189 3755 τοῦ
2230 3702 2388 3767 Θεοῦ,
2437 3706 2532 3758 καὶ
2587 3708 2817 3779 κτιστὴν
2863 3704 3001 3764 εἶναι
3042 3713 3426 3783 φρενοϐλαόῶς
3461 3718 3683 3787 λέγουσι

2092 3795 2192 3864 τὴν
2239 3794 2333 3848 τοῦ
2385 3795 2521 3849 Θεοῦ
2575 3796 2826 3868 θεότητα,
2861 3801 2955 3854 καὶ
2980 3804 3059 3867 είς
3092 3806 3320 3874 κτίσμα,
3374 3809 3436 3861 τό
3482 3827 3548 3877 γε
3597 3814 3684 3877 είς

2093 3886 2292 3949 αὐτοὺς
2313 3881 2469 3958 ⁴ἧκον,
2516 3891 2897 3958 κατασπῶσιν,
2952 3894 3116 3947 αὐτὸν
3154 3897 3245 3950 τὸν
3304 3899 3550 3969 Πατέρα,
3581 3906 3688 3957 καὶ

2092 3978 2181 4031 τὸν
2226 3979 2373 4044 Υἰὸν,
2426 3979 2520 4033 καὶ
2574 3981 2636 4034 τὸ
2676 3982 2899 4053 Πνεῦμα
2934 3984 2993 4037 τὸ
3046 3986 3222 4055 ἅγιον.
3270 3989 3385 4043 Μία
3431 3992 3540 4063 γὰρ
3583 3996 3685 4047 καὶ

2093 4072 2127 4141 ὴ
2158 4071 2296 4141 αὐτή
2329 4073 2478 4125 ἐστιν
2519 4073 2769 4144 ἡθεότης
2792 4076 2901 4130 τῶν
2935 4078 3125 4149 τριῶν.
3169 4080 3232 4134 Et
3277 4081 3335 4135 δὲ
3379 4083 3472 4137 καὶ
3522 4084 3686 4140 datst-

2094 4178 2217 4214 στον
2250 4157 2400 4216 οὗτοι
2453 4164 2634 4218 σέϐειν
2692 4164 2909 4235 λέγουσι
2968 4167 3217 4239 θεότητα,
3281 4171 3374 4225 δύο
3426 4176 3685 4247 φανερῶς

2093 4252 2276 4307 λοιπὸν
2339 4249 2489 4309 οῦτοι
2541 4255 2790 4325 λέγουσιν
2855 4254 2996 4312 εἶναι
3052 4260 3145 4314 τοῦ
3194 4260 3328 4315 Θεοῦ
3388 4264 3684 4336 θεότητας,

2094 4348 2224 4415 μίαν
2250 4349 2493 4419 κτιστὴν,
2530 4350 2625 4403 καὶ
2675 4349 2843 4419 ἄλλην
2896 4352 3175 4408 ἄκτιστον.
3232 4355 3389 4411 Οὕτω
3440 4358 3686 4426 φιλονει-

2015 4456 2058 4511 D
2091 4437 2246 4489 κοῦσι
2288 4438 2497 4502 πάντας
2543 4440 2671 4502 τοὺς
2710 4440 2775 4493 ἐκ
2831 4442 3064 4496 παλαιοῦ
3117 4444 3446 4512 κακοδόξους
3500 4450 3683 4522 ὑπερ-

2089 4526 2250 4596 ϐῆναι
2286 4531 2352 4600 τῇ
2384 4529 2690 4602 δυσσεὸείᾳ.

2161 4619 2304 4691 ρμθ’.
2339 4623 2560 4687 Ἀλλοτε
2621 4624 2678 4678 δὲ
2724 4625 2822 4696 τὴν
2856 4626 3063 4681 οἰκείαν
3093 4631 3420 4698 κακοδοξίαν
3446 4638 3682 4691 συσκιά-

2087 4710 2200 4775 ζειν
2230 4715 2634 4785 μηχανώμενοι,
2660 4717 2754 4770 καὶ
2777 4718 3034 4774 ἄκτιστον
3068 4720 3287 4790 λέγουσι
3306 4724 3366 4779 τὸ
3394 4727 3454 4779 ἐν
3482 4728 3683 4783 Θαὸωο

2088 4803 2190 4874 ρίῳ
2218 4803 2440 4875 λάμψαν
2471 4807 2608 4875 φῶς,
2644 4809 2740 4860 καὶ
2797 4809 2986 4864 οὐσίαν
3037 4807 3179 4865 εἶναι
3228 4814 3323 4869 τοῦ
3348 4816 3509 4884 Θεοῦ,
3543 4820 3681 4873 πολ-

2084 4894 2303 4959 λαπλῶς
2348 4898 2456 4969 κάν
2498 4898 2675 4969 τούτῳ
2712 4898 3180 4971 βλασφημοῦντες.
3225 4905 3376 4958 Ἐπεὶ
3425 4907 3537 4979 γὰρ
3570 4911 3680 4964 ὑπὸ

2084 4988 2194 5042 τῶν
2252 4989 2565 5043 ἀποστόλων
2621 4992 2861 5063 ἑώραται
2915 4994 2977 5047 τὸ
3032 4995 3148 5062 φῶς
3200 4999 3397 5063 έκεῖνο,
3465 5002 3679 5075 όρατὴν

2084 5078 2271 5133 λοιπὸν
2295 5076 2434 5134 εἶναι
2479 5082 2665 5147 κακῶς
2697 5084 2955 5155 φρονοῦσι
3005 5087 3104 5155 τὴν
3146 5088 3335 5145 οὐσίαν
3363 5092 3459 5146 τοῦ
3487 5094 3629 5148 Θεοῦ
3656 5134 3675 5149 .

2099 5172 2239 5226 Ἀλλ’
2274 5172 2626 5228 ἀκουέτωσαν
2654 5177 2751 5229 τοῦ
2779 5176 3051 5246 λέγοντος·
3076 5182 3264 5246 Οὐδεὶς
3288 5183 3420 5256 ἔστη
3450 5187 3509 5239 ἐν
3540 5188 3677 5243 ὕπο-

2088 5264 2345 5332 στήματι.
2383 5264 2480 5318 καὶ
2507 5265 2694 5319 οὐσίαν
2748 5267 2906 5336 Θεοῦ,
2938 5271 3034 5324 καὶ
3074 5272 3209 5326 Θεοῦ
3239 5274 3400 5343 φύσιν
3435 5279 3469 5349 ἢ
3505 5275 3672 5349 εῐδεν,

2087 5352 2120 5422 ἢ
2172 5354 2553 5425 ἐξηγόρευσεν.
2612 5358 2724 5410 Καὶ
2782 5360 2857 5430 μὴ
2899 5363 3062 5431 μόνον
3116 5366 3292 5431 οὐδεὶς
3338 5369 3672 5442 ἀνθρώπων,

2086 5444 2338 5499 ἁλλόὺδὲ
2365 5448 2471 5501 τῶν
2492 5448 2740 5517 ἀγγέλων
2761 5465 2774 5479 ·
2800 5454 2893 5504 καὶ
2916 5453 3057 5507 αὐτὰ
3085 5457 3193 5528 γὰρ
3225 5458 3292 5511 τὰ
3322 5459 3675 5534 ὲξαπτέρυγα

2087 5538 2358 5609 Σεραφὶμ,
2414 5541 2509 5593 καὶ
2553 5542 2690 5612 πρὸς
2733 5542 2905 5614 αὐτὴν
2932 5546 3034 5618 τὴν
3056 5548 3358 5623 ὑπερϐολὴν
3393 5556 3495 5624 τῆς
3527 5559 3673 5610 ἐκεῖ·

2086 5629 2179 5685 θεν
2254 5632 2679 5703 ἐκπεμπομένης
2732 5634 3076 5707 ἐλλάμψεως,
3118 5644 3238 5705 ταῖς
3293 5644 3523 5714 πτέρυξι
3572 5665 3675 5700 πε-

2087 5722 2411 5797 ρικαλύπτει
2437 5724 2535 5789 τὰς
2559 5723 2730 5789 δύνεις.
2783 5726 2936 5781 Ἐπεὶ
2976 5729 3106 5799 γοῦν
3142 5732 3351 5789 οὐδέσιν
3389 5736 3513 5791 οὐδέ
3541 5756 3670 5792 ποτε
