3960 6190
275 259 414 337 Ῑὲζθ

1465 255 2030 343 ΗΑοιοιιιΤιουε.
2051 269 2332 348 TOMUS.

3401 277 3536 358 12o

271 405 386 452 τος,
412 388 510 441 καὶ
545 388 659 456 φῶς
712 388 1102 462 ὑπεραρῤήτου
1148 392 1328 462 δόξης,
1379 396 1472 446 καὶ
1516 395 1766 461 ἀγγέλων
1822 397 2174 470 καθαρότητα
2222 399 2477 466 ὀνομάζει
2508 415 2521 431 ⁶
2556 402 2581 454 ὁ
2619 377 2673 453 δὲ
2712 396 2889 473 μέγας
2942 401 3256 472 Μακάριος,
3309 421 3402 457 και
3429 405 3536 454 τῶν

272 481 585 551 ἀσωμάτων
616 482 846 553 τροφὴν,
880 485 975 536 καὶ
1003 482 1102 554 τῆς
1130 485 1287 548 θείας
1324 486 1546 555 φύσεως
1573 489 1759 556 δόξαν,
1797 495 1892 545 καὶ
1920 493 2014 546 τοῦ
2048 496 2337 563 μέλλοντος
2367 497 2566 560 αίῶνος
2599 498 2889 565 καλλονὴν,
2921 499 3032 569 πῦρ
3080 499 3224 552 Θεῖον
3250 500 3345 552 καὶ
3377 501 3539 552 ἐποκει-

275 576 483 643 ράνιον,
513 575 629 644 φῶς
660 575 928 647 ἄρρητον,
961 577 1056 630 καὶ
1085 579 1296 647 νοερὶν,
1330 577 1628 651 ἀρραϐῶνα
1653 584 1974 654 Πνεύματος
2006 590 2189 655 ἁγίου,
2229 589 2552 653 ἁγιαστικὸν
2587 589 2965 657 ἀγαλλιάσεως
2991 593 3189 663 ἔλαιον.

349 676 538 738 Ὅστις
594 669 707 736 οῦν,
750 690 876 735 τους
909 670 1007 740 τὴν
1038 672 1284 726 θεοποιὸν
1314 671 1521 740 ταύτην
1566 670 1726 739 χάριν
1759 670 1856 723 τοῦ

272 767 434 830 Θεοῦ,
467 767 747 828 ἁκτιστον,
770 765 864 817 καὶ
894 764 1217 834 ἀγέννητον,
1255 763 1350 816 καὶ
1367 762 1731 815 ὲνυπόστατον
1770 760 1858 815 λέ-

274 875 490 924 γοντας,
517 860 632 921 τοῖς
679 855 1078 920 Μασσαλιανοῖς
1146 857 1426 910 συντάττει
1481 858 1574 909 καὶ
1602 855 1854 918 Διθεῖτας

276 950 454 1016 καλεῖ,
482 948 641 1018 εἴπερ
658 950 765 1020 ἄρα
786 950 872 1012 τίς
905 951 1078 1012 ἐστιν,
1102 943 1258 1011 οὗτος
1297 951 1430 1002 ῖστω
1460 951 1572 1012 τοῖς
1597 949 1690 1001 τοῦ
1721 948 1857 1001 Θεοῦ

274 1039 454 1105 ἁγίοις
480 1043 878 1112 ἀντικείμενος,
916 1044 1012 1096 καὶ
1036 1042 1129 1095 τοῦ
1153 1044 1357 1113 κλήρου
1375 1043 1482 1094 τῶν
1507 1043 1852 1111 σωζομένων,

272 1135 321 1185 εί
353 1132 428 1202 μὴ
463 1133 892 1204 μεταμεληθείη,
945 1135 1138 1186 ἑαυτὸν
1184 1125 1484 1195 ἐκϐάλλων,
1552 1134 1646 1185 καὶ
1696 1134 1856 1195 αὐτὸς

272 1226 557 1279 ἐκπίπτων
580 1225 673 1278 τοῦ
705 1225 822 1288 ἑνὸς
859 1227 953 1278 καὶ
971 1226 1131 1294 μόνου
1153 1226 1260 1279 τῶν
1294 1227 1462 1293 ἁγίων
1489 1227 1650 1295 φύσει
1676 1227 1810 1279 Θεοῦ
1837 1244 1852 1257 ·

271 1318 421 1377 ὅστις
451 1317 508 1370 δὲ
569 1317 867 1379 πιστεύων,
919 1319 1014 1369 καὶ
1055 1318 1396 1387 πειθόμενος,
1432 1321 1526 1372 καὶ
1572 1319 1853 1390 συμφθεγ·

273 1411 505 1480 γόμενος
539 1413 650 1472 τοῖς
682 1410 879 1476 ἁγίοις,
912 1411 1002 1463 καὶ
1028 1410 1102 1481 μὴ
1135 1413 1606 1482 προφασιζόμενος
1641 1414 1856 1483 προφά-

272 1513 387 1562 σεις
419 1500 478 1552 ὲν
506 1499 825 1571 ἁμαρτίαις,
863 1500 923 1552 τὸ
980 1501 1078 1571 μὲν
1112 1502 1362 1571 φανερῶς
1418 1503 1710 1574 λεγόμενον
1754 1507 1854 1561 οὐκ

267 1591 606 1655 ἀποσείεται,
639 1587 717 1654 ὡς
767 1592 998 1658 ἀγνοῶν,
1046 1594 1233 1660 ἀγνοεῖ
1285 1595 1341 1647 δὲ
1381 1596 1471 1648 τὸν
1499 1597 1701 1667 τρόπον
1758 1601 1852 1652 τοῦ

2025 676 2346 744 Quicunque
2394 675 2556 743 igitur
2589 677 2831 730 dicentes
2863 680 3000 729 hanc
3031 675 3127 730 Dei
3155 671 3382 746 gratiam
3407 684 3528 730 esse

1946 767 2240 820 increatam
2279 767 2689 837 iugenitamque
2731 779 2785 820 et
2829 768 3272 836 substantialem,
3320 770 3525 823 Massm

1942 858 2102 912 lianis
2134 860 2458 913 adnumerat.
2495 869 2549 912 et
2585 859 2850 915 dualistas
2883 873 3061 925 vocat,
3098 864 3140 914 si
3176 863 3300 930 quis
3339 878 3533 930 nempe

1942 953 2032 1010 sit,
2068 951 2169 1003 iste
2199 950 2336 1004 sciat
2367 966 2424 1005 se
2463 953 2673 1006 sanctis
2723 950 2814 1004 Dei
2849 953 3147 1011 adversari.
3190 965 3242 1005 et
3312 955 3380 1006 ab
3417 955 3532 1006 cle-

1943 1053 2151 1095 ctorum
2177 1051 2347 1104 sorte,
2382 1040 2426 1094 si
2469 1058 2570 1092 non
2609 1040 2908 1109 resipiscat,
2934 1042 3173 1111 seipsum
3222 1027 3441 1111 ejicere,
3480 1051 3536 1096 et

1942 1134 2197 1187 excidere
2253 1133 2321 1187 ab
2356 1145 2463 1186 uno
2499 1133 2728 1200 soloque
2771 1143 2962 1188 sancto
3004 1145 3194 1188 natura
3237 1135 3365 1188 Deo.
3403 1135 3534 1200 Qui-

1942 1239 2156 1292 cunque
2207 1236 2384 1277 autcm
2433 1224 2682 1288 credens,
2715 1235 2768 1278 et
2822 1224 3109 1288 obediens,
3139 1234 3194 1279 et
3222 1240 3534 1278 consonans

1942 1311 2166 1380 sanctis,
2241 1331 2339 1371 nec
2390 1317 2800 1384 peccamine-os
2860 1328 3164 1387 praetexens
3220 1329 3535 1387 prmtcxtus,

1945 1410 2091 1462 clare
2124 1407 2346 1477 quidem
2383 1409 2591 1462 dictum
2630 1423 2737 1463 non
2771 1408 2950 1479 rejicit
2985 1420 3042 1462 ut
3075 1409 3354 1478 ignorans,
3391 1412 3539 1476 igno-

1946 1509 2029 1551 rat
2066 1513 2193 1552 vero
2226 1500 2442 1551 modmn
2481 1497 2748 1567 mysterii,
2789 1513 2894 1552 non
2929 1499 3255 1567 dedignetur
3285 1515 3536 1567 quaerere

1947 1605 2010 1644 ac
2032 1590 2246 1646 discere
2266 1604 2296 1643 a
2313 1591 2631 1644 scientibus.
2653 1589 2804 1644 Sciet
2824 1590 2968 1644 enim
2988 1591 3123 1644 nihil
3153 1591 3540 1644 inconveniens

271 1682 602 1752 μυστηρίου,
664 1683 740 1753 μὴ
798 1657 1116 1748 άπαξιόύτω
1151 1685 1357 1753 ζητεῖν,
1415 1657 1847 1758 καῖ’μανθάνειν

1949 1692 2069 1739 esse
2096 1682 2297 1737 divinis
2321 1683 2668 1736 sermonibus
2694 1691 2748 1736 et
2775 1683 2957 1744 rebus.
2990 1689 3045 1735 et
3074 1682 3236 1735 etiam
3273 1683 3327 1734 in
3363 1684 3538 1734 maxi-

269 1772 422 1842 παρὰ
453 1773 562 1826 τῶν
610 1772 848 1829 εἰδότων.
908 1775 1126 1829 Είσεται
1176 1775 1306 1847 γὰρ,
1342 1776 1417 1840 ὡς
1455 1779 1608 1833 οὐδὲν
1651 1781 1852 1835 ἀνακό-

266 1864 460 1917 λουθον
499 1867 613 1927 τοῖς
645 1863 812 1928 Θείοις
863 1865 1042 1933 λόγοις
1079 1869 1175 1921 καὶ
1235 1870 1546 1940 πράγμασι,
1570 1872 1666 1925 καὶ
1697 1871 1850 1926 ταῦτ’

265 1957 363 2008 ἐπὶ
393 1957 502 2009 τῶν
550 1957 1020 2025 ἀναγκαιοτάτων,
1061 1960 1154 2013 καὶ
1218 1955 1294 2015 ὧν
1326 1963 1454 2016 ἄνευ
1507 1965 1659 2020 οὐδὲν
1691 1966 1849 2019 οὐδα-

268 2050 386 2119 μῶς
426 2048 493 2102 ἂν
551 2051 803 2122 συσταίη,
844 2050 967 2105 οὔτε
1003 2055 1300 2125 μυστήριον
1345 2058 1482 2120 ὅλως
1523 2058 1848 2129 θεοπρεπὲς.

340 2138 528 2205 Ὅστις
580 2143 715 2214 μόνῃ
756 2147 821 2214 τῇ
880 2147 1113 2215 μιμήσει
1144 2166 1203 2200 τε
1257 2151 1351 2202 καὶ
1414 2152 1620 2222 σχέσει,
1680 2159 1849 2225 χωρὶς

261 2234 364 2303 τῆς
387 2233 634 2286 θεοποιοῦ
663 2235 886 2304 χάριτος
927 2237 1018 2290 τοῦ
1070 2240 1408 2309 Πνεῦματος,
1455 2244 1554 2313 τὴν
1587 2251 1722 2315 πρὸς
1757 2247 1848 2300 τὸν

259 2325 401 2378 Θεὸν
434 2324 648 2379 τελείαν
699 2327 894 2380 ἕνωσιν
944 2330 1306 2398 ἀποφαίνεται
1357 2334 1648 2400 τελεῖσθαι,
1705 2339 1848 2393 κατὰ

261 2417 390 2479 τοὺς
413 2415 669 2486 sperem
708 2419 803 2470 καὶ
849 2421 1251 2490 ἁγαπωμένους
1309 2426 1402 2477 ὑπ’
1453 2427 1719 2498 ἀλλήλων,
1751 2433 1846 2485 καὶ

263 2507 363 2578 τὴν
389 2501 632 2562 θεοποιδν
656 2511 813 2580 χάριν
842 2513 935 2565 τοῦ
965 2513 1123 2578 Θεοῦ,
1156 2515 1268 2580 ἕξιν
1312 2518 1413 2588 τῆς
1461 2521 1685 2594 λογικῆς
1744 2524 1845 2593 φύ-

265 2616 422 2664 σεως,
470 2600 557 2652 διὰ
585 2602 752 2672 μόνης
784 2605 1071 2674 μιμήσεως
1102 2611 1562 2681 προσγινομένην,
1602 2613 1720 2666 ἀλλ’
1745 2616 1844 2670 οὐκ

262 2692 530 2762 ελλαμψιν
570 2695 826 2765 ὑπερφυᾶ
863 2699 957 2780 καὶ
1005 2699 1343 2773 ἀπόρρητον,
1386 2706 1478 2757 καὶ
1509 2707 1660 2760 θείαν
1694 2710 1844 2780 ενέρ-

263 2793 444 2848 γειαν,
468 2783 754 2855 ὁρωμένην
805 2777 1053 2858 ἀοράτως
1071 2792 1178 2853 τοῖς
1197 2791 1540 2861 ἠξιωμένοις,
1571 2797 1664 2848 καὶ
1691 2777 1844 2849 νοου-

268 2875 437 2944 μένην
474 2875 872 2945 ἁπερινοήτως,
903 2867 1056 2943 οὗτος
1095 2879 1250 2946 ίστω,
1279 2886 1343 2954 τῇ
1371 2901 1480 2937 των
1524 2887 1845 2942 Μασσαλία-

263 2967 394 3029 νῶν,
432 2965 507 3029 ὡς
559 2967 660 3020 οὐκ
714 2965 880 3036 οἶδεν,
933 2972 1118 3042 ἀπάτῃ
1164 2975 1499 3046 περιπεσών.
1530 2980 1694 3033 Φύσει
1736 2983 1845 3052 γάρ

264 3059 418 3109 ἔσται
451 3059 590 3111 κατὰ
624 3062 801 3114 πᾶσαν
823 3063 1070 3133 ἀνάγκην
1092 3064 1224 3128 Θεὸς
1247 3069 1274 3119 ὁ
1301 3069 1612 3140 θεούμενος,
1632 3075 1679 3126 εί
1705 3076 1844 3128 κατὰ

265 3151 503 3218 φυσικὴν
530 3151 760 3222 δύναμιν
792 3156 823 3223 ἡ
849 3155 1042 3219 θέωσις
1074 3157 1251 3222 ἔσται,
1295 3161 1390 3214 καὶ
1417 3165 1530 3226 τοῖς
1568 3164 1716 3233 ὅροις
1746 3168 1844 3237 τῆς

265 3237 482 3305 φύσεως
504 3240 1080 3311 ἐμπεριλαμϐάνεσθαι
1125 3246 1364 3315 πέφυκε.
1401 3251 1491 3320 Μὴ
1531 3253 1713 3306 τοίνυν
1752 3250 1843 3310 οῦ-

265 3346 355 3392 τος
388 3329 487 3399 τὴν
524 3333 732 3384 οἰκείαν
768 3337 1130 3406 περιτροπὴν,
1167 3342 1280 3403 τοῖς
1309 3341 1569 3410 ἀσφαλῶς
1615 3347 1845 3400 ἑστῶσιν

264 3422 614 3493 ἐπιχειρείτω
645 3427 1106 3497 προστρίψασθαι,
1157 3432 1251 3484 καὶ
1293 3433 1484 3503 μῶμον
1533 3440 1644 3500 τοῖς
1687 3439 1839 3508 ἁμωο

266 3512 464 3582 μήτοις
504 3514 603 3581 τὴν
650 3516 834 3568 πίστιν
885 3520 1206 3588 ἐπενεγκεῖν
1234 3537 1248 3552 ⁸
1280 3524 1415 3577 ἀλλὰ
1467 3527 1528 3579 τὸ
1585 3530 1842 3600 φρόνημα

266 3604 660 3675 καταθέμενος,
694 3609 1014 3677 μανθανέτω
1056 3615 1206 3683 παρὰ
1238 3615 1346 3669 τῶν
1401 3623 1843 3691 πεπειραμένων,

266 3698 300 3767 ἢ
333 3697 441 3750 τῶν
481 3699 824 3754 ἀπ’ὲκείνων
872 3698 1292 3776 δεδιδαγμένων,
1336 3708 1411 3774 ὡς
1449 3712 1678 3782 ἄσχετός
1716 3718 1844 3779 ,ἐστι

267 3791 616 3844 παντάπασιν
640 3796 682 3863 ,ή
722 3797 820 3865 τῆς
848 3797 1116 3870 Θεότητος
1149 3802 1327 3870 χάρις,
1373 3805 1475 3858 οὐκ
1523 3805 1721 3878 ἔχουσα
1748 3809 1845 3878 τὴν

263 3878 481 3931 οίανοῦν
504 3874 758 3955 δεκτικὴν
781 3886 980 3957 ἑαυτῆς
1015 3892 1072 3942 ἐν
1124 3895 1191 3962 τῇ
1225 3895 1386 3962 φύσει
1415 3895 1644 3965 δύναμιν
1671 3914 1684 3929 ·
1721 3899 1842 3952 ἐπεὶ

263 3969 366 4058 οῦκ
392 3967 472 4022 ἐτι
499 3973 660 4058 χάρις
717 3977 893 4058 εστὶν,
936 3979 1073 4034 ἀλλὰ
1129 3986 1227 4054 τῆς
1267 3988 1405 4040 κατὰ
1459 3987 1559 4057 τὴν
1606 3990 1840 4058 φυσικὴν

263 4052 498 4123 δύναμιν
529 4055 813 4122 ἐνεργείας
854 4052 1191 4127 φανέρωσιςζ
1228 4060 1338 4113 Καὶ
1381 4052 1849 4131 οὐδεπαράδοξον

267 4143 424 4196 ἔσται
460 4143 520 4196 τὸ
546 4145 860 4216 γενόμενον,
897 4149 1110 4201 εἰκατὰ
1144 4149 1412 4221 δεκτικὴν¹
1443 4153 1682 4222 δύναμιν
1711 4157 1848 4207 θεώ-

267 4242 408 4296 σεως
442 4235 474 4304 ὴ
502 4235 698 4298 θέωσις
730 4235 817 4305 εἴη
840 4254 852 4266 ·
888 4238 1105 4303 φύσεως
1154 4240 1265 4310 γὰρ
1308 4242 1373 4296 ἂν
1396 4244 1626 4308 εἰκότως
1663 4245 1849 4315 ἔργον,

265 4324 386 4378 ἀλλ’
414 4323 474 4377 οὐ
501 4325 638 4378 Θεοῦ
668 4327 840 4396 δῶρον
875 4331 902 4398 ἡ
931 4329 1126 4393 θέωσις
1158 4331 1265 4402 εἴη,
1299 4334 1394 4385 καὶ
1434 4334 1720 4406 δυνήσεται
1759 4338 1851 4390 καὶ

267 4416 428 4484 φύσει
459 4415 593 4480 Θεὸς
633 4417 925 4482 ότοιοῦτος
967 4417 1130 4485 εἶναι,
1173 4424 1269 4476 καὶ
1323 4427 1530 4494 κυρίως
1575 4444 1848 4495 προσαγο-

267 4507 546 4578 ρεύεσθαι.
568 4509 702 4561 Οὐδὲ
724 4510 831 4582 γὰρ
851 4512 980 4564 ἄλλο
1007 4529 1058 4565 τι
1089 4513 1427 4584 καθέστηκεν
1460 4519 1491 4586 ἡ
1527 4519 1665 4570 κατὰ
1690 4519 1850 4587 φύσιν

262 4601 376 4653 τῶν
407 4602 574 4656 ὅντων
606 4605 838 4658 ἑκάστου
871 4606 1123 4677 δύναμις,
1179 4609 1211 4677 ἢ
1251 4609 1468 4677 φῦσεως
1517 4613 1651 4681 πρὸς
1699 4613 1848 4683 ἐνέρ-

262 4706 423 4761 γειαν
465 4695 822 4764 ἁπαράὸατος
882 4696 1114 4768 κίνησις.
1182 4699 1305 4764 Πῶς
1331 4702 1386 4753 δὲ
1414 4705 1507 4756 καὶ
1570 4703 1848 4774 ἐξίστησιν

261 4785 460 4837 ἑαυτοῦ
499 4787 590 4838 τὸν
639 4785 953 4857 θεοὺμενον,
986 4794 1015 4856 ἡ
1051 4791 1249 4855 θέωσις
1279 4813 1292 4858 ;
1354 4795 1414 4846 ΕΞ
1443 4794 1521 4848 ἔτι
1546 4800 1656 4858 τοῖς
1701 4799 1846 4867 ὅροις

257 4877 362 4945 τῆς
391 4877 602 4943 φύσεως
638 4880 776 4948 αὑτὴ
815 4881 1223 4952 περιείληπται,
1291 4887 1525 4940 συνιδεῖν
1566 4890 1664 4941 οὐκ
1716 4890 1842 4958 ἔχω.

279 4964 458 5039 Ὑπὲρ
496 4971 659 5038 φύσιν
683 4974 884 5036 τοίνυν,
911 4977 1005 5028 καὶ
1040 4977 1261 5047 ἀρετὴν,
1306 4979 1398 5030 καὶ
1426 4980 1652 5046 γνῶσιν,
1687 4983 1718 5050 ἡ
1749 4984 1846 5051 τῆς

261 5052 519 5125 θεώσειιίς
544 5064 724 5133 χάρις,
772 5068 863 5118 καὶ
915 5068 1160 5136 ἀπείρως
1212 5071 1280 5120 τὰ
1321 5071 1546 5123 τοιαῦτα
1605 5071 1840 5134 ἅπαντα,

259 5149 356 5200 καὶ
384 5151 476 5200 τὸν
517 5151 670 5218 ἅγιον
727 5147 980 5224 Μάξιμον
1032 5154 1236 5226 ταύτης
1276 5159 1482 5212 ἀποδεῖ.
1519 5159 1716 5230 Ἀρετὴ
1745 5163 1844 5230 μὲν

258 5241 370 5311 γὰρ
403 5241 576 5306 πᾶσα,
614 5245 708 5296 καὶ
747 5248 778 5315 ἠ
815 5247 901 5314 ἐφ’
940 5242 1072 5316 ἡμῖν
1098 5249 1189 5302 τοῦ
1232 5244 1369 5303 Θεοῦ
1419 5251 1651 5322 μίμησις
1709 5254 1844 5324 πρὸς

255 5335 360 5402 τὴν
400 5332 550 5386 θείαν
598 5336 793 5388 ἕνωσιν
832 5340 1132 5410 ἐπιτήδειον
1178 5346 1408 5397 ποιεῖται
1439 5345 1530 5397 τὸν
1569 5347 1842 5415 κεκτημέ-

257 5439 351 5472 νον
372 5436 385 5449 ·
413 5423 444 5491 ἡ
475 5422 530 5473 δὲ
563 5425 724 5494 χάρις
751 5423 921 5498 αὐτὴν
965 5421 1336 5501 τελεσιουργεῖ
1388 5435 1488 5505 τὴν
1531 5436 1843 5504 ἀπόρρητον

256 5511 458 5564 ἕνωσιν
490 5531 502 5544 ·
545 5514 616 5566 δι⁶
654 5517 823 5586 αὐτῆς
859 5518 964 5589 γὰρ
995 5520 1111 5584 ὅλος
1141 5523 1240 5590 μὲν
1288 5524 1432 5586 ὅλοις
1475 5529 1586 5588 τοῖς
1625 5527 1846 5591 ἀξίοιςό

254 5600 392 5664 Θεὸς
430 5607 750 5673 περιχωρεῖ⁶
783 5608 890 5678 ὅλῳ
927 5610 982 5662 as
1016 5610 1124 5662 ὅλοι
1162 5615 1560 5684 περιχωροῦσιν
1582 5617 1776 5680 ὅλικῶς
1797 5621 1844 5671 οἱ

257 5694 406 5760 ἅγιοι
430 5695 506 5764 τῷ
527 5696 669 5767 Θεῷ,
693 5699 812 5752 ὅλον
831 5701 1321 5773 ἀντιλαμϐάνοντες
1351 5702 1559 5761 ἑαυτῶν
1587 5710 1675 5762 τὸν
1689 5712 1840 5764 Θεόν⁴

1951 1789 2037 1828 me
2077 1773 2405 1828 necessariis
2461 1780 2516 1827 et
2559 1775 2680 1828 sine
2715 1773 2910 1842 quibus
2949 1774 3082 1826 nihil
3118 1789 3340 1840 prorsus
3405 1790 3540 1825 con-

1948 1876 2136 1929 staret,
2169 1879 2266 1918 nec
2299 1865 2466 1918 ullum
2497 1865 2813 1929 mystcrimn
2851 1864 2959 1915 Deo
2997 1882 3324 1924 umorue-us.

2019 2113 2340 2185 Quicunque
2393 2115 2697 2171 imitatione
2729 2127 2932 2172 tantum
2966 2131 3017 2172 et
3045 2119 3251 2180 habitu.
3273 2122 3389 2174 sine
3421 2121 3536 2174 dci-

1949 2207 2046 2260 lica
2070 2207 2305 2275 Spiritus
2320 2209 2513 2277 gratia.
2541 2210 2832 2277 perfectam
2851 2227 2974 2265 eum
2995 2211 3102 2266 Deo
3123 2215 3381 2266 unionem
3421 2215 3534 2266 ﬁeri

1948 2301 2162 2365 asserit,
2194 2298 2336 2354 sicut
2365 2301 2508 2355 inter
2537 2314 2632 2355 eos
2660 2305 2751 2370 qui
2783 2314 2908 2357 sunt
2941 2305 3184 2359 moribus
3224 2306 3537 2360 causimiles

1947 2399 2001 2444 et
2031 2393 2131 2446 sibi
2161 2391 2401 2446 invicem
2434 2392 2636 2459 dilecti,
2664 2403 2717 2449 et
2739 2395 2990 2449 deilicam
3035 2395 3124 2451 Dei
3159 2398 3385 2464 gratiam
3415 2412 3538 2453 esse

1949 2483 2191 2537 habitum
2235 2484 2513 2538 rationalis
2549 2494 2762 2540 naturae
2797 2487 2912 2541 sola
2956 2488 3259 2543 imitatione
3293 2491 3528 2559 acquisi-

1951 2583 2088 2638 tutn,
2125 2575 2220 2631 sed
2257 2591 2364 2630 non
2424 2575 2762 2632 ineffabilem
2811 2583 3384 2650 supernaturalemque
3421 2584 3535 2636 illu-

1949 2668 2302 2722 minationem
2355 2683 2419 2722 ac
2461 2669 2696 2722 divinam
2739 2673 3132 2738 operationem,
3183 2674 3536 2728 invisibiliter

1951 2760 2117 2815 visam
2151 2775 2180 2811 a
2228 2760 2408 2826 dignis
2457 2769 2512 2815 et
2560 2762 3010 2831 incomprehense
3043 2765 3399 2827 intellectam.
3442 2769 3533 2823 hic

1949 2853 2087 2906 sciat
2139 2851 2591 2908 Massalianorum
2645 2869 2703 2910 se
2754 2856 2983 2909 inscium
3033 2858 3204 2911 errori
3256 2859 3531 2915 incidisse.

1948 2943 2148 2998 Natura
2177 2944 2322 2997 enim
2360 2941 2501 2998 Deus
2533 2945 2635 2998 erit
2663 2946 2970 3001 necessario
3005 2962 3226 3014 prorsus
3258 2951 3348 3017 qui
3377 2951 3532 3004 dt-iti‘

1874 3053 1920 3111 ρ
1959 3045 2139 3102 catur,
2175 3039 2219 3090 si
2251 3022 2526 3093 hdeilicatio
2553 3053 2716 3107 penes
2748 3042 3048 3096 naturalem
3084 3045 3336 3097 virtutem
3378 3050 3449 3098 sit
3480 3056 3536 3100 et

1953 3129 2092 3180 intra
2125 3138 2331 3182 natura:
2365 3130 2562 3184 limites
2605 3134 2774 3200 possit
2813 3135 3222 3201 comprehendi.
3261 3135 3340 3191 Nc
3374 3139 3532 3206 igitur

1949 3220 2100 3274 hicce
2116 3227 2274 3274 suum
2303 3237 2542 3276 errorem
2581 3231 2695 3278 tuto
2721 3227 2991 3280 stantibus
3023 3227 3334 3296 itnprimerc
3366 3244 3534 3284 cone-

1951 3321 2062 3374 tur,
2091 3322 2144 3365 et
2169 3315 2514 3381 exprobrium
2572 3315 3144 3384 lrreprehensibilibus
3171 3321 3271 3375 ﬁzle
3295 3322 3531 3391 inferre;

1948 3408 2040 3457 sed
2085 3418 2212 3458 suos
2249 3407 2525 3471 deponens
2572 3423 2788 3469 sensus.
2822 3411 2997 3464 discat
3029 3414 3096 3465 ab
3146 3419 3385 3481 expertis
3440 3425 3531 3468 aut

1946 3497 2014 3550 ab
2047 3497 2130 3550 his
2163 3513 2299 3565 quos
2330 3499 2662 3574 docuerunt,
2685 3501 2986 3554 absolutam
3023 3519 3251 3572 prorsus
3285 3521 3408 3560 esse
3449 3508 3532 3560 di-

1948 3589 2187 3641 vinitatis
2211 3588 2462 3656 gratiam,
2495 3605 2590 3644 m-c
2617 3583 2890 3645 ullatenus
2909 3608 3068 3660 posse
3095 3596 3300 3648 viribus
3321 3609 3532 3650 numne

1952 3681 2090 3746 capi,
2134 3678 2260 3745 quia
2289 3693 2448 3732 secus
2469 3680 2581 3746 jam
2620 3694 2721 3732 non
2751 3684 2921 3751 gratia
2950 3695 3115 3746 esset,
3142 3687 3233 3738 sed
3270 3687 3532 3739 naturalis

1948 3771 2199 3840 potentiae
2229 3769 2472 3837 Operatio
2509 3772 2873 3825 manifestata.
2907 3772 2969 3826 Et
3001 3775 3138 3828 nihil
3179 3784 3310 3829 tunc
3357 3777 3528 3830 admi-

1950 3860 2116 3914 rabile
2147 3861 2318 3924 ﬁeret,
2350 3863 2392 3916 si
2423 3862 2572 3930 juxta
2599 3879 2854 3932 capacem
2881 3865 3244 3922 dcilicatiouis
3276 3870 3529 3924 virtutem

1947 3955 2217 4007 deilicatio
2258 3955 2397 4010 foret
2431 3971 2446 4011 ξ
2486 3967 2693 4008 natura:
2720 3958 2864 4010 enim
2898 3960 3115 4026 proprie
3140 3977 3294 4028 Opus,
3328 3973 3380 4015 et
3426 3979 3528 4016 lttm

1951 4044 2041 4097 Dei
2069 4079 2072 4082 ~
2098 4044 2298 4098 donum
2332 4056 2474 4100 esset
2503 4047 2793 4111 deiﬁcatio,
2821 4058 2875 4102 et
2901 4049 3184 4104 dedicatus
3215 4064 3396 4120 posset
3436 4069 3531 4107 ul-

1948 4144 2066 4188 tura
2094 4135 2248 4200 Deus
2284 4133 2398 4189 ﬁeri
2432 4143 2486 4190 et
2530 4139 2752 4206 preprie
2803 4141 3002 4194 vocari.
3038 4139 3172 4194 Nam
3207 4145 3340 4196 nihil
3378 4147 3524 4197 aliud

1944 4231 2029 4281 est
2078 4230 2345 4281 naturalis
2371 4229 2794 4298 uniuscujusque
2827 4242 3007 4285 rerum
3053 4238 3315 4302 potentia,
3366 4254 3525 4306 quam

1947 4330 2152 4373 naturae
2175 4322 2242 4373 ad
2275 4323 2644 4387 Operationem
2678 4323 3046 4378 inamovibilis
3076 4337 3274 4380 motus.
3307 4329 3368 4381 Et
3397 4346 3528 4396 quo-

1947 4413 2107 4466 modo
2142 4413 2484 4468 deiﬁcatione
2529 4429 2687 4480 supra
2728 4418 2964 4482 seipsum
3008 4420 3251 4473 elevatur
3309 4423 3531 4476 dcilica.

1947 4504 2069 4556 tus?
2105 4502 2158 4556 Si
2201 4506 2302 4559 hoc
2345 4507 2483 4559 intra
2532 4516 2738 4560 natura:
2774 4509 2971 4563 limites
3013 4515 3524 4581 comprehendatur,

1943 4595 1994 4647 id
2028 4594 2332 4664 intelligere
2375 4612 2483 4649 non
2516 4599 2690 4650 valeo.
2728 4598 2904 4666 Supra
2941 4611 3188 4654 naturam
3228 4604 3390 4672 igitur
3423 4609 3529 4660 vir-

1944 4697 2223 4754 tutemque
2257 4702 2318 4739 ac
2369 4689 2660 4741 scientiam
2709 4698 2790 4742 est
2837 4691 3198 4746 deilicationis
3226 4697 3422 4761 gratia,
3474 4711 3528 4748 et

1942 4779 2152 4831 inllnite
2176 4778 2355 4831 omnia
2392 4781 2900 4850 hujusmodi,juxt:t
2930 4793 3173 4835 sanctum
3211 4785 3525 4850 Maximum,

1941 4874 2008 4923 ab
2039 4871 2136 4923 hoc
2164 4872 2386 4924 distant.
2416 4870 2597 4925 Virtus
2627 4874 2854 4941 ﬂuidum
2885 4876 3061 4928 omnis
3088 4886 3143 4929 et
3184 4892 3280 4945 pro
3319 4880 3525 4933 viribus

1943 4963 2176 5015 imitatio
2228 4959 2318 5014 Dei
2371 4973 2554 5030 aptum
2591 4967 2656 5017 ad
2708 4966 2945 5019 divinum
3005 4969 3257 5021 unionem
3318 4970 3523 5026 faciunt

1938 5056 2029 5121 qui
2074 5070 2166 5107 eas
2219 5061 2447 5122 adeptus
2478 5067 2577 5118 est,
2630 5061 2805 5125 gratia
2864 5070 3040 5113 autem
3093 5063 3260 5128 ipsam
3312 5067 3522 5131 perlicit

1940 5146 2266 5199 ineﬂabiletn
2299 5151 2573 5213 unionem,
2611 5165 2708 5217 per
2737 5153 3035 5223 cunt_enim
3085 5165 3226 5207 tutus
3271 5153 3520 5216 omnibus

1936 5239 2117 5307 dignis
2149 5240 2387 5293 illabitur
2425 5243 2582 5306 Deus,
2607 5252 2661 5294 et
2695 5243 2790 5296 toti
2824 5259 3012 5298 omnes
3040 5245 3242 5314 integre
3277 5248 3515 5301 insident

1936 5335 2106 5383 sancti
2141 5329 2270 5393 Dco,
2299 5332 2391 5384 toti
2422 5333 2470 5385 iu
2500 5331 2667 5386 Deum
2705 5337 3074 5398 trausmutati,
3099 5346 3151 5388 et
3173 5352 3284 5389 suae
3303 5338 3368 5410 ad
3392 5350 3515 5390 euut

1937 5424 2275 5477 ascensionis
2304 5426 2455 5493 quasi
2505 5425 2746 5479 bravium
2786 5430 3060 5482 consecmi
3109 5431 3283 5494 ipsum
3322 5417 3515 5495 Deum,

1935 5516 2025 5582 qui
2075 5515 2214 5567 sicut
2267 5517 2442 5568 anima
2500 5519 2736 5586 corpori,
2774 5520 2904 5588 ipsis
2943 5529 3196 5586 tanquam
3253 5519 3516 5573 mcmbril

1933 5609 2408 5677 circumfunditur,
2461 5627 2664 5679 eosque
2729 5615 2780 5667 in
2839 5615 3017 5680 seipso
3059 5614 3312 5679 tliguutur
3371 5606 3517 5666 ualli"

1932 5718 2078 5770 pore.
