3960 6190
237 443 360 509 1233

1389 449 1958 509 HAGIORITICUS
1997 444 2276 504 TOMUS.

3319 427 3450 492 1‘231

221 562 302 609 καὶ
325 556 496 609 πάλινο
544 553 606 606 'll
638 553 936 624 ἀγαθότης,
973 554 1064 605 καὶ
1116 556 1222 606 πᾶν
1251 557 1303 608 εἴ
1334 573 1381 607 τι
1439 559 1773 628 ἀγαθότητος

1892 576 2076 614 rursus
2113 578 2126 614 :
2161 579 2179 611 ι
2212 557 2452 622 Bonitas,
2497 562 2550 607 et
2575 551 2836 623 quidquid
2870 550 2924 602 in
2954 546 3214 603 bonitatis
3248 547 3453 600 ratione

219 647 592 716 ἐμπεριέχεται
643 645 825 712 λόγῳ·
884 647 978 697 καὶ
1039 645 1226 707 ἁπλῶς
1290 648 1440 700 πᾶσα
1485 649 1618 717 ζωὴ,
1680 650 1774 701 καὶ

219 739 496 800 ἀθανασία,
526 736 621 789 καὶ
667 737 928 804 ἁπλότης,
961 738 1056 789 καὶ
1094 737 1349 806 ἀτρεψία.
1379 739 1474 791 καὶ
1527 743 1774 809 ἀπειρία,

220 832 422 884 καὶὸσα
451 829 581 900 περὶ
636 830 727 881 τὸν
757 829 888 879 Θεὸν
952 829 1226 892 οὐσιωδῶς
1278 829 1586 900 θεωρεῖται,
1640 832 1778 904 ἔργα

220 923 336 974 Θεοῦ
359 924 486 986 εἱσι,
527 922 621 973 καὶ
650 921 756 972 οὐκ
775 922 1027 988 ἠργμένα
1063 923 1351 990 χρονικῶς.
1395 924 1466 976 Οὐ
1503 925 1612 994 γάρ
1646 943 1778 978 ποτε

221 1015 575 1085 πρεσϐύτερον
602 1015 801 1082 ἀρετῆς
833 1015 890 1066 τὸ
912 1015 1010 1066 οὐκ
1042 1009 1130 1085 ἦν,
1160 1015 1279 1068 οὑδέ
1317 1033 1460 1077 τινος
1481 1017 1641 1070 ἄλλου
1669 1019 1777 1070 τῶν

221 1106 512 1178 εἰρημένων
547 1105 647 1159 κᾶν
675 1107 744 1158 τά
791 1109 1084 1177 μετέχοντα
1116 1108 1296 1159 αὐτῶν
1342 1107 1462 1159 κατ’
1492 1109 1650 1173 αὐτὰ,
1674 1105 1778 1180 ἦρ-

223 1219 334 1253 κται
357 1200 450 1253 τοῦ
483 1197 622 1252 εἶναι
649 1199 937 1270 χρονικῶς.
964 1200 1232 1269 Ἀναρχος
1263 1200 1372 1270 γάρ
1406 1203 1556 1254 πᾶσα
1587 1203 1776 1272 ἁρετὴ,

226 1293 293 1363 μὴ
315 1294 508 1362 ἔχουσα
561 1295 653 1344 τὸν
681 1294 874 1362 χρόνον
901 1292 1106 1360 ἑαυτῆς
1139 1292 1532 1362 πρεσϐύτερον,
1561 1289 1647 1346 οἷα
1687 1297 1778 1347 τὸν

220 1386 339 1438 Θεῆν
368 1385 565 1455 ἔχουσα
595 1385 686 1438 τοῦ
721 1381 860 1437 εἶναι
894 1383 1202 1453 μονώτατον
1246 1385 1430 1447 ἀϊδίως
1456 1387 1778 1456 γεννήτορα.

225 1479 435 1533 Πάντων
463 1478 518 1530 δὲ
533 1477 638 1530 τῶν
659 1479 830 1530 ὄντων
862 1479 954 1530 καὶ
983 1477 1326 1546 μετεχόντων
1349 1479 1443 1530 καὶ
1476 1479 1777 1547 μεθεκτῶν,

220 1571 499 1639 ἀπειράκις
517 1568 759 1637 ἀπείρως
787 1569 814 1619 ὁ
849 1566 977 1629 Θεὸς
997 1568 1424 1639 ὑπερεξῄρηται.
1449 1570 1779 1624 Μανθανέτω

219 1663 384 1715 τοίνυν
415 1663 478 1712 ἐκ
499 1662 725 1723 τούτων,
776 1660 850 1722 ὼς
883 1660 942 1712 οὐ
997 1660 1176 1713 πάντα
1205 1659 1271 1712 τὰ
1320 1660 1664 1730 ὑφεστηκότα
1717 1664 1780 1716 ἐκ

218 1754 344 1805 Θεοῦ
380 1790 396 1815 ,
424 1753 515 1804 καὶ
550 1751 656 1804 ὑπὸ
695 1752 886 1821 χρόνον
908 1751 1033 1804 είσί.
1067 1752 1172 1804 Καὶ
1203 1751 1312 1822 γὰρ
1337 1751 1482 1804 ἔστιν
1512 1751 1548 1805 ἀ
1578 1753 1780 1807 τούτων

218 1849 421 1920 ἀναρχά
451 1852 586 1908 ἐστι,
620 1848 814 1917 καὶτῷ
838 1848 981 1917 λόγῳ
1002 1849 1099 1917 τῆς
1132 1847 1300 1918 μόνης
1331 1847 1571 1918 ἀνάρχου
1597 1847 1778 1916 φύσει,

1880 650 2376 718 rurnprebenditur,
2403 656 2459 703 et
2505 644 2806 716 generatim
2855 641 3033 695 omnis
3094 639 3226 702 vita,
3267 647 3324 692 et
3352 640 3450 692 im-

1882 743 2204 802 mortalitas,
2231 750 2284 794 et
2323 739 2668 807 simplicitas,
2693 746 2749 790 et
2781 732 3212 796 irnmutabilitas,
3252 739 3308 785 et
3351 733 3452 784 im-

1856 835 2162 897 mensitas,
2181 844 2232 888 et
2251 834 2503 903 quaelibet
2523 829 2834 885 essentialia
2871 827 2962 880 Dei
2992 829 3266 890 attributa,
3287 838 3450 892 opera

1881 924 1973 977 Dei
2018 931 2163 988 srrnt,
2189 922 2287 976 etsi
2329 936 2432 975 non
2466 919 2837 988 temporaliter
2859 915 3144 985 rmpcrint.
3171 914 3454 983 Nunquam

1880 1014 2154 1068 enimnon
2184 1014 2505 1069 exsistentia
2523 1009 3068 1079 praecessitvirtutem
3112 1015 3202 1059 ant
3223 1005 3454 1072 aliquam

1884 1107 2045 1160 aliam
2071 1105 2416 1174 praebiturum
2443 1105 2786 1174 qualitatum,
2811 1102 3055 1170 quamvis
3075 1096 3452 1166 participantia

1881 1212 1974 1250 eas
2011 1212 2135 1251 curn
2157 1197 2373 1252 eisesse
2397 1193 2767 1263 temporaliter
2817 1193 3100 1258 coeperint.
3160 1188 3294 1242 Nam
3336 1189 3454 1239 sine

1882 1287 2147 1357 principio
2202 1296 2283 1342 est
2326 1286 2502 1340 omnis
2551 1285 2745 1348 virtus,
2807 1298 2910 1336 nou
2974 1281 3178 1334 habens
3242 1287 3455 1344 tempus

1881 1381 2057 1448 seipsa
2075 1377 2336 1440 anterius,
2357 1385 2538 1444 utpote
2561 1374 2734 1427 solum
2765 1374 2928 1426 Deum
2955 1371 3160 1425 habens
3183 1385 3293 1423 sua:
3313 1370 3457 1423 exsi-

1880 1471 2092 1524 stentiae
2109 1470 2176 1524 ab
2191 1479 2394 1522 aeterno
2414 1467 2737 1538 genitorem.
2753 1463 3016 1519 Omnibus
3035 1473 3211 1513 autem
3237 1461 3427 1528 partici
3440 1491 3459 1505 .

1882 1560 2139 1629 pantibns
2198 1569 2250 1612 et
2281 1557 2616 1626 participatis
2672 1554 2939 1607 immense
2971 1560 3026 1605 et
3085 1549 3289 1603 inﬁnite
3318 1550 3456 1602 Dens

1881 1651 2270 1721 supereminet.
2305 1667 2324 1701 ι
2357 1649 2539 1703 Discat
2574 1647 2735 1714 igitur
2765 1661 2828 1698 cx
2871 1645 2952 1698 bis
2985 1658 3092 1696 non
3132 1641 3309 1695 orrrtria
3336 1657 3456 1710 quae

1885 1744 1995 1799 Deo
2020 1743 2270 1810 subsunt,
2316 1741 2546 1810 tempori
2611 1739 2915 1808 subiacere.
2951 1736 3163 1792 Etenim
3195 1735 3453 1790 nonnulla

1885 1838 2076 1891 lrorrrnr
2129 1837 2247 1891 sine
2273 1835 2540 1906 principio
2568 1841 2712 1897 sunt,
2738 1835 2870 1900 quin
2901 1831 3013 1884 sola
3046 1831 3164 1884 sine
3191 1829 3456 1898 principio

220 1939 308 1989 καὶ
347 1936 632 2006 τρεαδικῆς
651 1936 898 2004 μονάδος,
919 1937 1120 2006 καὶτῆς
1142 1937 1260 1990 κατ’
1279 1937 1448 2008 αὐτὴν
1468 1938 1773 2008 ὑπερςυοῦς

1881 1929 2180 1983 secundum
2215 1937 2464 1981 naturam
2497 1924 2759 1986 essentia,
2785 1935 2839 1977 et
2873 1925 3008 1976 trina
3046 1923 3294 1992 personis
3323 1921 3456 1977 Utri-

216 2029 532 2096 ἁπλότητος,
565 2027 768 2096 ἣκιστα
817 2027 1140 2096 λυμαίνεται
1171 2044 1184 2058 ⁸
1214 2027 1305 2079 τὸν
1334 2029 1496 2080 αὐτὸν
1517 2028 1625 2098 γὰρ
1651 2030 1776 2098 τρό-

219 2135 314 2169 πον
341 2119 429 2168 καὶ
452 2119 479 2168 ό
516 2115 636 2178 νοῦς
688 2117 806 2168 κατ’
858 2117 1105 2186 ἀμυδρὰν
1145 2117 1328 2169 εἰκόνα
1352 2119 1450 2185 τῆς
1500 2119 1778 2186 ὑπερὸαλ-

216 2209 405 2276 λούσης
427 2208 641 2276 ἐκείνης
665 2208 949 2279 ἀμερείας,
985 2209 1235 2279 οὐδαμῶς
1261 2209 1348 2264 διὰ
1376 2210 1473 2274 τὰς
1507 2211 1782 2280 ἐμφύτους

214 2299 401 2352 ἑαυτοῦ
429 2302 662 2368 νοήσεις,
697 2300 948 2362 σύνθετός
979 2302 1148 2353 ἐστιν.

285 2393 469 2454 Ὅστις
508 2393 607 2453 τὰς
632 2391 1100 2462 ἐνσημαινομένας
1125 2389 1202 2460 τῷ
1234 2390 1446 2460 σώματι
1480 2408 1780 2460 πνευματι-

215 2483 315 2545 κάς
346 2482 632 2543 διαθέσεις,
658 2481 767 2534 ἀπὸ
795 2481 904 2533 τῶν
961 2484 1018 2533 ἐν
1047 2483 1110 2551 τῇ
1145 2481 1288 2551 ψυχῇ
1317 2481 1424 2532 τῶν
1474 2483 1615 2535 κατά
1647 2483 1780 2536 Θεὸν

213 2575 624 2644 προκοπτόντων
695 2572 1054 2642 χαρισμάτων
1141 2573 1233 2626 τοῦ
1297 2572 1653 2640 ΙΙνεύματος,
1717 2576 1776 2626 οὐ

212 2666 599 2736 παραδέχεται,
655 2665 749 2718 καὶ
805 2665 903 2733 τὴν
962 2663 1056 2716 τοῦ
1124 2663 1429 2734 παθητικοῦ
1487 2665 1606 2718 καθ’
1667 2665 1778 2732 ἕξιν

212 2757 481 2827 νέκρωσιν
534 2755 807 2810 ἀπάθειάν
866 2772 1050 2826 φησιν,
1105 2755 1239 2809 ἀλλά
1293 2754 1368 2825 μὴ
1412 2756 1509 2825 τὴν
1563 2756 1656 2808 ἐπὶ
1710 2756 1778 2808 τὰ

210 2849 443 2920 κρείττω
509 2849 630 2900 καθ’
678 2848 792 2912 ἕξιν
825 2847 1128 2918 ἐνέργειαν,
1163 2847 1358 2911 όλικῶς
1387 2849 1780 2918 ἀπεστραμμέ-

209 2959 301 2995 νου
331 2941 398 2994 τά
437 2940 669 3010 πονηρὰ,
699 2940 792 2992 καὶ
844 2940 1295 3008 ἐπεστραμμένου
1346 2940 1481 3010 πρὸς
1509 2942 1578 2993 τὰ
1617 2940 1775 3002 καλὰ,

203 3036 281 3096 ὡς
305 3033 404 3096 τάς
437 3031 680 3101 πονηρὰς
718 3032 858 3096 ἕξεις
890 3033 1348 3100 ἀποκτισαμένου,
1378 3031 1469 3084 καὶ
1498 3034 1618 3095 ταῖς
1648 3034 1778 3097 ἀγα-

203 3129 328 3189 θαῖς
361 3126 780 3194 πλουτήσαντος,
811 3117 964 3186 οὗτος
997 3121 1304 3186 ἀκολούθως
1341 3126 1408 3193 τῇ
1441 3123 1666 3195 τοιαύτῃ
1689 3124 1762 3173 δό-

203 3218 296 3288 ξῃ,
322 3217 414 3268 καὶ
437 3216 533 3286 τὴν
566 3218 624 3268 ἐν
682 3215 762 3285 τῷ
790 3213 1055 3284 ἀφθάρτῳ
1111 3214 1221 3266 τῶν
1253 3213 1422 3266 ὅντων
1460 3215 1612 3266 αἰῶνι
1641 3215 1776 3283 μετά

205 3309 457 3378 σώματος
514 3307 869 3361 ἀπαναίνεται
916 3307 1226 3376 διαγωγήνο
1269 3305 1450 3375 είγάρ
1494 3307 1772 3376 συμμεθέ-

201 3403 286 3466 ξει
325 3400 443 3453 τότε
472 3402 538 3469 τῇ
568 3400 714 3469 ψυχῇ
739 3399 800 3451 τὸ
830 3398 988 3467 σῶμα
1020 3398 1126 3450 τῶν
1160 3400 1484 3469 ἀπορρήτων
1527 3399 1770 3466 ἀγαθῶν,

203 3497 300 3550 κα)⁸
331 3496 426 3549 νῦν
457 3495 630 3561 δήπου
681 3495 1034 3564 συμμεθέξει,
1069 3496 1208 3546 κατὰ
1238 3494 1297 3546 τὸ
1346 3494 1641 3564 ἐγχωροῦν,
1677 3496 1773 3564 τῆς

205 3587 615 3657 χορηγουμένης
671 3585 951 3655 μυστικῶς
1006 3586 1096 3638 καὶ
1154 3586 1480 3656 ἀπορρήτως
1520 3585 1624 3637 ὑπὸ
1680 3584 1772 3636 τοῦ

202 3676 341 3729 Θεοῦ
403 3675 622 3745 χάριτος
671 3674 748 3745 τῷ
786 3677 1184 3745 κεκαθαρμένῳ
1241 3676 1335 3744 νῷ,
1378 3677 1470 3729 καὶ
1521 3677 1653 3730 αὐτὸ
1706 3677 1774 3730 τὰ

198 3769 324 3821 θεῖα
353 3769 621 3833 πείσεται,
656 3768 1002 3838 καταλλήλως
1058 3768 1255 3837 ἐαυτῷ,
1309 3769 1780 3839 μετασκευασθέν-

197 3876 322 3922 τος,
345 3859 440 3911 καὶ
463 3860 835 3925 ἁγιασθέντος,
859 3859 972 3912 ἀλλ’
1003 3860 1062 3912 ού
1107 3859 1228 3912 καθ’
1269 3860 1378 3924 ἕξιν
1407 3860 1774 3929 νεκρωθέντος

192 3950 300 4008 τοῦ
334 3948 437 4020 τῆς
485 3950 662 4023 ψυχῆς
718 3949 1044 4020 παθητικοῦ.
1076 3951 1184 4004 Καὶ
1213 3951 1280 4004 δι’
1319 3953 1538 4014 ἑαυτοῦ,
1591 3952 1773 4007 κοινοῦ

190 4045 459 4115 σώματός
495 4061 556 4095 τε
610 4045 702 4095 καὶ
727 4043 904 4112 ψυχῆς
938 4044 1295 4112 ὑπάρχοντος,
1330 4042 1429 4106 τὰς
1461 4042 1557 4094 τοῦ
1589 4044 1776 4112 σώμα-

186 4155 290 4200 τος
346 4135 672 4202 ἀγιὰζοντος
731 4134 998 4197 διαθέσεις
1032 4152 1089 4187 τε
1143 4136 1236 4187 καί
1275 4135 1572 4205 ἐνεργείας.
1626 4135 1778 4187 Ἐπεὶ

185 4227 306 4298 γὰρ
358 4226 467 4278 τῶν
526 4224 961 4294 ἀπηλλαγμένων
1005 4225 1112 4278 τῶν
1142 4224 1236 4276 τοῦ
1275 4224 1389 4293 βίου
1459 4224 1640 4276 καλῶν
1687 4224 1775 4277 διὰ

184 4317 295 4386 τὴν
324 4316 515 4369 ἐλπίδα
537 4315 646 4368 τῶν
697 4315 999 4382 μελλόντων
1042 4315 1282 4382 ἀγαθῶν,
1312 4315 1453 4368 κατὰ
1481 4315 1570 4368 τὸν
1622 4315 1776 4382 ἅγιον

185 4405 476 4476 Διάδοχον,
511 4408 540 4458 ό
567 4423 690 4468 γους
711 4409 994 4477 εὐρώστως
1023 4406 1112 4459 διά
1155 4407 1254 4476 τὴν
1295 4406 1630 4477 ἀμεριμνίαν
1687 4424 1775 4458 κι-

187 4493 483 4563 νούμενος,
515 4494 613 4562 τῆς
638 4492 790 4554 θείας
812 4495 1050 4569 ἀρρήτου
1083 4493 1192 4564 [ἵσ.
1223 4493 1501 4566 ἀρρήτων]
1539 4495 1762 4564 χρηστό-

1877 2031 1982 2086 tas,
2019 2033 2071 2075 et
2101 2019 2530 2090 Supernaturalis
2576 2017 2696 2086 ejus
2729 2016 3071 2086 simplicitas,
3109 2013 3277 2068 ullnrtr
3329 2013 3456 2066 inde

1875 2115 2104 2169 subeant
2132 2113 2512 2168 detrimentum
2546 2111 2774 2167 :eodern
2817 2110 2961 2164 enirn
2989 2108 3147 2162 modo
3178 2121 3350 2167 mens,
3385 2105 3451 2156 ad

1874 2206 2168 2276 Imaginem
2202 2204 2686 2274 superexcellentis
2717 2202 2864 2256 illius
2907 2199 3325 2260 individuitatis,
3349 2197 3451 2249 nri-

1876 2301 2023 2353 nime
2048 2301 2116 2352 ob
2161 2299 2434 2351 naturales
2469 2311 2601 2351 snas
2638 2295 2997 2364 cogitationes
3035 2292 3093 2346 tit
3124 2291 3445 2360 composita.

1945 2393 2262 2460 Quicunque
2285 2391 2620 2462 sigrriiicatas
2674 2404 2901 2456 corpore
2929 2386 3238 2456 spirituales
3268 2384 3450 2451 dispo-

1883 2489 2132 2548 sitiones,
2164 2486 2230 2538 ab
2255 2484 2438 2537 inditis
2461 2482 2657 2535 anima:
2681 2479 3076 2550 proficientium
3107 2478 3160 2530 in
3189 2477 3296 2530 Deo
3320 2475 3451 2529 cha-

1879 2579 2197 2633 rismatibus
2233 2575 2490 2646 Spiritus.
2535 2590 2643 2628 non
2681 2575 2963 2642 approbat,
2997 2582 3048 2625 et
3086 2569 3297 2623 habitus
3325 2585 3451 2622 cnn-

1874 2671 2204 2740 cnpiseibilis
2245 2668 2716 2724 mortiﬁcationem
2766 2677 2921 2720 vni-at
2980 2665 3280 2733 apubiarn,
3311 2664 3449 2716 baud

1877 2779 2002 2818 vero
2027 2763 2361 2818 melioratum
2384 2761 2756 2830 operationem
2778 2758 2938 2827 hujus
2968 2758 3205 2819 babitrrs,
3231 2756 3451 2808 omnino

1875 2857 2177 2912 aversantis
2209 2854 2347 2908 mala
2385 2864 2437 2907 et
2469 2852 2718 2908 conversi
2767 2853 2832 2903 ad
2870 2853 3032 2911 bona,
3077 2858 3260 2919 utpote
3296 2848 3450 2901 malis

1879 2945 2153 2998 lralritibrrs
2206 2943 2424 3012 spoliati
2461 2950 2514 2996 et
2551 2942 2707 2995 bonis
2742 2941 3098 3006 Ιοιειινιοιιιιίς
3127 2941 3214 2992 hic
3251 2955 3449 2992 conse-

1875 3045 2102 3104 quenter
2137 3035 2223 3088 isti
2273 3034 2556 3089 sententiae
2611 3049 2709 3086 nos
2760 3034 2810 3085 in
2866 3032 3045 3085 lnturo
3095 3033 3293 3085 sarculo
3329 3048 3448 3087 cum

1876 3126 2191 3194 corporibus
2228 3135 2386 3194 negat
2416 3126 2652 3178 victrrros
2696 3139 2710 3179 :
2746 3125 2790 3177 si
2825 3126 2968 3177 enirn
3003 3135 3128 3176 turre
3161 3125 3447 3192 participa-

1880 3229 2058 3272 turum
2086 3227 2170 3271 est
2193 3232 2314 3271 cum
2340 3217 2520 3270 arrirrra
2545 3232 2743 3284 corpus
2772 3216 3062 3269 ineffabilia
3096 3217 3258 3279 bona,
3286 3217 3448 3269 etiam

1881 3325 2028 3362 nunc
2078 3309 2321 3378 profecto
2376 3308 2872 3376 cornparticipabit,
2932 3322 3034 3376 qua
3090 3305 3202 3360 ﬂeri
3249 3318 3448 3374 potest,

1877 3401 2056 3455 datam
2085 3403 2310 3470 mystice
2333 3412 2387 3454 et
2417 3400 2759 3454 ineliabiliter
2780 3416 2808 3452 a
2840 3401 2945 3454 Deo
2973 3399 3451 3469 purificatarmcnli

1879 3494 2132 3560 gratiam,
2165 3505 2216 3547 et
2251 3494 2424 3563 ipsurrr
2459 3495 2642 3546 dirina
2688 3509 2833 3546 more
2872 3493 2973 3546 sibi
3006 3509 3248 3562 congruo
3280 3497 3449 3562 patie-

1882 3596 1988 3649 tur,
2021 3597 2375 3640 transmutata
2406 3596 2458 3639 ct
2499 3587 2854 3649 sanctiﬁcata,
2893 3602 2997 3638 non
3045 3598 3221 3640 tamen
3254 3602 3450 3641 secun-

1881 3675 2005 3728 dum
2041 3675 2284 3728 habitum
2335 3685 2523 3726 enecta
2584 3676 2631 3726 vi
2669 3677 2860 3727 anima:
2899 3675 3345 3740 concupiscibili;
3395 3686 3448 3730 et

1880 3783 1978 3836 per
2011 3769 2266 3832 seipsarn,
2303 3768 2503 3835 quippe
2535 3783 2653 3836 quae
2681 3767 2985 3819 communis
3013 3768 3222 3834 corpori
3256 3778 3307 3819 ct
3334 3769 3448 3820 arri-

1883 3874 1980 3911 rna:
2013 3858 2104 3923 sit,
2137 3860 2513 3912 sanctiﬁcante
2547 3859 2792 3924 corporis
2818 3859 3202 3926 dispositiones
3233 3870 3286 3913 et
3315 3873 3450 3927 Ope-

1882 3951 2140 4005 rationes.
2178 3949 2314 4015 Quia
2354 3951 2782 4004 enirnliberatis
2819 3966 2846 4002 a
2878 3952 3000 4004 vitae
3039 3951 3192 4004 bonis
3233 3955 3448 4020 proprer

1880 4058 2030 4111 spem
2080 4043 2384 4096 futurorum
2434 4044 2720 4105 bonorum,
2751 4041 2905 4110 juxta
2951 4051 3195 4096 sanctum
3250 4043 3441 4096 Diadu-

1881 4137 2064 4196 chnnr,
2105 4152 2255 4190 mens
2287 4135 2498 4188 fortiter
2530 4135 2598 4188 ob
2637 4137 2981 4188 securitatem
3032 4146 3172 4188 mota
3207 4136 3444 4191 divinam

1881 4228 2207 4281 irreli'abilern
2242 4229 2561 4281 suavitatem
2588 4227 2705 4295 ipsa
2735 4236 2934 4296 gustat,
2961 4227 3172 4294 corpori
3203 4242 3439 4294 quoque.

1883 4339 1978 4390 pro
2013 4337 2267 4374 mensura
2299 4321 2378 4372 sui
2413 4319 2706 4387 profectus,
2737 4332 2889 4371 suam
2918 4319 3283 4372 communicat
3316 4335 3442 4372 sua-

1882 4415 2126 4466 vitatem.
2172 4414 2348 4482 Atque
2399 4411 2705 4480 Irujusnrodi
2747 4411 2929 4464 laetitia
2979 4423 3106 4465 trrrrc
3154 4414 3345 4464 anima:
3393 4422 3448 4466 et

1880 4504 2096 4572 corpori
2126 4505 2320 4568 inorta,
2353 4505 2581 4575 hymnus
2607 4513 2689 4558 est
2728 4502 2984 4557 iudubius
3020 4504 3445 4573 incorruptibilis

177 4599 362 4652 τητος
401 4583 562 4663 αὐτὸς
598 4585 1012 4651 ἐπαισθάνεται,
1041 4586 1136 4640 καὶ
1167 4583 1244 4655 τῷ
1272 4582 1506 4655 σώματι,
1551 4586 1693 4640 κατὰ
1720 4588 1780 4639 τὸ
1808 4611 1849 4663 υ
1876 4594 2016 4649 vita},

169 4665 394 4732 μέτρον
428 4661 526 4730 τῆς
564 4663 763 4717 ἐαυτοῦ
806 4664 1118 4732 προκοπῆς,
1154 4664 1253 4732 τῆς
1289 4665 1498 4725 οἰκειας
1529 4661 1901 4735 χρηστότητος
1936 4669 2314 4736 μεταδίδωσιν.
2360 4673 2425 4722 Ἦ
2444 4674 2503 4724 δὲ
2534 4673 2756 4742 τοιαύτη
2795 4673 3121 4741 ἐγγινομένη
3153 4676 3295 4746 χαρά
3319 4678 3438 4731 τότε

159 4758 236 4825 τῇ
275 4757 432 4825 ψυχῇ
471 4755 667 4826 καὶτῷ
707 4757 944 4825 σώματι,
981 4757 1290 4826 ὑπόμνησίς
1319 4758 1468 4810 ἐστιν
1503 4757 1747 4828 ἀπλανὴς
1779 4761 1871 4829 τῆς
1903 4761 2185 4829 ἀφθάρτου
2232 4763 2499 4831 βιότητος,

261 4845 470 4896 Ἀλλου
507 4847 604 4915 μὲν
631 4848 805 4915 φωτὸς
828 4848 857 4898 ὁ
880 4849 1024 4912 νοῦς,
1055 4851 1242 4920 ἐτέρου
1270 4852 1323 4904 δὲ
1345 4854 1376 4922 ἡ
1395 4853 1642 4922 αἴσθησις
1675 4856 1765 4905 ἀνι

165 4935 626 5002 τιλαμῦάνεσθαι
647 4938 987 5006 πέφυκεν.’11
1015 4941 1113 5010 μὲν
1142 4943 1248 5011 γὰρ
1279 4942 1559 5010 αἰσθητοῦ,
1591 4949 1684 4997 καὶ
1705 4946 1772 4997 τά

164 5025 431 5093 αἰσθητά
455 5023 486 5100 ᾖ
509 5027 746 5098 αἰσθητά
769 5029 1075 5094 δεικνύντος
1097 5044 1115 5062 ⁸
1148 5033 1301 5086 τοῦδε
1333 5033 1422 5087 νοῦ
1455 5035 1571 5102 φῶς
1601 5038 1766 5100 ἐστιν,

161 5117 201 5184 ἡ
241 5117 307 5166 ἐν
344 5119 582 5185 νοήμασι
609 5121 833 5189 κειμένη
883 5121 1081 5188 γνῶσις
1108 5140 1121 5153 ο
1156 5125 1217 5175 οὐ
1246 5123 1338 5176 τοῦ
1385 5125 1550 5180 αὐτοῦ
1588 5126 1766 5180 τοίνυν

160 5205 390 5273 φωτὸς,
422 5209 544 5277 ὄψις
584 5227 639 5261 τε
666 5214 759 5263 καὶ
806 5213 928 5276 νοῦς
975 5213 1474 5285 ἀντιλαμϐάνεσθαι
1519 5218 1767 5287 πεφύκα-

158 5315 287 5362 σιν,
322 5299 463 5353 ἀλλά
505 5303 696 5373 μέχρις
718 5303 784 5357 ἂν
815 5305 934 5358 κατ’
964 5307 1170 5359 οἰκείαν
1227 5309 1414 5377 φύσιν,
1451 5310 1546 5362 καὶ
1575 5311 1633 5362 ἐν
1655 5312 1768 5373 τοῖς

156 5389 329 5442 κατὰ
361 5390 526 5458 φύσιν
558 5395 755 5465 ἐνεργῇ
791 5397 1050 5468 ἑκάτερον
1081 5398 1280 5452 αὐτῶν.
1313 5400 1482 5452 Ὅταν
1519 5400 1576 5455 δὲ
1607 5419 1768 5455 πνευ-

156 5481 436 5550 ματικῆς
473 5483 566 5537 καὶ
591 5484 902 5555 ὑπερφυοῦς
937 5487 1314 5557 εὐμοιρήσωσι
1341 5489 1559 5559 χάριτός
1593 5507 1653 5542 τε
1677 5491 1768 5543 καὶ

148 5571 494 5641 δυνάμεως,
527 5576 778 5646 αἰσθήσει
809 5593 867 5629 τε
901 5577 995 5629 καὶ
1017 5577 1114 5648 νῷ,
1170 5584 1234 5631 τὰ
1279 5579 1420 5649 ὑπὲρ
1459 5583 1639 5635 πᾶσαν
1677 5581 1766 5635 αῖ-

150 5665 386 5735 σθησιν
425 5668 519 5720 καὶ
549 5668 722 5721 πάντα
753 5669 876 5724 νοῦν
906 5671 953 5722 οἱ
1006 5668 1405 5739 κατηξιωμένοι
1457 5671 1764 5741 βλέπουσιν,

157 5759 270 5807 ἵνα
307 5759 458 5811 κατά
490 5759 582 5810 τὸν
625 5759 883 5827 Θεολόγον
915 5763 1158 5831 εἴπωμεν
1230 5763 1400 5831 μέγαν
1445 5764 1764 5835 Γρηγόριον,

139 5849 238 5911 ὡς
265 5844 393 5903 οἶδε
428 5851 587 5922 μόνος
618 5853 645 5904 ό
669 5854 822 5919 Θεῖς,
851 5856 943 5908 καὶ
965 5857 1012 5908 οἱ
1030 5855 1093 5908 τὰ
1120 5855 1340 5908 τοιαῦτα
1364 5857 1760 5928 ἐνεργούμενοι.

1952 4849 2187 4902 Alteram
2222 4850 2393 4901 lucem
2439 4863 2612 4914 mens,
2669 4849 2891 4904 alteram
2934 4865 3125 4906 sensus
3166 4855 3442 4924 percipere

1885 4941 2040 4994 valet.
2068 4939 2166 4992 llic
2195 4939 2336 4992 enim
2371 4939 2675 4994 sensibilem
2705 4951 2757 4995 et
2794 4942 3092 5008 sensibilia,
3124 4960 3227 5012 qua
3268 4947 3444 4999 sensi-

1881 5031 2034 5097 bilia,
2067 5031 2481 5098 nsterrdentern;
2527 5032 2722 5086 mentis
2767 5043 2944 5086 autem
2992 5034 3078 5088 lux
3122 5044 3206 5090 est
3239 5038 3342 5090 sita
3389 5041 3440 5092 in

1883 5118 2301 5184 cogitationibus
2334 5120 2591 5186 cognitio.
2623 5120 2739 5175 Non
2769 5123 3015 5176 eamdem
3062 5123 3230 5191 igitur
3263 5126 3436 5181 lucem

1880 5215 2026 5267 visus
2063 5223 2118 5266 et
2155 5227 2306 5268 ruens
2336 5213 2611 5282 percipere
2647 5215 2842 5279 valent,
2887 5219 2978 5270 sed
3029 5227 3238 5271 tarrtrrrn
3277 5221 3444 5274 donec

1878 5305 2176 5358 secundum
2201 5305 2469 5374 propriam
2494 5315 2740 5358 naturarrr
2762 5307 2814 5359 in
2838 5310 3173 5363 naturalibus
3193 5323 3440 5377 operatur

1878 5407 2162 5466 utrumque
2190 5399 2402 5451 borum.
2427 5396 2652 5462 Quando
2673 5414 2802 5451 vero
2826 5401 3158 5467 spiritualern
3183 5411 3236 5453 ct
3259 5419 3439 5469 ευριπ.

1879 5493 2182 5542 naturalem
2226 5489 2402 5542 sortiti
2438 5499 2566 5543 sunt
2597 5493 2822 5559 gratiam
2860 5507 2920 5545 ac
2967 5494 3240 5555 virtutem,
3277 5510 3438 5547 sensu

1876 5591 1929 5636 et
1961 5592 2141 5636 mente
2182 5599 2245 5634 ea
2293 5597 2414 5650 qua:
2461 5594 2586 5636 sunt
2618 5599 2778 5651 supra
2813 5598 3025 5636 onmem
3064 5601 3280 5638 sensum
3327 5603 3451 5639 orn-

1877 5691 2104 5742 nerrrqrre
2151 5686 2408 5739 ruentem,
2444 5676 2626 5730 vident
2671 5676 2811 5745 digni
2852 5677 2932 5746 (ut
2979 5675 3134 5744 juxta
3192 5695 3438 5747 magnum

1877 5773 2162 5835 loquamur
2195 5769 2511 5838 Gregorium
2549 5768 2928 5838 'l'lreologurn),
2974 5781 3135 5838 prout
3162 5771 3308 5827 solus
3339 5775 3436 5828 scit

1877 5862 2017 5915 Deus
2049 5874 2099 5914 ct
2131 5863 2324 5932 quibus
2361 5863 2662 5932 bnjusrnodi
2703 5873 2782 5920 cst
2821 5866 3086 5934 Operatio.
