3960 6190
334 421 710 431 r____‘__——’
662 421 670 423 '
687 421 690 422 '
702 421 710 426 ε

711 390 3348 428 ΗΝ

702 657 903 808 ΙΝ
1000 643 2137 833 GREGORIUM
2257 636 3176 795 SINAITAM
3324 674 3337 685 '

1669 930 2221 1024 NOTITIA.

392 1389 695 1461 Γρηγόριος
745 1386 774 1438 ό
802 1387 858 1439 ἐν
880 1385 1057 1454 ἁγίοις
1075 1381 1269 1452 Πατὴρ
1289 1381 1471 1450 ἡμῶν,
1496 1386 1526 1436 ὁ
1554 1386 1697 1434 κατὰ
1720 1381 1780 1435 τὸ
1797 1382 1885 1435 Σί-

2065 1389 2361 1458 Gregorius
2394 1394 2612 1443 sanctus
2660 1385 2822 1441 Pater
2851 1398 3049 1454 uoster,
3090 1389 3144 1442 in
3200 1400 3381 1444 monte
3412 1390 3561 1445 Siuai

318 1506 467 1545 ναιον
517 1487 643 1556 ὄρος
678 1482 906 1554 μοναχὺς
934 1479 1260 1549 ἀποκαρεὶς,
1302 1478 1396 1530 καὶ
1435 1478 1526 1531 διὰ
1558 1477 1716 1530 τοῦτο
1768 1477 1892 1529 ἐπι-

329 1596 546 1665 κληθεὶς
578 1595 847 1661 Σιναῖτης,
873 1594 1089 1662 ἧκμασε
1106 1593 1203 1660 μὲν
1232 1591 1324 1642 ἐπὶ
1340 1589 1439 1658 τῆς
1465 1589 1739 1658 βασιλείας
1778 1588 1894 1640 Ἀν-

327 1683 575 1752 δρονίκου
630 1681 724 1733 τοῦ
774 1681 1162 1748 Παλαιολόγοο,
1221 1680 1348 1747 περί
1380 1695 1478 1730 που
1524 1677 1586 1732 τὸ
1632 1676 1896 1747 χιλιοστὸν

329 1772 739 1843 τριακοσιοστὸν
792 1770 1116 1841 τριακοστὸν
1142 1769 1287 1831 ἔτος·
1326 1770 1404 1827 εἰς
1436 1768 1493 1822 δὲ
1526 1769 1586 1821 τὸ
1620 1768 1711 1821 τοῦ
1746 1767 1897 1820 Ἀθω

330 1865 457 1933 ὅρος
496 1862 687 1927 ἐλθὼν,
725 1863 818 1914 καὶ
846 1866 913 1914 τὰ
972 1864 1150 1914 ἐκεῖσε
1187 1860 1581 1930 περινοστήσας
1628 1861 1898 1928 μυναστή-

337 1975 447 2027 ρια,
509 1958 601 2008 καὶ
652 1956 1052 2025 ἡσυχαστήρια,
1090 1952 1317 2013 πολλοὺς
1351 1952 1448 2020 μὲν
1501 1944 1625 2020 εὗρε
1685 1950 1897 2002 συνέσει

333 2048 426 2103 καὶ
454 2048 522 2115 τῇ
555 2046 695 2097 κατὰ
718 2044 779 2096 τὸ
810 2040 942 2113 ἦθος
985 2041 1275 2111 σεμνότητι
1306 2040 1774 2109 κεκοσμημένους,
1806 2040 1900 2091 καὶ

332 2136 464 2205 περὶ
495 2136 555 2187 τὸ
584 2134 888 2205 πρακτικὸν
917 2133 1075 2201 μόνον
1118 2131 1543 2193 ἐσπουδακότας,
1577 2133 1706 2200 περὶ
1726 2131 1784 2182 δὲ
1804 2132 1900 2199 τὴ-

334 2240 497 2296 ρησιν
526 2224 645 2288 νοὸς
666 2226 751 2275 καὶ
792 2222 1021 2293 ἡσυχίας
1065 2220 1372 2289 ἀκρίϐειαν,
1413 2220 1506 2273 καὶ
1537 2220 1769 2287 Θεωρίαν
1807 2220 1901 2270 ἐπὶ

324 2331 575 2383 τοσοῦτον
599 2333 894 2400 ἀμυήτους,
921 2332 1061 2385 ὥστε
1090 2332 1211 2384 οὐδὲ
1244 2333 1301 2395 ἐξ
1325 2334 1587 2402 ὀνόματος
1616 2334 1685 2385 τὰ
1712 2334 1895 2385 τοιαῦ-

325 2441 395 2475 τα
451 2423 593 2485 οἴους
643 2424 801 2486 ὄντας
831 2425 1238 2491 διαγινώσκεινο
1270 2425 1447 2493 μόνοις
1485 2424 1540 2476 δὲ
1590 2426 1771 2493 τρισὶν
1808 2428 1895 2476 ἐν·

323 2514 583 2583 τυγχάνει
636 2515 775 2567 κατὰ
810 2516 905 2585 τὴν
952 2517 1178 2585 ἀντικρὺ
1217 2515 1464 2567 Φιλοοέου
1517 2519 1774 2584 κειμένην
1804 2516 1896 2567 τοῦ

324 2605 589 2672 Μαγουλᾶ
644 2608 849 2674 σκήτην
879 2605 1159 2672 (Ἡσαΐας,
1216 2606 1537 2675 Κορνήλιος,
1570 2609 1663 2660 καὶ
1702 2608 1892 2661 Μακά-

329 2713 439 2766 ριος
494 2698 679 2758 αὐτοῖς
750 2696 818 2749 τὰ
869 2696 1153 2764 ὀνόματα),
1223 2698 1418 2765 μικρὸν
1502 2696 1595 2747 καὶ
1655 2699 1781 2765 περὶ
1836 2697 1895 2749 τὸ

326 2788 659 2858 θεωρητικὸν
730 2788 1228 2857 ἐνασχολουμένοις.

326 2878 689 2947 πυρούμενος,
743 2878 803 2930 οὐ
853 2879 1010 2946 μόνον
1064 2879 1189 2941 τοὺς
1238 2881 1355 2931 κατ’
1394 2880 1541 2937 ,ἰδίαν
1592 2878 1897 2948 ἡσυχάζον-

326 2986 447 3031 τας,
493 2968 630 3019 ἀλλὰ
667 2968 731 3036 δὴ
784 2969 878 3020 καὶ
929 2969 1055 3030 τοὺς
1102 2971 1157 3021 ἐν
1201 2970 1483 3032 κοινοὸίοις
1514 2972 1897 3035 ἆπαντας,πε-

332 3062 383 3127 ρί
433 3058 646 3127 νήψεως
695 3059 788 3112 καὶ
826 3062 1071 3129 φυλακῆς
1112 3063 1229 3123 νοὸς
1266 3064 1359 3113 καὶ
1400 3065 1602 3134 νοερᾶς
1664 3081 1900 3134 προσευ-

328 3150 428 3219 χῆς
454 3151 753 3206 ἐδίδασκεν.
807 3154 880 3204 UO
920 3153 1025 3222 μὴν
1064 3153 1198 3207 ἀλλὰ
1250 3156 1342 3207 καὶ
1378 3155 1517 3207 κατά
1548 3155 1615 3207 τὰ
1663 3157 1899 3227 παρόρια

330 3244 427 3310 τῆς
458 3244 795 3306 Μακεδονίας
823 3249 970 3313 τρεῖς
995 3246 1201 3316 λαύρας
1232 3248 1493 3315 μεγίστας
1513 3249 1897 3318 οἰκοδομήσας,

328 3334 422 3384 καὶ
455 3334 656 3398 τόπους
697 3336 1073 3403 παμπόλλους,
1120 3338 1213 3390 καὶ
1269 3338 1537 3407 ἐπαρχίας
1576 3339 1896 3409 περιελθὼν,

1312 2789 1467 2857 Ζήλῳ
1531 2787 1659 2858 θείῳ
1717 2790 1893 2842 τοίνυν

320 3437 569 3502 ἅπαντας
601 3444 791 3504 κοινῶς
817 3442 909 3494 ἐπὶ
944 3444 1043 3511 τὴν
1072 3444 1170 3512 τῆς
1201 3446 1392 3514 νοερᾶς
1419 3446 1513 3499 καὶ⁹
1548 3445 1893 3501 ἀδιαλείπτου

323 3533 632 3600 προσευχῆς
655 3534 940 3604 ἐργασίαν,
965 3538 1079 3598 ταῖς
1112 3536 1283 3597 θείαις
1308 3537 1471 3589 αὑτοῦ
1500 3538 1891 3601 διδασκαλίαις,

322 3622 733 3691 προύτρέπετο·
788 3626 882 3677 καὶ
932 3627 1158 3690 πολλοὺς
1208 3628 1275 3681 δι’
1318 3629 1485 3698 αὐτῆς
1539 3631 1895 3697 ἁμαρτωλοὺς

319 3711 677 3782 ἐπιστρέψας,
709 3716 802 3767 καὶ
836 3716 1017 3780 ἀξίους
1046 3718 1104 3783 ἐξ
1158 3719 1400 3784 ἀναξίων
1452 3719 1764 3785 ἀποδείξας,
1797 3722 1894 3788 τῆς

323 3802 648 3870 σωζομένων
696 3805 915 3875 μερίδος
971 3805 1271 3877 ἀξιωθῆναι
1322 3809 1607 3877 παραίτιος
1651 3809 1889 3876 γέγονεν.

369 3888 401 3946 ὗ
452 3894 547 3946 καὶ
575 3894 665 3947 τὸν
700 3894 813 3963 βίον
867 3897 1170 3959 Κάλλιστος
1223 3900 1250 3949 ό
1286 3898 1586 3967 ἀγιὼτατος
1623 3900 1891 3969 πατριάρ-

320 4000 444 4051 χης,
482 3986 508 4036 ὁ
543 3983 639 4036 καὶ
671 3985 920 4054 μαθητὴς
961 3986 1124 4039 αὑτοῦ
1179 3987 1544 4056 χρηματίσας,
1578 3987 1716 4039 κατὰ
1759 3988 1895 4039 πλά-

1994 1496 2217 1537 tonsura
2279 1479 2579 1536 monachali
2644 1480 2911 1543 initiatus,
2961 1479 3192 1549 ideoque
3226 1492 3451 1535 vocatus
3480 1482 3564 1537 Si-

1992 1575 2164 1642 naita,
2217 1574 2400 1629 ﬂoruit
2449 1576 2548 1629 sub
2604 1573 2832 1643 imperio
2894 1573 3190 1627 Andronici
3254 1573 3564 1644 Palmologi,

1991 1669 2135 1723 circa
2173 1667 2517 1721 millesimum
2582 1664 3033 1718 trecentesimum
3074 1664 3410 1719 tricesimum
3468 1682 3568 1719 an-

1990 1778 2143 1815 num.
2178 1761 2330 1814 Illinc
2364 1760 2429 1812 ad
2465 1766 2703 1813 montem
2734 1757 2873 1811 Atho
2907 1759 3169 1826 migrans,
3226 1758 3407 1827 ibique
3456 1775 3568 1812 Ino-

1991 1854 2323 1908 nasteria.et
2355 1851 2681 1907 solitudines
2714 1865 3063 1918 percurrens,
3115 1851 3314 1905 multos
3365 1853 3570 1905 iuVeuit

1990 1946 2256 2013 sapientia
2283 1945 2501 2015 quidem
2550 1955 2603 1997 et
2666 1958 2876 1996 morum
2932 1944 3193 2011 gravitate
3246 1953 3468 1997 ornatos
3513 1954 3568 1997 et

1992 2039 2056 2093 ad
2086 2038 2384 2107 practicam
2408 2046 2614 2090 tantum
2645 2036 2807 2088 vitam
2842 2051 2898 2088 se
2926 2045 3261 2096 exercentes,
3287 2034 3351 2087 ad
3390 2043 3571 2089 custo-

1998 2131 2304 2184 diam‘vero
2334 2131 2534 2185 mentis
2562 2141 2615 2184 et
2645 2130 2711 2183 ad
2746 2129 3078 2198 quietudinis
3131 2143 3192 2184 ac
3237 2130 3569 2198 enutemplav

1991 2224 2152 2278 tionis
2179 2224 2499 2277 exercitium
2538 2225 2611 2276 ita
2643 2222 2823 2284 rudes,
2854 2231 2913 2273 ut
2947 2222 3057 2275 lucc
3086 2236 3152 2275 ne
3204 2221 3419 2275 nOsuiuc
3451 2222 3569 2290 qui-

1989 2314 2109 2368 dem
2145 2314 2459 2382 dignoscere
2506 2315 2808 2381 potuissent
2838 2330 2852 2379 ;
2907 2323 3016 2368 tres
3050 2324 3255 2367 tantum
3292 2314 3345 2370 in
3380 2329 3571 2367 mona-

1988 2398 2155 2462 sterio
2184 2408 2392 2476 Magula
2413 2408 2681 2476 eregioae
2702 2406 2970 2461 Pliilothei
2999 2408 3106 2460 sito
3129 2409 3329 2476 reperit
3351 2408 3570 2477 (quibus

1988 2500 2208 2553 nomina
2277 2500 2467 2563 Isaias,
2525 2501 2818 2556 Cornelius
2873 2510 2927 2555 et
2978 2498 3292 2565 Macarius),
3351 2503 3567 2570 paulum

1988 2593 2428 2661 contemplationi
2465 2604 2742 2649 vacantes.
2777 2594 2905 2648 Zelo
2953 2592 3115 2665 igitur
3146 2593 3329 2647 divino
3375 2609 3569 2647 accen-

1987 2698 2105 2747 sus,
2189 2701 2294 2739 non
2368 2686 2647 2742 solitarios
2718 2696 2948 2754 tantum,
2996 2690 3089 2742 sed
3144 2699 3197 2744 et
3256 2693 3557 2745 coenubitas

1992 2791 2180 2831 Omnes
2238 2778 2575 2847 vigilantiam
2632 2790 2687 2833 et
2746 2781 3047 2834 custodiam
3095 2782 3264 2836 animi
3314 2791 3369 2836 et
3412 2800 3566 2840 mcn-

1994 2870 2153 2924 tali-m
2186 2872 2485 2925 orationem
2516 2873 2719 2927 docuit.
2760 2872 2874 2928 Imo
2926 2874 2978 2927 in
3013 2874 3210 2928 liuibus
3241 2874 3571 2932 Macedonia:

1995 2973 2105 3017 tres
2144 2966 2323 3019 Ianras
2354 2968 2621 3020 niaximas
2668 2968 2979 3034 aedificavit,
3036 2970 3393 3039 plurimisque
3436 2972 3570 3028 locis

1987 3066 2043 3109 et
2092 3058 2403 3124 regionibus
2452 3059 2774 3128 peragratis,
2829 3075 3017 3114 omnes
3074 3064 3442 3118 communiter
3501 3067 3568 3119 ad

1992 3149 2241 3202 mentalis
2277 3160 2330 3203 et
2362 3151 2637 3205 continuae
2692 3153 2959 3207 orationis
3010 3169 3169 3208 usum
3230 3156 3426 3213 divinis
3455 3160 3572 3214 suis

1991 3241 2427 3297 institutionibus
2482 3244 2799 3299 adhortatus
2832 3254 2932 3312 est,
2977 3254 3029 3300 et
3056 3249 3254 3303 multos
3300 3266 3396 3316 per
3449 3265 3569 3305 eam

2001 3349 2294 3389 conversos
2320 3346 2651 3404 peccatores,
2674 3347 2725 3389 ct
2747 3338 2939 3409 dignos
2965 3356 3029 3394 ex
3065 3341 3301 3411 indignis
3324 3341 3567 3409 elI'uctos,

1991 3442 2088 3480 cur
2117 3429 2413 3484 elcc'orum
2447 3431 2819 3485 ltmreditatcm
2850 3418 3189 3488 mererentur
3241 3452 3406 3491 causa
3444 3436 3565 3492 fuit.

1992 3519 2141 3573 Illius
2163 3521 2321 3573 vitam
2340 3521 2597 3576 Callistus
2618 3524 2922 3591 patriarcha
2949 3526 2994 3595 (l
3012 3529 3456 3594 ),sanctissimns,
3477 3532 3567 3599 qui

1990 3625 2043 3667 et
2069 3614 2363 3681 discipulus
2391 3616 2505 3683 ejus
2536 3614 2653 3677 fuit,
2690 3616 2864 3682 ample
2887 3618 3231 3685 conscripsit.
3267 3618 3559 3686 Caeterum,

1992 3716 2045 3758 ut
2083 3704 2133 3756 in
2169 3707 2273 3756 vita
2314 3719 2411 3757 sua
2448 3707 2751 3759 communis
2780 3722 2948 3759 sacra:
2991 3707 3279 3778 vigilantia:
3308 3713 3565 3780 magister

1992 3796 2342 3851 celeberrime
2378 3796 2637 3860 innotuit,
2673 3797 2750 3850 sic
2784 3797 2867 3851 vel
2918 3810 3168 3853 mortuus
3196 3801 3261 3853 ad
3291 3805 3429 3855 hanc
3470 3821 3566 3871 per

1990 3888 2280 3958 praesentia
2316 3902 2409 3942 sua
2437 3888 2640 3955 scripta
2672 3890 3010 3943 manuducit.
3045 3891 3096 3943 lu
3129 3890 3212 3944 his
3240 3893 3382 3946 enim
3410 3913 3560 3947 lltt'll-

1992 3982 2116 4037 talis
2145 3990 2194 4034 et
2223 3982 2447 4035 iuternm
2468 3980 2730 4036 orationis
2750 3992 2921 4035 artem
2944 3982 3341 4050 elegantissime
3365 3997 3413 4040 et
3439 4003 3561 4055 pcr-

318 4091 411 4135 ⁸τος
442 4074 797 4145 συνέγραψεν.
849 4077 1005 4129 Ἀλλὰ
1032 4078 1161 4147 γὰρ,
1186 4078 1375 4147 ὥσπερ
1397 4081 1454 4130 ἐν
1475 4082 1540 4147 τῇ
1586 4080 1694 4148 ζωῇ
1725 4079 1890 4131 αὑτοῦ

1993 4073 2290 4128 lectissime
2312 4077 2489 4137 docet,
2512 4075 2684 4143 deque
2710 4075 3007 4129 moralibus
3031 4077 3323 4131 virtutibus
3339 4090 3393 4133 et
3417 4083 3565 4134 vitiis

322 4171 350 4220 ὁ
384 4166 649 4236 ἀοίδιμος,
679 4167 854 4229 κοινὸς
896 4168 1214 4230 διδάσκαλος
1262 4170 1358 4237 τῆς
1391 4170 1541 4237 ἱερᾶς
1564 4168 1772 4238 νήψεως
1799 4171 1889 4235 ἐγ-

320 4259 581 4326 νωρίζετο
611 4274 624 4287 ⁸
653 4258 825 4319 οὕτως
855 4256 920 4312 αὖ
965 4260 1103 4329 μετὰ
1131 4260 1358 4314 Θάνατον
1425 4263 1511 4312 ἐπ’
1557 4262 1725 4329 αὐτὴν
1769 4261 1891 4314 ταύ-

316 4364 417 4416 την
441 4348 528 4400 διὰ
558 4348 665 4402 τῶν
696 4350 978 4417 παρόντων
1005 4351 1169 4413 αὑτοῦ
1214 4351 1663 4420 συγγραμμάτων
1698 4368 1887 4420 χειρα-

316 4443 507 4505 γωγεῖ.
534 4440 637 4493 Τόν
670 4459 725 4493 τε
772 4442 879 4511 γὰρ
916 4443 1012 4508 τῆς
1043 4443 1233 4510 νοερᾶς
1266 4443 1357 4494 καὶ
1383 4443 1682 4511 καρδιακῆς
1712 4459 1887 4511 προσ-

319 4535 485 4599 ευχῆς
548 4534 849 4600 πρακτικὸν
896 4533 1096 4602 τρόπον
1148 4532 1405 4585 κάλλιστα
1447 4535 1539 4585 καὶ
1578 4532 1885 4584 τελεώτατα

320 4626 691 4690 μυσταγωγεῖ,
735 4626 825 4675 καὶ
877 4624 1005 4692 περὶ
1038 4623 1245 4691 ἠθικῶν
1301 4624 1510 4693 ἀρετῶν
1557 4625 1647 4676 καὶ
1702 4623 1887 4675 παθῶν

317 4716 650 4776 ἐκδιδάσκει,
689 4716 780 4767 καὶ
812 4716 927 4767 τίνα
957 4718 1053 4785 μὲν
1084 4716 1152 4767 τὰ
1193 4718 1395 4786 σημεῖα
1422 4718 1519 4785 τῆς
1551 4717 1777 4785 πλάνης,
1806 4715 1883 4768 τί·

1990 4169 2287 4230 disserit,et
2303 4170 2541 4236 quaedam
2561 4169 2781 4232 erroris,
2800 4168 3041 4236 qtncdam
3058 4170 3242 4237 gratia:
3259 4170 3408 4240 signa
3423 4171 3565 4226 clare

1992 4261 2219 4316 indicat.
2258 4262 2323 4314 Et
2359 4260 2600 4329 profecto
2640 4276 2803 4330 opere
2844 4260 2947 4314 hoc
2974 4261 3178 4315 nullum
3211 4262 3355 4316 aliud
3385 4264 3564 4317 utilius

1992 4366 2075 4411 est
2102 4356 2166 4411 iis
2191 4357 2279 4424 qui
2310 4356 2361 4409 iu
2383 4355 2579 4409 virtute
2604 4355 2717 4412 sive
2744 4355 3079 4425 incipientes,
3100 4356 3213 4410 sive
3243 4357 3430 4424 medii,
3455 4360 3563 4411 sive

1996 4449 2218 4518 perlecli
2246 4458 2390 4503 sunt.
2423 4448 2773 4509 Absconditae
2797 4459 2978 4503 autem
3040 4450 3093 4503 in
3151 4463 3216 4503 eo
3261 4450 3563 4517 Spirilttalt's

1997 4541 2199 4596 divitia:
2228 4552 2355 4610 quot
2384 4553 2435 4595 et
2460 4548 2675 4609 quantm
2704 4541 2812 4594 sint
2855 4541 3190 4609 reperietqui
3222 4558 3326 4595 non
3356 4543 3563 4596 curiose

1998 4637 2154 4702 leget,
2184 4646 2236 4689 et
2272 4636 2469 4705 gaudio
2497 4649 2623 4688 vere
2660 4633 2915 4688 inclIabili
2957 4635 3008 4687 in
3042 4650 3225 4687 earum
3257 4634 3567 4689 inventione

1996 4727 2281 4778 luctabitur.

309 4821 371 4855 να
400 4804 453 4853 δὲ
486 4803 587 4869 τῆς
625 4803 849 4871 χάριτος
885 4805 943 4854 ἐν
980 4820 1197 4867 τουτοις
1229 4806 1509 4873 διασαφεῖ.
1549 4809 1660 4860 Καὶ
1686 4809 1826 4868 ὅλως
1856 4810 2281 4878 χρησιμώτατόν
2331 4812 2503 4873 ἐστιν,
2541 4812 2698 4878 εἴπερ
2731 4830 2781 4865 τι
2834 4792 2987 4879 ἄλλο,
3022 4818 3175 4868 τουτὶ
3228 4818 3289 4871 τὸ
3321 4821 3563 4890 πόνημα,

309 4893 503 4961 ἐπίσης
564 4892 874 4962 ἀρχαρίοις,
909 4895 1097 4963 μέσοις
1140 4914 1199 4949 τε
1255 4898 1351 4951 καὶ
1384 4899 1635 4963 τελείοις.
1683 4901 1787 4952 Τὸν
1805 4900 1862 4952 δέ
1897 4903 1956 4953 ἐν
1983 4901 2167 4964 αὐτοῖς
2208 4903 2593 4971 κεκρυμμένον
2631 4908 3004 4976 πνευματικὸν
3034 4909 3285 4976 πλοῦτον,
3352 4915 3563 4986 ἡλίκος,

302 4990 398 5085 καὶ
422 4991 561 5085 Αὸσος
599 4991 881 5085 τίςᾳέστιν,
920 4990 948 5043 ὁ
1001 4991 1078 5063 μὴ
1123 4994 1419 5064 παρέργως
1457 4996 1725 5064 ἀναγνοὺς
1756 4997 1982 5070 εὑρήσει
2016 5013 2032 5031 ο
2066 4998 2160 5052 καὶ
2204 5001 2351 5069 χαρᾷ
2383 5000 2553 5063 ὅντως
2604 5003 2960 5076 ἀνεκλαλήτῳ
3012 5008 3321 5079 χαρήσεται
3373 5014 3467 5067 ἐπὶ
3495 5016 3561 5085 τῇ

302 5082 520 5150 εὑρέσει
553 5082 742 5138 αὑτοῦ.

409 5235 481 5298 (ι)
518 5237 703 5286 Auctor
725 5237 957 5288 Historiae
985 5238 1353 5288 ecclesiastica.
1382 5232 1507 5286 Vide
1533 5241 1650 5285 tom.
1676 5248 1855 5287 οιινιι.
