3994 6206
376 272 505 335 1241

1416 291 1693 351 CAPITA
1738 293 1884 355 PER
1931 297 2585 365 ACROSTICHIDEM.

3483 306 3619 379 1212

432 394 505 459 ς’.
528 394 769 465 Δύναμιν
799 396 894 449 καὶ
920 399 1134 466 σοφίαν,
1168 398 1340 466 ὀλίγοι
1395 402 1680 473 ἀμφότερα
1713 405 1775 456 ἐκ
1799 404 1925 457 Θεοῦ

2118 415 2172 468 6.
2224 413 2624 472 Nanciscuutur
2664 420 2822 488 pauci
2877 436 2905 474 a
2954 422 3065 477 Deo
3088 422 3341 478 virtutem
3369 427 3529 481 siuml
3562 441 3616 483 et

360 486 749 556 λαμϐάνουσιν.
794 489 856 541 Ἦ
880 488 977 558 μὲν
1011 489 1119 560 γάρ
1151 490 1267 543 ἐστι
1300 491 1409 544 τῶν
1445 493 1607 549 θείων
1632 494 1931 566 μεθεκτικὴ

361 573 600 640 ἀγαθῶν·
620 578 652 644 ή
667 576 745 639 δὲ,
762 577 1084 648 ὲκφαντική.
1101 579 1553 651 Μεταλαμϐάνειν
1574 582 1631 635 δὲ
1649 584 1742 636 καὶ
1758 599 1928 652 μετα-

360 665 580 730 διδόναι,
618 666 762 719 θεῖον
784 666 859 732 ὡς
887 667 1102 738 ἀληθῶς
1124 669 1316 740 χρῆμα
1343 671 1436 724 καὶ
1460 672 1601 743 ὑπὲρ
1624 674 1931 744 ἄνθρωπον.

434 758 501 821 ζ’.
552 757 843 827 Ίερατεῖον
880 758 1134 829 ἀληθινὸν
1185 762 1279 815 καὶ
1328 762 1439 833 πρὸ
1488 764 1586 833 τῆς
1633 766 1934 836 μελλούσης

360 846 621 914 βιώσεως,
664 849 698 918 η
750 850 921 919 χωρὶς
977 849 1257 921 λογισμῶν
1303 854 1502 924 καρδία
1554 858 1932 927 ἐνεργουμένη

354 936 433 1008 τῷ
455 938 754 1009 Πνεύματι.
792 939 977 994 Πάντα
1014 940 1124 1011 γὰρ
1158 941 1277 994 ἐκεῖ
1315 942 1556 996 τελεῖται
1586 946 1678 998 καὶ
1716 946 1932 1012 λέγεται

359 1028 782 1097 πνευματικῶς’
820 1028 915 1081 καὶ
947 1028 976 1080 6
1011 1027 1085 1098 μὴ
1141 1030 1483 1099 κτησάμενος
1521 1030 1680 1084 τοῦτο
1724 1031 1819 1083 ἀπ’
1848 1034 1932 1084 ὲνο

358 1117 570 1183 τεῦθεν,
598 1119 747 1183 λίθος
776 1121 894 1173 ἐστὶ
938 1119 1027 1173 διὰ
1073 1120 1241 1183 ἄλλας
1277 1122 1497 1193 ἀρετὰς,
1527 1125 1606 1187 είς
1647 1125 1934 1194 οἰκοδομὴν

356 1210 664 1281 ἐπιτήδειος
685 1210 780 1263 τοῦ
809 1210 958 1265 θείου
986 1212 1138 1279 ναοῦ,
1172 1214 1265 1267 καὶ
1295 1214 1355 1265 οὑ
1401 1214 1546 1279 ναὸς,
1584 1215 1678 1267 καὶ
1724 1217 1933 1285 ἱερουρο

356 1304 452 1370 γὸς
472 1303 566 1358 τοῦ
593 1302 734 1356 Πνεύ
744 1321 933 1373 ματος.

426 1393 496 1463 η’.
534 1394 844 1465 Ἃφθαρτος
906 1397 933 1448 6
994 1395 1276 1466 ἄνθρωπος
1330 1398 1572 1468 ἐπλάσθη
1613 1400 1781 1469 χωρὶς
1835 1420 1927 1470 χυ-

361 1485 486 1555 μοῦ,
522 1480 632 1548 οἷος
666 1486 763 1540 καὶ
788 1487 1192 1557 ἀναστήσεταιο
1238 1488 1338 1540 οὐκ
1396 1487 1662 1559 ἄτρεπτος
1703 1490 1779 1555 δὲ,
1811 1491 1930 1544 οὐδὲ

357 1579 520 1633 πάλιν
545 1578 811 1648 τρεπτός·
843 1577 1076 1648 δύναμιν
1118 1579 1256 1648 ἔχων
1282 1579 1573 1649 θελητικῆς
1608 1580 1774 1646 ἕξεως
1801 1600 1933 1653 τρα-

356 1671 543 1740 πῆναι.
578 1670 611 1739 ἢ
662 1669 747 1724 οὗ.
786 1669 1081 1741 Ἀτρεψίαν
1109 1671 1218 1741 γὰρ
1267 1672 1505 1740 παντελῆ
1538 1673 1599 1725 οὐ
1629 1676 1769 1727 ποιεί
1798 1675 1931 1746 πρὸς

356 1765 454 1832 τὴν
484 1762 647 1832 φύσιν
676 1764 709 1831 ἡ
739 1763 958 1834 θέλησις
985 1780 1000 1795 ο
1027 1763 1168 1831 αὕτη
1227 1766 1334 1835 γὰρ
1385 1764 1633 1835 βραὸεἰόν
1684 1768 1799 1820 ἐστι
1831 1768 1930 1837 τῆς
1957 1750 1996 1801 Β

359 1849 660 1919 μελλούσης
695 1851 969 1921 ἀτρέπτου
999 1851 1271 1915 θεώσεως.

432 1934 497 1992 θ’.
520 1937 702 2007 Φθορὰ
731 1938 861 2008 γὰρ,
904 1939 1107 2009 σαρκὸς
1157 1940 1394 2007 γένεσις.
1434 1942 1665 1998 Ἐσθίειν
1693 1946 1772 2011 δὲ,
1832 1951 1927 1996 καὶ

354 2028 803 2097 περιττωματεῖν,
850 2026 944 2080 καὶ
1002 2030 1263 2099 γαυριᾷν,
1316 2031 1410 2083 καὶ
1464 2033 1784 2102 κοιμᾶσθαι,
1832 2033 1928 2104 θη-

356 2117 487 2189 ρίων
515 2117 610 2171 καὶ
637 2118 850 2189 κτηνῶν
876 2121 1102 2190 φυσικαὶ
1136 2121 1397 2191 ἰδιότητες
1424 2138 1438 2156 ·
1473 2125 1589 2178 ἀνθ’
1621 2118 1694 2178 ὧν
1720 2125 1808 2177 διὰ
1828 2126 1927 2194 τὴν

353 2206 635 2278 παρακοήν
657 2210 774 2271 τοῖς
828 2210 1083 2277 κτήνεσιν
1134 2210 1519 2279 ὁμοιωθέντες,
1574 2214 1682 2266 τῶν
1712 2214 1930 2267 οἰκείων

352 2301 446 2353 καὶ
506 2299 799 2355 θεοσδότων
833 2301 1054 2369 ἀγαθῶν
1118 2304 1591 2374 ἐκπεπτώκαμενο
1633 2305 1927 2376 κτηνὼδεις

353 2398 419 2446 ἐκ
450 2392 714 2458 λογικῶν,
746 2393 840 2448 καὶ
867 2394 1155 2465 θηριώδεις
1187 2397 1472 2464 γεγονότες
1499 2400 1561 2450 ὲκ
1589 2398 1768 2451 θείων.

423 2482 474 2538 ι’.
504 2484 562 2535 '0
586 2483 912 2553 παράδεισος
939 2482 1115 2542 διττός
1171 2485 1341 2549 ἐστιν,
1391 2485 1650 2554 αἰσθητὸς
1676 2487 1770 2537 καὶ
1804 2502 1927 2556 νοη-

345 2572 438 2637 τός
463 2589 478 2604 ο
518 2573 683 2643 ἤγουν
712 2573 740 2625 6
773 2574 832 2626 ἐν
868 2573 1049 2642 Ἑδὲμ,
1074 2574 1169 2625 καὶ
1221 2576 1249 2627 ό
1301 2576 1402 2644 τῆς
1446 2575 1689 2645 χάριτος.
1743 2576 1931 2628 Ἔστιν

349 2662 441 2720 οὖν
466 2667 494 2719 6
525 2667 622 2736 τῆς
664 2665 847 2736 Ἐδὲμ,
873 2666 1036 2728 τόπος
1071 2666 1272 2737 ὑψηλὸς
1297 2666 1440 2729 λίαν,
1478 2667 1552 2730 ὡς
1578 2664 1719 2721 εἶναι
1750 2668 1929 2739 τρίτον

350 2758 456 2821 ἕως
519 2757 776 2827 οὐρανοῦ,
835 2756 1019 2819 καθὼς
1074 2757 1128 2810 οἱ
1196 2760 1585 2829 ἱστορήσαντες
1642 2759 1928 2828 φάσκουσι,

352 2851 624 2913 παντοίοις
677 2853 866 2918 φυτοῖς
922 2849 1310 2913 εὐωδεστάτοις
1365 2851 1776 2921 πεφυτευμένος
1828 2851 1928 2903 ὑπὸ

348 2940 505 2994 Θεοῦ.
537 2939 673 2993 Οὔτε
697 2939 789 2994 οὖν
821 2938 1044 3002 τελείως
1087 2940 1234 2991 ἐστὶν
1267 2938 1563 3009 ἄφθαρτος,
1605 2940 1923 3006 οὔτελπόιντη

353 3030 609 3100 φθαρτός.
636 3030 817 3083 Μέσον
850 3028 1057 3100 φθορᾶς
1087 3029 1184 3082 καὶ
1211 3030 1517 3101 ἀφθαρσίας
1540 3032 1904 3101 πεποιημένος

346 3122 423 3184 ὡς
436 3116 574 3174 εἶναι
593 3121 701 3187 ἀεὶ,
720 3122 813 3173 καὶ
835 3121 1149 3189 κάτακομος
1167 3123 1276 3183 τοῖς
1297 3124 1552 3191 καρποῖς,
1577 3121 1671 3175 καὶ
1695 3121 1916 3174 ἀνθοῦν-

351 3225 419 3262 τα
455 3206 614 3278 ἄνθη,
671 3208 766 3262 καὶ
806 3207 1053 3277 ὄμφακα,
1086 3210 1182 3263 καὶ
1229 3208 1414 3280 ὦριμα
1458 3210 1596 3280 ἔχων
1636 3210 1901 3282 διηνεκῶς

344 3302 636 3371 Σηπόμενα
668 3301 779 3372 γὰρ
807 3301 873 3355 τὰ
907 3302 1099 3373 δένδρα
1129 3303 1224 3357 καὶ
1268 3306 1314 3357 οἱ
1341 3306 1537 3359 τέλειοι
1565 3307 1790 3377 καρποὶ,
1821 3308 1916 3360 καὶ

344 3393 423 3456 είς
447 3392 553 3461 γῆν
578 3392 953 3463 ῥιπτούμενοι,
978 3392 1106 3464 χοῦς
1156 3394 1363 3464 εὐώδης
1394 3396 1658 3464 γίνονται,
1707 3398 1816 3450 καῖ
1859 3399 1916 3450 οὐ

345 3483 551 3554 φθορὰν
579 3482 813 3550 ὄζουσιν,
853 3485 928 3549 ὡς
957 3486 1027 3539 τὰ
1069 3485 1164 3539 τοῦ
1216 3486 1423 3555 κόσμου
1455 3490 1615 3556 φυτά.
1668 3488 1838 3543 Τοῦτο
1868 3490 1919 3542 δὲ

343 3576 555 3643 γίνεται
586 3577 651 3629 ὲκ
700 3576 900 3645 πολλῆς
945 3578 1257 3645 περιουσίας
1284 3578 1376 3630 καὶ
1401 3578 1674 3648 ἀγιασμοῦ
1705 3582 1804 3649 τῆς
1832 3581 1920 3631 ἀεὶ

343 3666 818 3736 περιπολαξοὺσης
867 3670 1047 3720 ἐκεῖσε
1082 3669 1323 3740 χάριτος.
1366 3670 1530 3722 Ὅθεν
1580 3670 1923 3740 διερχόμενος

344 3758 509 3828 μέσον
528 3758 556 3809 6
571 3758 760 3812 τοῦτον
788 3759 1150 3829 προσταχθεὶς
1176 3760 1422 3830 ἀρδεύειν
1441 3761 1707 3831 διηνεκῶς
1728 3762 1922 3813 Ὠκεα-

340 3848 429 3911 νὸς
454 3848 712 3916 ποταμὸς,
744 3851 772 3902 6
805 3851 1238 3919 ἐκπορευόμενος
1272 3850 1330 3915 ἐξ
1353 3850 1540 3917 αὑτοῦ,
1562 3851 1651 3905 καὶ
1685 3852 1764 3912 είς
1794 3852 1919 3903 τέσ-

342 3955 517 4009 σαρας
549 3939 725 4011 ἀρχάς
781 3941 1154 4009 μεριζόμενος,
1179 3942 1270 3995 τὸν
1296 3942 1423 4013 χοῦν
1452 3959 1512 3994 τε
1531 3942 1622 3993 καὶ
1650 3942 1718 3994 τά
1749 3941 1923 4010 φύλλα

338 4029 407 4080 τὰ
435 4029 785 4093 πεπτωκότα,
807 4032 919 4092 τοῖς
944 4030 1185 4093 Ἰνδικοῖς
1199 4033 1291 4083 καὶ
1310 4031 1553 4100 Αἰθίοψιν
1572 4032 1911 4103 καταρρέων,

339 4119 589 4189 ἐπιφέρει
620 4121 715 4175 καὶ
754 4120 969 4174 δίδωσι’
1018 4122 1112 4177 καὶ
1160 4121 1438 4192 δεδεμένος
1472 4122 1581 4194 [Ζσ.
1614 4122 1916 4194 ἡνωμένος]

342 4209 439 4275 ῶν,
482 4212 571 4264 ἀεὶ
604 4212 735 4284 περὶ
768 4212 867 4275 τὰς
893 4212 1135 4282 ἀρούρας
1184 4213 1365 4266 αὐτῶν
1394 4213 1721 4285 πλημμυροῖ
1750 4214 1777 4265 6
1806 4214 1921 4265 Φειο

343 4300 451 4357 σὼν
502 4303 638 4373 ὁμοῦ
667 4304 762 4356 καὶ
787 4306 814 4356 ὀ
844 4304 1012 4367 Γεὼν,
1040 4304 1143 4366 ἕως
1176 4306 1242 4358 ἂν
1270 4305 1433 4358 πάλιν
1464 4305 1915 4378 ὲπιμερισθῶσιν,

339 4396 367 4445 6
399 4395 497 4463 μὲν
551 4395 647 4466 τὴν
695 4395 961 4464 Λιϐυκὴν,
997 4396 1024 4447 6
1064 4395 1121 4447 δὲ
1162 4396 1259 4464 τὴν
1305 4398 1683 4467 Αἰγυπτιακὴν
1725 4395 1910 4470 χώραν
1943 4427 1987 4483 υ

341 4485 573 4552 ἐπάρδον
582 4505 637 4540 τε
645 4506 692 4550 ς.

427 4597 512 4653 ια’.
533 4599 783 4665 Ῥευστὴ,
805 4597 1003 4653 είτόὖν
1023 4600 1235 4670 φθαρτὴ
1254 4600 1492 4671 ήκτίσις,
1511 4601 1693 4669 φασιν,
1708 4603 1767 4653 οὐ
1790 4620 1891 4654 κατ
1910 4632 1915 4635 ‹

348 4691 655 4760 εσκευάσθη
700 4694 995 4764 πρότερον’
1030 4691 1257 4761 ὕστερον
1296 4692 1373 4756 δὲ,
1409 4691 1765 4761 διαφθαρεῖσα
1819 4694 1915 4745 καὶ

347 4783 678 4847 ὑποταγεῖσα
694 4785 758 4852 τῇ
789 4783 1128 4848 ματαιότητι,
1165 4782 1306 4834 κατὰ
1344 4783 1443 4852 τὴν
1473 4782 1716 4852 Γραφὴν,
1750 4783 1921 4851 ἤγουν

332 4866 413 4938 τῷ
441 4867 738 4941 ἀνθρώπῳο
758 4871 856 4941 οὐχ
885 4872 1088 4924 ἑκοῦσα
1116 4872 1348 4937 δὲ,ἀλλὰ
1370 4878 1444 4947 μὴ
1476 4876 1799 4948 βουλομένη,
1824 4878 1913 4930 διὰ

331 4962 424 5014 τὸν
448 4962 792 5027 ὑποτάξαντα
814 4963 900 5015 ἐπ’
927 4964 1103 5017 ἑλπίδι
1128 4966 1226 5034 τῆς
1254 4966 1649 5030 ἀνακαινίσεως
1670 4967 1764 5020 τοῦ
1781 4967 1914 5034 φθα-

333 5055 519 5127 ρέντος
564 5055 758 5127 Ἀδάμ.
800 5056 1180 5121 ’Δνακαινίσας
1206 5057 1260 5110 δὲ
1288 5057 1501 5125 τοῦτον,
1530 5060 1625 5117 καὶ
1657 5059 1913 5128 ἁγιάσας,

329 5145 433 5198 κᾶν
446 5145 684 5216 φθαρτὸν
721 5147 863 5218 φέρῃ
883 5148 1042 5216 σῶμα
1054 5148 1141 5203 διὰ
1162 5149 1260 5219 τὴν
1279 5149 1616 5221 πρόσκαιρον
1632 5150 1799 5222 ζωὴν,
1822 5152 1915 5204 καὶ

327 5235 499 5305 αὐτὴν
529 5237 862 5301 ἀνεκαίνισε,
899 5239 1067 5309 μήπω
1094 5240 1299 5312 φθορᾶς
1338 5240 1676 5305 ἀπαλλάξας.
1701 5242 1914 5313 Φθορᾶς

328 5330 385 5383 δὲ
411 5332 735 5404 ἀπαλλαγὴν
756 5334 855 5404 τῆς
887 5335 1141 5398 κτίσεως,
1171 5337 1221 5388 οἱ
1257 5338 1354 5405 μὲν
1385 5336 1481 5408 τὴν
1529 5337 1621 5391 ἐπὶ
1647 5337 1706 5391 τὸ
1734 5341 1916 5410 κρεῖτ-

327 5442 421 5478 τον
449 5425 773 5491 ἀλλοίωσιν,
829 5428 877 5480 οί
933 5428 991 5480 δὲ
1032 5430 1131 5496 τὴν
1168 5430 1407 5499 παντελῆ
1469 5431 1762 5501 μετάθεσιν
1806 5432 1914 5484 τῶν

326 5517 606 5588 αἰσθητῶν
632 5519 885 5587 λέγουσιν
911 5514 1073 5574 εἶναι.
1099 5518 1260 5583 ’Έθος
1278 5520 1386 5590 γὰρ
1414 5524 1478 5591 τῇ
1502 5522 1690 5594 Γραφῇ
1725 5522 1913 5585 ἁπλῶς

434 5672 449 5702 ¹
473 5671 632 5739 βοτη.
662 5695 779 5747 νιιι,
808 5685 894 5738 ιιι).

2042 506 2387 573 sapientiam.
2426 506 2512 561 Illa
2538 511 2685 563 enim
2735 510 2915 565 divina
2951 514 3086 567 bona
3116 516 3459 583 participat;
3500 517 3615 573 haec

2042 598 2438 651 communicat.
2476 598 2812 670 Participare
2846 614 3024 657 autem
3059 616 3113 658 et
3170 609 3599 674 communicare,

2041 702 2129 740 res
2161 699 2245 741 est
2272 705 2403 744 vere
2428 692 2701 765 tlivina'et
2732 710 2894 763 supra
2926 698 3224 757 hominem.

2109 779 2163 834 7.
2198 781 2294 836 Est
2332 797 2516 837 verum
2545 786 2874 849 sacrarium.
2900 790 3064 845 etiam
3093 806 3219 849 ante
3246 798 3410 853 vitam
3455 802 3608 857 l'utn-

2038 884 2177 935 ram,
2208 887 2303 926 cor
2341 874 2458 928 sine
2488 877 2913 944 cogitationibus
2958 898 2987 937 a
3028 884 3235 953 Spiritu
3282 890 3522 946 ductum.
3552 896 3605 949 In

2035 975 2100 1017 eo
2127 963 2271 1017 enim
2341 966 2519 1019 omnia
2576 968 2930 1035 spiritualiter
2969 985 3204 1042 aguntur
3232 989 3287 1032 et
3317 981 3593 1039 dicuntur.

2036 1050 2140 1117 Qui
2198 1072 2328 1111 vero
2384 1060 2511 1114 illud
2574 1063 2684 1130 jam
2727 1080 2871 1120 nunc
2895 1085 2998 1122 nou
3029 1071 3208 1134 habet,
3233 1074 3366 1142 lapis
3391 1078 3605 1144 quidem

2032 1156 2114 1199 cst
2152 1156 2314 1215 aptus
2355 1151 2423 1203 ad
2472 1152 2640 1208 divini
2678 1157 2859 1225 templi
2908 1160 3344 1233 aadilicationem,
3379 1176 3436 1223 at
3487 1186 3594 1223 non

2034 1238 2289 1305 templum
2323 1249 2375 1292 et
2406 1245 2705 1298 sacrarium
2746 1246 3010 1315 Spiritus.

2100 1418 2153 1473 8.
2180 1419 2311 1474 Sine
2356 1422 2583 1478 humore
2618 1423 3044 1498 incorruptibilis
3072 1446 3287 1490 creatus
3309 1447 3392 1493 est
3416 1439 3601 1505 homo,

2026 1512 2201 1578 qualis
2233 1523 2285 1567 et
2318 1530 2583 1585 resurget,
2622 1519 2759 1573 haud
2799 1537 2925 1577 vero
2973 1524 3327 1584 immutabilis
3378 1540 3431 1584 et
3465 1534 3600 1587 irre-

2027 1604 2349 1667 tractabilis,
2399 1606 2508 1660 vim
2561 1610 2765 1664 habens
2820 1614 3146 1670 voluntatem
3201 1621 3463 1684 mutandi.
3517 1627 3599 1679 vel

2027 1709 2155 1747 non.
2188 1695 2432 1750 Perfecta
2466 1699 2611 1752 enim
2644 1702 2940 1757 voluntatis
2974 1704 3341 1766 iuﬂexihilitas
3384 1728 3491 1766 non
3519 1726 3603 1769 est

2027 1790 2224 1842 donum
2269 1803 2494 1857 naturae,
2517 1796 2611 1848 sed
2655 1796 2832 1850 lutura
2855 1809 2934 1853 est
2959 1800 3330 1859 iuamissihilis
3352 1807 3597 1863 braviunt

2025 1880 2408 1937 deiﬁcatiOuis.

2098 1972 2151 2026 9.
2178 1974 2660 2032 Vernmeniruvero
2681 1983 3051 2051 corruptibilis
3074 1994 3155 2039 est
3177 1995 3368 2040 natura
3394 1989 3595 2043 carnis.

2033 2062 2362 2122 Manducare
2403 2077 2609 2135 autem,
2640 2086 2946 2141 exscreare,
2993 2077 3358 2134 intumescere
3387 2096 3451 2135 ac
3476 2082 3599 2135 dor-

2029 2156 2182 2219 mire,
2205 2170 2327 2212 suut
2352 2162 2625 2217 naturales
2652 2162 2948 2219 bestiarum
2979 2175 3034 2221 et
3052 2170 3318 2234 pecudum
3347 2174 3595 2241 proprie-

2028 2254 2168 2299 tates
2203 2263 2218 2301 :
2252 2262 2346 2315 per
2379 2264 2514 2317 quas
2545 2264 2765 2321 propter
2817 2255 3239 2313 inobedientiam
3269 2264 3598 2320 animalibus

2024 2337 2380 2403 assimilitati,
2416 2356 2445 2395 a
2480 2344 2636 2398 bonis
2669 2346 2927 2402 divinitus
2964 2348 3147 2404 inditis
3176 2354 3494 2419 excidimus,
3530 2372 3594 2411 ex

2028 2431 2383 2486 rationalibus
2421 2432 2564 2488 bruti
2597 2445 2651 2491 et
2681 2452 2747 2490 ex
2779 2438 2977 2493 divinis
3006 2442 3265 2498 animales
3297 2443 3448 2503 facti.

2097 2519 2184 2575 l0.
2217 2522 2386 2576 Adest
2416 2523 2614 2593 duplex
2665 2528 2976 2595 paradisus,
3021 2532 3296 2587 sensibilis
3349 2545 3403 2587 et
3432 2535 3592 2604 spiri-

2027 2611 2191 2665 tnalis
2228 2629 2243 2666 :
2277 2613 2486 2668 scilicet
2508 2618 2599 2685 qui
2637 2627 2721 2673 est
2748 2618 2800 2672 in
2832 2617 3001 2694 Eden,
3035 2632 3086 2674 et
3112 2623 3202 2692 qui
3237 2633 3318 2679 est
3341 2639 3368 2677 a
3397 2626 3594 2694 gratia.

2020 2700 2119 2765 Qui
2152 2714 2234 2756 est
2265 2705 2317 2757 in
2370 2704 2542 2767 Eden,
2573 2707 2722 2761 locus
2776 2721 2858 2764 est
2885 2686 3134 2766 eitcclsus
3191 2714 3369 2779 valde,
3407 2732 3581 2785 usque

2024 2791 2090 2845 ad
2123 2793 2341 2847 tertium
2381 2796 2580 2850 caelum
2627 2798 2951 2864 ascendens,
2996 2812 3055 2856 ut
3088 2803 3239 2857 aiunt
3277 2807 3592 2875 scriptores,

2024 2883 2326 2951 omnigenis
2375 2886 2664 2942 arboribus
2725 2886 3172 2959 ﬂagrantissimis
3220 2908 3249 2946 a
3303 2892 3410 2947 Deo
3436 2896 3591 2964 plan-

2024 2980 2192 3029 tatus.
2225 2973 2341 3030 Non
2387 2988 2471 3031 est
2502 2978 2668 3046 igitur
2718 2978 2960 3048 perfecte
2992 2982 3441 3050 iucorruptibilis,
3490 3001 3593 3041 nec

1939 3085 1987 3149 ο
2020 3066 2242 3119 omnino
2292 3068 2686 3137 corruptibilis.
2745 3069 2959 3125 Medius
2993 3073 3399 3141 corruptionem
3448 3075 3592 3130 inter

2025 3166 2079 3211 et
2106 3157 2584 3228 incorruptionem,
2637 3172 2721 3216 est
2770 3178 2987 3230 semper
3039 3175 3089 3218 et
3133 3165 3398 3220 fructibus
3432 3167 3589 3221 luxu-

2021 3247 2188 3313 rians,
2220 3260 2273 3304 et
2319 3266 2557 3309 vernans
2586 3254 2831 3318 ﬂoribus,
2877 3258 3042 3309 cruda
3072 3266 3124 3311 et
3153 3267 3364 3314 matura
3390 3259 3592 3328 jugiter

2018 3339 2219 3396 ferens.
2265 3341 2649 3400 Putresceutes
2700 3348 2843 3400 enim
2882 3351 3127 3411 arbores,
3183 3359 3346 3417 atque
3382 3350 3591 3405 fruetus

2020 3435 2346 3488 maturiores
2388 3445 2441 3489 et
2482 3437 2535 3489 in
2567 3446 2766 3509 terram
2797 3438 3015 3507 dejecti,
3054 3438 3230 3507 pulvis
3260 3441 3391 3494 ﬁunt
3422 3443 3588 3496 henc-

2019 3522 2195 3589 ulens,
2240 3540 2338 3578 nec
2369 3528 2770 3594 corruptionem
2824 3529 3020 3593 l’etettt,
3078 3538 3133 3582 ut
3185 3529 3344 3597 hujus
3404 3532 3589 3586 Inttudi

2023 3614 2238 3681 plantae.
2264 3614 2379 3670 Hoc
2402 3627 2579 3670 autem
2607 3619 2854 3685 provenit
2873 3634 2934 3670 ex
2974 3620 3246 3672 uberrima
3274 3624 3586 3675 sanctitatis

2019 3705 2190 3773 gratia
2243 3705 2354 3759 illic
2398 3708 2661 3774 perpetim
2708 3707 3143 3774 superi-Illuente.
3213 3709 3338 3763 Ideo
3380 3711 3590 3763 medius

2020 3794 2337 3850 interﬂuens
2365 3799 2429 3850 ad
2464 3796 2801 3866 irrigandum
2824 3799 3030 3867 jugiter
3070 3801 3379 3867 paradisum
3414 3803 3590 3857 amnis

2017 3885 2259 3943 Oceanus
2288 3904 2354 3943 ex
2371 3903 2543 3959 eoque
2562 3889 2917 3957 cgredieus,et
2936 3891 3180 3944 dividens
3196 3907 3254 3945 se
3280 3894 3330 3944 in
3356 3901 3589 3959 quatuor

2018 3981 2531 4049 capita,humutnet
2555 3981 2771 4036 frondes
2800 3982 3044 4049 delapsas
3095 3981 3240 4037 ludis
3279 3997 3340 4036 ac
3377 3980 3591 4036 Althio-

2017 4073 2173 4141 pibus
2226 4087 2387 4126 cursu
2447 4076 2663 4128 advehit
2716 4083 2769 4127 ει
2819 4073 3021 4139 tradit,
3076 4090 3307 4142 quorum
3364 4088 3587 4144 campos

2016 4180 2228 4233 semper
2266 4166 2531 4220 inundant
2578 4182 2682 4220 una
2734 4166 3009 4235 conjuncti
3043 4166 3242 4221 Phison
3280 4176 3333 4223 et
3368 4168 3584 4232 Gehon,

2016 4256 2187 4310 donec
2236 4257 2428 4311 iterum
2470 4258 2726 4326 separati,
2762 4256 3019 4329 Libycam
3078 4275 3215 4314 unus
3284 4260 3583 4330 regionem,

2017 4347 2391 4418 Egyptiacam
2421 4348 2558 4403 alter
2589 4349 2813 4405 alluaut.

2093 4614 2177 4667 ll.
2216 4615 2473 4670 Relertur
2507 4631 2607 4669 nec
2654 4617 2793 4669 ﬂuxa
2833 4633 2930 4672 nec
2981 4618 3351 4687 corruptibilis
3379 4619 3588 4672 consti-

2020 4713 2132 4759 tuta
2170 4722 2289 4761 esse
2339 4708 2590 4775 primitus
2634 4720 2924 4772 creatura;
2959 4709 3054 4762 sed
3106 4710 3300 4761 deinde
3330 4720 3587 4773 corrupta

2017 4806 2100 4850 est
2150 4807 2204 4851 et
2227 4797 2467 4863 subjecta
2522 4799 2768 4861 vanitati,
2805 4808 2861 4850 ut
2902 4799 2972 4851 ait
3005 4798 3281 4865 Scriptura
3310 4837 3325 4860 ,
3365 4800 3415 4850 id
3471 4808 3575 4863 est,

2020 4888 2249 4952 homini,
2292 4890 2432 4942 haud
2472 4889 2688 4957 quidem
2721 4899 2938 4958 sponte,
2964 4891 3056 4943 sed
3081 4905 3185 4945 non
3219 4889 3426 4951 volens,
3460 4905 3588 4958 pro-

2019 4990 2136 5047 pter
2158 4994 2280 5033 euut
2329 4981 2421 5049 qui
2460 4980 2693 5049 subiecit
2716 4995 2835 5034 eam
2865 4982 2917 5035 in
2944 4997 3039 5049 spe
3066 4982 3433 5037 rcnovationis
3468 4996 3590 5034 cor-

2019 5073 2161 5141 rupti
2192 5073 2421 5127 Adant‘.
2450 5072 2559 5128 lloc
2588 5082 2771 5128 autem
2810 5085 3114 5129 rcstaurato
3141 5084 3194 5129 et
3226 5074 3586 5140 sanctiﬁcato,

2020 5164 2270 5232 quamvis
2303 5164 2354 5218 in
2401 5167 2681 5234 temporali
2728 5167 2834 5221 vita
2867 5183 3063 5236 corpus
3097 5168 3272 5222 adhuc
3296 5166 3434 5220 ferat
3467 5180 3589 5218 cor-

2021 5256 2301 5324 ruptibilc,
2354 5256 2440 5309 illa
2478 5258 2641 5311 etiam
2683 5260 2977 5313 instaurata
3009 5269 3114 5322 est,
3165 5260 3259 5313 sed
3296 5256 3532 5311 nondum
3558 5270 3589 5311 a

2020 5347 2374 5416 corruptione
2406 5347 2655 5405 liberata.
2687 5348 2841 5403 Tunc
2865 5365 3045 5405 autem
3080 5361 3383 5405 creaturam
3407 5366 3436 5403 a
3468 5364 3588 5403 cor-

2022 5442 2275 5509 ruptione
2306 5441 2593 5495 liberatam
2628 5444 2833 5507 dicunt,
2861 5443 2949 5498 alii
2983 5458 3103 5496 eum
3132 5443 3183 5496 in
3230 5444 3423 5500 melius
3456 5461 3590 5499 cono

2020 5548 2197 5596 versa,
2229 5533 2318 5587 alii
2350 5548 2471 5590 cum
2503 5520 2740 5604 perfecte
2774 5551 2800 5591 ιι
2843 5535 3192 5590 seusibilibtts
3224 5536 3454 5591 alienata
3480 5547 3587 5592 est.
