3994 6206
391 263 394 265 ’
452 306 586 366 lett

1716 296 2100 360 GREGOBII
2144 295 2472 356 διΝΑιΤίΕ

3520 289 3626 357 liii

453 423 602 478 sulet
633 436 775 473 enim
823 418 1102 485 Scriptura
1154 417 1220 470 de
1261 419 1424 472 rebus
1460 417 1568 470 huc
1600 432 1771 484 usque
1801 416 2031 471 ditIicili—

2149 417 2416 484 περὶτῶν
2466 414 2602 478 τέως
2645 415 2868 488 ἀπόρων
2898 416 3076 470 ποιεῖν
3123 419 3213 489 τὴν
3273 421 3543 492 κατάφασιν
3572 429 3638 487 καὶ

453 515 556 567 lms
594 511 933 577 simpliciter,
970 520 1021 561 at
1053 524 1159 561 non
1199 508 1471 562 subtiliter
1509 508 1806 563 allirtnare.

481 594 490 602 ’
529 605 618 658 12.
659 603 694 654 li
751 603 842 669 qui
889 602 1120 666 gratiam
1157 601 1424 669 recipiunt
1458 601 1613 670 quasi
1657 601 2030 670 concipienles

451 707 508 751 et
539 704 882 764 pra-gitantes
931 693 998 745 de
1031 691 1236 757 Spiritu
1287 695 1510 755 Sancto,
1538 693 1623 746 vel
1673 693 1913 761 peccatis
1947 692 2033 746 di-

454 789 634 839 vinum
672 786 933 853 abjiciunt
967 800 1176 847 semen,
1222 785 1302 839 vel
1349 784 1458 838 Deo
1497 786 1790 839 viduantur
1837 785 1906 839 ob
1940 800 2031 839 co.

457 878 633 947 pulant
665 892 787 930 cum
821 877 1045 932 inimico
1077 878 1222 931 intus
1252 879 1472 931 latente.
1503 875 1566 930 Et
1595 878 1766 947 gratia
1807 878 2028 946 quidem

453 969 759 1024 excidimus
776 984 872 1039 per
890 969 1192 1037 passiones,
1211 972 1435 1022 omnino
1451 978 1631 1022 autem
1657 968 1920 1023 orbamur
1936 983 2034 1037 per

453 1071 802 1129 peccatorum
847 1061 1116 1116 habitum.
1171 1061 1366 1116 Anima
1411 1063 1556 1116 enim
1585 1061 1943 1129 cupiditatum
1980 1069 2033 1115 et

457 1161 804 1220 peccatorum
855 1165 1068 1213 amans,
1114 1151 1289 1217 gratia
1337 1152 1559 1220 delapsa
1616 1152 1938 1221 privataque
1969 1167 2033 1206 ac

370 1304 374 1309 ς
455 1243 696 1307 viduata,
719 1243 1059 1312 passionum,
1092 1253 1148 1296 ut
1171 1258 1277 1297 non
1297 1244 1492 1308 dicam,
1515 1245 1816 1298 daemonum
1839 1244 2038 1299 domus

455 1347 719 1392 estnunc
765 1347 819 1391 et
863 1337 916 1389 in
959 1334 1161 1392 futuro.

534 1517 619 1570 15.
649 1514 706 1568 In
739 1515 979 1570 animum
1011 1514 1252 1569 lmtitiam
1282 1527 1334 1567 et
1363 1515 1834 1568 mansuetudinem
1860 1512 2038 1568 infun-

459 1609 560 1672 dit,
588 1619 646 1661 ut
673 1607 960 1672 fortitudo,
986 1607 1066 1662 sic
1087 1617 1141 1660 et
1165 1607 1540 1661 misericordia
1572 1623 1586 1659 :
1616 1622 1721 1659 una
1750 1616 2043 1672 externos,

462 1705 705 1755 internus
735 1699 915 1762 .altera
947 1699 1101 1763 quasi
1145 1699 1332 1754 hostes
1363 1711 1678 1753 conterens.

531 1792 618 1844 14.
655 1792 728 1845 De
780 1792 1064 1858 praeceptis
1101 1791 1256 1844 multi
1299 1801 1577 1854 curantes,
1616 1790 1873 1846 videntur
1904 1806 2032 1860 pro-
2066 1772 2108 1828 Β

462 1885 634 1952 gredi,
667 1882 760 1948 qui
805 1883 1044 1936 nondum
1094 1884 1284 1937 urbem
1317 1883 1550 1952 ingressi
1589 1881 1724 1938 foris
1759 1891 1979 1936 manent
2015 1896 2031 1935 :

463 1979 642 2032 exitus
671 1979 818 2032 enim
850 1977 1118 2046 regiarum
1162 1976 1398 2040 viarum,
1438 1975 1489 2030 id
1523 1985 1607 2030 est
1645 1975 1822 2028 vicina
1861 1975 2035 2030 virtu-

466 2072 608 2124 tibus
649 2071 779 2124 vitia
829 2069 987 2123 inscii
1033 2078 1403 2135 capessentes,
1457 2068 1859 2122 inconsiderate
1906 2083 2034 2137 pro-

466 2164 676 2217 cedunt.
717 2163 927 2231 Quippe
963 2163 1238 2225 mandata,
1267 2161 1410 2214 haud
1438 2161 1597 2214 modo
1627 2175 1726 2214 nec
1763 2159 2034 2215 defectum

467 2272 563 2308 nec
589 2270 879 2310 excessum
899 2253 1109 2317 volunt,
1137 2253 1230 2306 sed
1255 2253 1418 2307 etiam
1446 2253 1605 2306 finem
1640 2251 1747 2307 Deo
1775 2254 2037 2322 placitum

465 2361 517 2400 et
566 2347 893 2400 voluntatem
932 2347 1212 2414 requirunt
1239 2347 1338 2400 soli
1381 2345 1490 2400 Deo
1525 2346 1822 2412 intentam;
1857 2360 2043 2412 secus,

464 2439 640 2490 inanis
661 2449 744 2491 est
773 2437 944 2501 labor,
974 2452 1070 2490 nec
1103 2445 1259 2491 recta:
1287 2435 1444 2502 ﬁunt,
1474 2437 1628 2506 juxta
1674 2436 2038 2505 Scripturam,

467 2529 566 2582 ιίω
599 2527 814 2582 Domini
845 2547 858 2584 :
900 2529 1101 2583 etettim
1134 2531 1186 2582 in
1219 2529 1365 2583 omni
1397 2544 1560 2600 opere
1585 2528 1707 2586 ﬁnis
1739 2529 2040 2600 requiritur

466 2623 674 2690 operis.

540 2803 627 2857 15.
671 2804 809 2874 Ergo
863 2804 914 2857 in
952 2803 1060 2866 via,
1099 2804 1150 2858 id
1180 2814 1282 2869 est,
1329 2805 1382 2859 in
1425 2812 1820 2875 praceptorum
1855 2805 2044 2860 obser-

467 2897 670 2959 vantia,
721 2897 904 2951 animo
943 2912 1126 2966 qutere
1176 2896 1486 2952 Dominum.
1522 2899 1657 2952 Cum
1697 2899 1842 2951 enim
1873 2897 2041 2952 Joan-

470 3003 590 3041 nem
627 2987 819 3041 audias
853 2989 1178 3041 clamantem
1233 2989 1750 3057 prwcipientemque
1789 2990 2043 3046 omnibus

470 3088 528 3131 ut
557 3077 672 3131 vias
704 3089 916 3143 parent,
947 3089 1000 3131 et
1037 3093 1212 3133 rectas
1243 3080 1427 3135 facere
1478 3084 1704 3136 semitas
1731 3083 2038 3148 jubentem,

472 3171 723 3223 tnamlata
778 3171 1056 3238 curdaque
1107 3183 1160 3226 et
1208 3187 1372 3243 opera
1421 3175 1713 3243 intellige:
1768 3191 1890 3230 nam
1924 3177 2038 3231 fieri

471 3259 661 3330 nequit
688 3268 834 3315 recta
869 3270 1255 3330 praeceptorum
1299 3265 1405 3328 via,
1438 3266 1538 3318 nisi
1573 3281 1666 3322 cor
1701 3266 1772 3336 sit
1804 3277 2039 3322 rectum.

544 3533 631 3588 16.
666 3533 996 3604 Prophetico
1029 3539 1082 3590 in
1129 3551 1290 3592 sensu
1325 3541 1532 3607 virgam
1563 3549 1618 3594 ct
1663 3541 1936 3604 baculum,
1976 3543 2043 3598 de

473 3627 668 3694 quibus
721 3628 1002 3696 Scriptura
1057 3629 1317 3699 loquitur,
1364 3631 1626 3699 judicium
1656 3644 1709 3687 et
1756 3636 2041 3703 providen-

475 3722 606 3772 tiam
637 3719 916 3788 intellige,
951 3721 1004 3773 in
1035 3722 1222 3776 morali
1263 3738 1414 3789 vero,
1433 3725 1793 3792 psalmodiam
1831 3737 1884 3781 et
1918 3743 2045 3782 ora-

476 3814 694 3870 tionem.
731 3814 973 3872 Mulctati
1013 3817 1158 3871 enim
1201 3831 1228 3869 a
1259 3815 1488 3871 Domino
1519 3820 1669 3889 virga
1716 3820 2042 3890 disciplina),

475 3907 540 3960 ad
576 3908 991 3962 conversionem
1047 3909 1413 3976 corripimur;
1471 3911 1828 3981 corripientes
1859 3927 2042 3968 autem

475 3999 823 4053 adversarios
888 4009 1104 4054 nostros
1139 4000 1335 4055 baculo
1387 4003 1644 4070 patientis
1705 4004 2040 4071 psaltnodiaa,

477 4087 725 4140 oratione
749 4085 1026 4141 fulcimur.
1083 4087 1358 4145 Tcnentcs
1386 4091 1551 4160 igitur
1586 4093 1637 4146 in
1670 4095 1922 4150 manibus
1949 4096 2046 4149 ba-

474 4179 656 4232 culum
675 4192 729 4234 et
754 4180 958 4248 virgam
984 4181 1348 4251 spiritualium
1373 4199 1706 4253 cperunt,ne
1731 4191 2048 4246 desinamus

473 4273 754 4340 rut-rigere
782 4283 833 4326 et
867 4275 1088 4344 corrigi,
1122 4275 1293 4331 donec
1323 4293 1486 4345 penes
1518 4280 1909 4345 providentiam
1951 4284 2047 4338 toti

476 4364 671 4426 simus,
711 4363 972 4432 judicium
1009 4366 1179 4434 elapsi
1214 4373 1451 4435 prmsehs
1480 4383 1533 4424 et
1568 4371 1829 4430 futurum.

549 4638 637 4691 17.
682 4635 872 4692 Refert
907 4638 1379 4705 generalissimnm
1423 4640 1681 4709 praeferre
1714 4646 2047 4713 mandatum,

475 4731 615 4798 quod
630 4731 720 4784 Dei
746 4731 1060 4785 memoriam
1089 4733 1332 4799 praecipit
1354 4734 1437 4787 liis
1455 4735 1634 4789 verbis
1654 4754 1696 4791 ει
1726 4737 2050 4794 liecorderis

482 4822 693 4875 Domini
731 4822 826 4877 Dei
858 4825 930 4878 lui
961 4826 1108 4878 omni
1150 4835 1396 4895 tempore
1427 4830 1503 4881 ’.ι
1558 4829 1662 4883 Per
1711 4832 2048 4905 quamenim

480 4913 752 4978 interitus,
813 4931 909 4983 per
967 4919 1107 4974 hanc
1157 4929 1210 4973 et
1243 4920 1390 4975 salus
1447 4922 1559 4976 fieri
1589 4931 1788 4990 potest.
1840 4923 2052 4979 Oblivio

480 5007 726 5062 enim'ab
775 5009 930 5064 initio
987 5013 1302 5065 memoriam
1373 5011 1465 5066 Dei
1522 5014 1739 5079 delevit,
1799 5018 2051 5071 mandata

478 5100 896 5167 ublitterans,ct
920 5105 997 5158 sic
1033 5105 1307 5159 hominem
1342 5107 1562 5161 omnino
1591 5110 1792 5163 nudum
1830 5111 2053 5167 detexit.

558 5280 643 5336 18.
673 5280 924 5337 ΛΕΙΙΙυΙυδ
968 5285 1184 5338 virtutis
1218 5285 1427 5339 duobus
1472 5287 1756 5357 prmceptis
1811 5291 1876 5343 ad
1945 5293 2053 5360 pri-

485 5377 688 5430 stinam
722 5376 866 5430 redit
904 5376 1247 5447 dignitatem,
1281 5379 1812 5438 scilicetobedientia
1842 5392 1895 5436 et
1930 5385 2027 5438 abs

2148 508 2524 578 ἀπεριέργως.

2219 593 2309 666 ιβ’.
2329 597 2392 648 Οἱ
2405 596 2507 665 τὴν
2518 596 2680 666 χάριν
2705 594 2988 666 δεχόμενοι
3007 596 3083 660 ὼς
3099 598 3147 650 οι
3161 615 3223 650 πε
3231 598 3283 667 pi.
3300 598 3390 669 τὴν
3416 600 3643 671 σύλληψιν,

2147 687 2240 740 καὶ
2262 685 2700 756 ἐγκυμονούντες
2726 686 2805 756 τῷ
2833 688 3135 757 Πνεύματι,
3159 688 3191 758 ἢ
3216 690 3299 743 διὰ
3319 695 3586 762 πτωμάτων
3603 699 3648 750 τὸ

2148 781 2293 833 θεῖον
2343 781 2710 835 ἀποσαλλουσι
2758 782 3002 852 σπέρμα,
3037 783 3070 853 ἢ
3105 784 3409 854 χηρεύοντες
3451 791 3505 842 ἐκ
3542 792 3648 846 Θεοῦ

2144 874 2213 943 τῇ
2235 860 2337 924 τοῦ
2371 870 2570 942 ἐχθροῦ
2600 872 2878 942 κοινωνίᾳ,
2929 873 3339 944 ἐνδομυχοῦντος
3367 877 3544 940 αὐτοῖς.
3566 883 3648 936 Καὶ

2143 962 2178 1032 ἡ
2209 962 2308 1030 μὲν
2337 962 2579 1033 ἀποϐολὴ
2627 965 2723 1033 τῆς
2759 964 2981 1034 χάριτος
3019 964 3089 1017 δι’
3125 966 3393 1034 ἐνεργείας
3419 971 3595 1036 παθῶν,
3623 975 3649 1042 ἡ

2146 1051 2204 1106 δὲ
2252 1053 2521 1123 παντελὴς
2571 1055 2827 1126 στέρησις
2877 1055 2970 1108 διὰ
3022 1055 3121 1126 τὴν
3164 1057 3269 1111 τῶν
3301 1059 3652 1132 ἁμαρτημάτων

2145 1141 2352 1209 γίνεται
2386 1143 2624 1222 πρᾶξινή
2663 1144 2812 1216 ψυχὴ
2860 1148 2967 1217 γὰρ
3025 1146 3344 1220 φιιλοπαθὴς,
3397 1153 3479 1205 καὶ
3529 1155 3652 1222 φιλά-

2149 1250 2380 1303 μαρτος,
2410 1221 2784 1308 ὕστερημὲνη,
2815 1238 2911 1290 καὶ
2959 1237 3363 1313 ἀποϐαλλομένη
3414 1243 3500 1313 τὴν
3528 1221 3653 1316 χάριν

2145 1324 2242 1378 καὶ
2275 1325 2608 1396 χηρεύουσα,
2636 1327 2847 1392 παθῶν,
2880 1328 2967 1381 ἵνα
3004 1329 3079 1399 μὴ
3109 1331 3265 1392 εἴπω,
3303 1333 3538 1404 δαιμόνων
3572 1355 3652 1391 κα-

2143 1421 2495 1492 τοικητήριον
2527 1421 2700 1487 ἐσται,
2732 1421 2825 1476 νῦν
2860 1423 2953 1475 καί⁸
2985 1425 3043 1476 ἐν
3077 1424 3156 1495 τῷ
3180 1426 3429 1495 μέλλοντι.

2222 1519 2308 1580 ιγ’.
2353 1513 2557 1584 Ἱλαρδν
2613 1516 2706 1569 καὶ
2757 1517 2967 1588 ἦμερον
2990 1519 3050 1570 ού
3089 1521 3232 1572 ποιεῖ
3260 1520 3346 1573 τὸν
3367 1521 3516 1591 θυμδν
3541 1525 3602 1588 ὡς
3625 1529 3654 1596 ἡ

2149 1604 2388 1672 ἀνδρεία,
2416 1608 2510 1658 καὶ
2531 1607 2592 1658 τὸ
2620 1607 2785 1670 ἕλεος·
2813 1609 2846 1678 ἡ
2884 1609 2982 1679 μὲν
3011 1611 3140 1674 τοὺς
3161 1610 3282 1678 ἔξω,
3312 1615 3344 1683 ἠ
3370 1611 3420 1666 δὲ
3442 1614 3548 1678 τοὺς
3570 1615 3658 1672 Eata.

2146 1693 2399 1765 καθάπερ
2429 1696 2705 1760 ἑλεπόλεις
2737 1699 3125 1768 συντρίϐουσα.

2218 1787 2300 1841 ιδ’.
2357 1788 2548 1842 Πολλοὶ
2597 1791 2695 1852 τὰς
2755 1791 2976 1855 ἐντολὰς
3016 1793 3411 1864 ἐργαζόμενοι,
3461 1796 3657 1851 δοκοῦσιν.

2141 1876 2350 1932 ὁδεύειν
2383 1879 2434 1931 οῖ
2471 1880 2568 1932 καὶ
2617 1881 2784 1949 μήπω
2836 1880 2937 1951 τὴν
2966 1883 3122 1936 πόλιν
3174 1885 3478 1954 φθάσαντες,
3500 1889 3654 1952 ἔξωθεν

2146 1970 2388 2039 μένουσι·
2442 1970 2542 2034 τὰς
2567 1971 2675 2042 γὰρ
2706 1971 2974 2038 διεξόδους
2998 1975 3116 2030 τῶν
3154 1975 3432 2046 βασιλικῶν
3456 1980 3653 2047 εὐθειῶν,

2145 2062 2394 2114 τουτέστι
2424 2061 2525 2124 τὰς
2573 2062 2906 2134 ἀγχιθύρους
2956 2067 3065 2119 τῶν
3095 2068 3308 2137 ἀρετῶν
3331 2072 3506 2135 κακίας
3531 2072 3652 2141 λελη-

2142 2151 2311 2216 θότως
2348 2153 2600 2223 ἄραντες,
2637 2156 2885 2226 ἀνοήτως
2914 2158 3257 2228 πορεύονται·
3292 2161 3407 2214 οὔτε
3461 2164 3553 2234 γὰρ
3592 2165 3655 2216 ἔλ-

2139 2242 2338 2313 λειψιν,
2363 2244 2488 2297 οὔτε
2530 2247 2858 2319 ὑπερϐολὴν,
2889 2249 3026 2303 ἀλλὰ
3053 2252 3149 2304 καὶ
3175 2254 3368 2308 σκοπὸν
3397 2255 3652 2324 θεάρεστον,

2142 2333 2237 2386 καὶ
2281 2335 2340 2386 τὸ
2396 2336 2536 2389 θεῖον
2592 2339 2750 2407 μόνον
2793 2338 3054 2410 ζητοῦσαι
3111 2345 3173 2397 αί
3233 2346 3431 2398 ἐντολαὶ
3487 2347 3654 2400 δέονται

2142 2423 2374 2495 θέλημα,
2409 2429 2456 2479 εἰ
2476 2428 2532 2480 δὲ
2561 2429 2656 2500 μὴ,
2687 2431 2862 2502 μάτην
2883 2433 2910 2484 ὁ
2942 2435 3148 2497 σκοπὸς
3177 2435 3265 2506 [ἐν
3283 2437 3412 2492 ἄλλ.
3440 2436 3654 2508 όκόπος],

2139 2515 2360 2581 εὐθείας
2412 2521 2552 2574 κατὰ
2601 2521 2700 2592 τὴν
2755 2523 2979 2594 Γραφὴν
3015 2527 3088 2596 μὴ
3135 2531 3310 2582 ποιεῖν
3363 2530 3452 2590 τὰς
3483 2529 3656 2599 τρίϐους

2137 2606 2235 2660 τοῦ
2265 2608 2400 2662 Θεοῦ
2428 2623 2446 2640 °
2499 2613 2663 2665 παντὶ
2714 2614 2818 2682 γὰρ
2856 2615 3004 2687 ἔργῳ
3039 2620 3068 2670 ό
3096 2622 3302 2683 σκοπὸς
3342 2621 3558 2690 ζητεῖται
3583 2619 3656 2672 τοῦ

2141 2699 2488 2771 πράγματος.

2217 2790 2297 2847 ιε’.
2336 2794 2424 2848 Ἐν
2443 2795 2564 2864 ὁδῷ,
2592 2801 2841 2852 τουτέστι
2875 2799 2944 2853 δι’
2974 2801 3214 2855 ἐντολῶν
3239 2803 3296 2855 ἐν
3331 2802 3511 2872 καρδίᾳ
3536 2802 3658 2870 ζήτει

2139 2883 2232 2938 τὸν
2257 2887 2482 2958 Κύριον.
2508 2888 2675 2941 Ὅταν
2705 2891 2813 2962 γὰρ
2839 2891 3079 2964 ἀκούσῃς
3111 2893 3211 2946 τὸν
3228 2895 3460 2964 Ἰωάννην
3476 2894 3657 2963 βοιῖιντα,
3701 2905 3704 2909 ’

2141 2977 2236 3032 καὶ⁵
2289 2982 2700 3050 προστάσσοντα
2765 2985 2898 3037 πᾶσι
2944 2985 3043 3048 τὰς
3092 2985 3254 3050 ὀδοὺς
3285 2986 3562 3056 ἑτοιμάσαι,
3587 2983 3660 3037 καὶ

2142 3070 2239 3133 τὰς
2265 3073 2487 3141 τρίϐους
2536 3073 2752 3138 εὐθείας
2807 3078 2981 3129 ποιεῖν
3010 3077 3326 3141 κελεύοντα,
3348 3078 3439 3140 τὰς
3466 3075 3658 3137 ἐντολὰς.

2143 3162 2238 3214 καὶ
2285 3161 2386 3225 τὰς
2449 3164 2699 3235 καρδίας,
2769 3167 2987 3230 καὶτὰς
3038 3169 3276 3238 πράξεις
3299 3165 3429 3222 εἶναι
3458 3170 3658 3238 νόμισον*

2142 3253 2403 3307 ἀδύνατον
2462 3257 2572 3326 γὰρ
2631 3258 2749 3311 ὁδὸν
2805 3259 3023 3311 εύθείαν
3061 3261 3178 3314 τῶν
3216 3261 3437 3314 ἐντολῶν
3463 3259 3660 3327 ποιῆσαι,

2143 3345 2236 3397 καὶ
2293 3347 2491 3416 πρᾶξιν
2543 3349 2854 3413 ἀνεύθυνον,
2886 3351 2934 3403 εί
2964 3352 3039 3420 μὴ
3085 3353 3400 3424 καρδιακὴν
3441 3352 3662 3420 εὐθύτητα

2143 3436 2236 3508 [ἐν
2254 3438 2397 3494 ἄλλ.
2433 3442 2701 3512 καρδιακῇ
2731 3443 3030 3516 εύθύτητι].

2218 3539 2312 3596 ις’.
2357 3533 2580 3587 Ῥἀϐδον
2642 3537 2735 3588 καὶ
2793 3535 3114 3607 βακτηρίαν,
3185 3539 3312 3593 ὅταν
3358 3537 3568 3610 ἀκούσῃς
3585 3536 3662 3604 τῆς

2145 3623 2368 3695 Γραφῆς
2401 3625 2687 3696 λεγούσης,
2720 3629 2861 3682 κατὰ
2899 3631 2999 3698 μὲν
3049 3631 3146 3683 τὸν
3179 3632 3500 3703 προφητικὸν
3525 3631 3660 3694 λόγον,

2144 3717 2245 3784 τὴν
2272 3719 2473 3787 κρίσιν,
2499 3720 2592 3772 καὶ
2633 3721 2732 3789 τὴν
2763 3722 3024 3792 πρόνοιαν
3055 3718 3199 3778 εἶναι
3223 3725 3455 3795 νόμισον,
3481 3723 3597 3776 κατὰ
3619 3719 3662 3772 δὲ

2141 3807 2234 3861 τὸν
2280 3809 2470 3878 ἠθικὸν
2511 3811 2687 3879 λόγον,
2717 3814 2816 3883 τὴν
2865 3812 3213 3886 ψαλμῳδίαν,
3253 3819 3344 3870 καὶ
3373 3814 3662 3886 προσευχήν*

2145 3901 2456 3970 κρινόμενοι
2487 3901 2598 3973 γὰρ
2647 3903 2752 3955 ὑπὸ
2791 3904 2996 3973 Κυρίου
3013 3908 3078 3976 τῇ
3110 3907 3297 3978 ῥάϐδῳ
3324 3906 3421 3976 τῆς
3448 3904 3666 3966 παιδείας,

2143 3993 2280 4064 πρὸς
2323 3995 2656 4065 ἐπιστροφὴν
2713 3997 3098 4066 παιδευόμεθα·
3136 4000 3477 4065 παιδεύοντες
3497 3998 3543 4050 δὲ
3569 3995 3667 4053 τοὺς

2145 4085 2610 4154 ἐπανισταμένους
2652 4089 2784 4157 ἡμῖν
2808 4090 2874 4157 τῇ
2908 4089 3086 4159 ῥάϐδῳ
3126 4090 3232 4158 τῆς
3299 4089 3538 4160 ἀνδρικῆς
3558 4084 3668 4153 ψαλ-

2147 4176 2371 4246 μῳδίας,
2403 4182 2467 4250 τῇ
2524 4183 2801 4251 προσευχῇ
2855 4181 3254 4250 στηριζόμεθα.
3320 4185 3554 4252 Ἔχοντες
3597 4178 3670 4230 οὖν

2144 4266 2241 4334 τὴν
2262 4267 2453 4337 ράὸδον
2476 4270 2567 4321 καὶ
2597 4271 2694 4340 τὴν
2720 4270 3022 4340 βακτηρίαν
3053 4274 3111 4324 ἐν
3132 4274 3280 4344 χειρὶ
3306 4274 3540 4344 πράξεως
3561 4269 3670 4332 νοὸς,

2152 4359 2227 4430 μὴ
2259 4359 2594 4430 παυσώμεθα
2656 4365 3002 4428 παιδεύοντες
3034 4369 3128 4420 καὶ
3155 4368 3521 4429 παιδεύεσθαι,
3547 4366 3673 4432 ἄχρις

2077 4451 2215 4542 «Πᾶν
2246 4453 2350 4506 ὑπὸ
2387 4455 2487 4526 τὴν
2541 4457 2799 4526 πρόνοιαν
2847 4459 3044 4521 ὁλικῶς
3078 4459 3389 4528 γενώμεθα,
3413 4459 3500 4529 τὴν
3527 4457 3673 4527 κρίσιν

2149 4548 2500 4616 ἐκφυγόντες,
2531 4548 2628 4619 τὴν
2654 4551 2749 4603 νῦν
2788 4552 2881 4603 καὶ
2913 4551 3007 4621 τὴν
3043 4553 3369 4621 μέλλουσαν.

2226 4640 2309 4704 ιζ’.
2350 4642 2510 4694 Ἴδιον
2529 4642 2633 4694 τῶν
2654 4643 2906 4706 ἐντολῶν,
2925 4645 2983 4696 τὸ
3011 4647 3288 4716 προτιμᾷν
3316 4647 3401 4698 ἀεὶ
3438 4643 3526 4712 τὴν
3551 4655 3674 4706 περι·

2154 4733 2378 4802 εκτικὴν
2419 4734 2658 4802 ἐντολὴν,
2691 4735 2790 4805 τὴν
2823 4737 2918 4788 τοῦ
2951 4736 3086 4789 Θεοῦ
3122 4739 3370 4807 μνήμην,
3401 4735 3492 4804 τὴν
3525 4733 3676 4796 λέγον-

2157 4839 2278 4887 σαν,
2319 4823 2603 4894 Μνήσθητι
2642 4826 2847 4894 Κυρίου
2889 4826 2984 4880 τοῦ
3013 4827 3146 4880 Θεοῦ
3175 4845 3272 4879 σου
3307 4823 3596 4882 διαπαντὺςο
3621 4816 3677 4869 δι’

2154 4909 2224 4988 ἧς
2251 4915 2352 4986 γὰρ
2413 4915 2712 4982 ἀπώλοντο,
2771 4917 2858 4970 διὰ
2913 4917 3115 4987 ταύτης
3147 4920 3245 4971 καὶ
3272 4917 3590 4987 φυλαχθῆναι
3613 4909 3683 4961 δύο

2161 5023 2350 5060 νσνται
2400 5006 2553 5076 Λήθη
2579 5007 2688 5079 γὰρ
2715 5007 2811 5079 τὴν
2842 5008 2990 5062 θιίαν
3019 5009 3079 5074 ἐξ
3109 5010 3286 5081 ἀρχῆς
3320 5009 3530 5080 μνήμην
3557 4998 3681 5055 ἀπώ-

2155 5114 2301 5180 λεσε,
2348 5113 2449 5178 τὰς
2501 5111 2722 5173 ἐντολὰς
2769 5108 3169 5184 ἀμαυρῶσασα,
3227 5108 3322 5159 καὶ
3351 5101 3488 5156 οὕτω
3522 5092 3691 5167 γυμνὸν

2157 5209 2222 5261 ἐκ
2254 5206 2453 5268 παντὸς
2487 5203 2774 5274 ἄνθρωπον
2807 5200 3032 5265 ἔδειξεν.

2229 5307 2319 5370 ιη’.
2356 5300 2444 5351 Ἑν
2491 5297 2642 5350 δυσὶν
2700 5295 2938 5357 ἐντολαῖς
2958 5294 3007 5346 οἱ
3033 5290 3336 5361 ἀγωνισταὶ
3380 5287 3532 5341 πάλιν
3582 5275 3690 5347 πρὸς

2163 5395 2222 5446 τὸ
2257 5394 2484 5462 ἀρχαῖον
2531 5389 2748 5459 ἀξίωμα
2805 5387 3078 5458 ἔρχονται,
3108 5384 3175 5436 δι’
3215 5379 3458 5447 ὑπακοῆς
3491 5373 3574 5428 καὶ
3616 5385 3690 5434 νηο

484 5468 735 5533 liuentia,
771 5483 892 5522 cum
921 5484 984 5522 ex
1025 5469 1217 5523 harum
1251 5470 1543 5527 contrariis
1584 5477 1744 5528 omne
1771 5475 1970 5529 malum
2007 5447 2041 5529 ii

2164 5482 2366 5544 στείαςε
2400 5481 2464 5532 ἐκ
2496 5479 2604 5549 γὰρ
2658 5477 2768 5530 τῶν
2801 5477 3058 5530 ἐναντίων
3081 5473 3286 5527 τούτων
3320 5475 3351 5539 ἡ
3389 5469 3541 5523 κακία
3573 5462 3691 5514 πᾶσα

488 5559 798 5616 mortalium
846 5577 1014 5632 genus
1048 5562 1292 5621 irruerit.
1325 5563 1391 5622 Et
1444 5566 1533 5637 qui
1568 5581 1668 5637 per
1698 5566 2041 5624 obcdicntiau

2164 5572 2238 5642 τῷ
2279 5574 2423 5641 γένει
2476 5570 2582 5624 τῶν
2633 5569 2838 5641 βροτῶν
2899 5565 3204 5639 ἐπεισῆλθε.
3268 5565 3377 5616 Καὶ
3426 5562 3472 5612 oi
3517 5555 3603 5627 μὲν
3640 5549 3692 5602 δι’

565 5742 586 5772 ²
614 5741 769 5797 Deut.
795 5759 910 5811 VIII,
947 5744 1032 5800 18.
