3994 6206
458 355 592 414 1Ξ45

1493 361 1758 420 CAPITA
1802 361 1951 418 PER
1999 357 2645 420 ACROSTICHIDEM.

3553 350 3691 413 12H)

435 488 678 558 ¹ὅπακοῆς
711 490 807 552 τὰς
859 491 1078 556 ἐντολὰς
1127 494 1507 561 φυλάττοντες,
1567 493 1703 564 πρὸς
1743 494 1834 546 τὸν
1875 493 2010 546 Θεὸν

2139 483 2357 534 ualidam
2391 491 2606 534 servant
2640 479 2810 534 citius
2842 477 2910 532 ad
2959 475 3122 531 Deum
3174 475 3420 538 adeunt;
3455 473 3544 539 qni
3598 489 3692 537 per

428 583 819 653 ἐπανέρχονται
846 584 1253 655 συντομώτερον
1278 602 1292 615 ’
1325 587 1375 638 οί
1404 585 1461 639 δὲ
1491 586 1580 640 διὰ
1603 587 1856 656 νηστείας
1911 588 2007 640 καὶ

429 675 759 744 προσευχῆς,
823 675 1174 747 βραδύτερον.
1233 678 1344 730 Καί
1393 680 1426 750 ἠ
1455 677 1554 748 μὲν
1610 677 1826 747 ὑπακοὴ
1893 681 2008 740 τοῖς

430 766 755 834 ἀρχομένοις
806 768 1084 838 ἁρμόδιος,
1143 771 1176 839 ἡ
1205 769 1262 822 δὲ
1297 771 1518 838 νηστεία
1535 773 1646 834 τοῖς
1673 770 1878 839 μέσοις,
1917 770 2011 823 καὶ

430 859 777 923 γνωστικοῖς,
831 859 926 912 καὶ
962 861 1254 929 ἀνδρείοις.
1287 861 1361 914 Τὸ
1392 862 1500 932 γὰρ
1529 863 1768 933 τηρῆσαι
1796 851 1894 932 τὴν
1921 863 2014 916 διὰ

430 945 538 998 τῶν
569 945 802 999 ἐντολῶν
851 948 1096 1018 ὑπακοὴν
1130 949 1207 1020 τῷ
1234 948 1354 1020 Θεῷ
1378 951 1689 1015 ἀνόθευτον,
1715 951 1837 1004 λίαν
1863 952 2012 1004 ἐστὶν

432 1036 655 1105 ὀλίγοις,
683 1040 778 1090 καὶ
807 1038 992 1102 αὐτοῖς
1013 1042 1122 1103 τοῖς
1149 1041 1415 1111 ἀνδρείοις
1441 1041 1766 1111 ἐπίμοχθον.

508 1125 596 1182 ιθ’.
626 1129 811 1197 Νόμος
840 1129 934 1184 τοῦ
957 1130 1272 1201 Πνεύματος
1300 1134 1398 1202 τῆς
1425 1132 1567 1203 ζωῆς,
1593 1135 1731 1197 ἐστι,
1762 1134 1902 1188 κατὰ
1923 1135 2016 1189 τὸν

444 1222 788 1284 ’Δπὸστολον,
815 1225 844 1274 6
867 1224 924 1274 ἐν
949 1223 1146 1295 καρδίᾳ
1175 1225 1416 1295 ἐνεργῶν
1455 1225 1551 1277 καὶ
1595 1225 1774 1279 λαλῶν
1793 1243 1804 1256 ·
1827 1225 2016 1296 ὥσπερ

432 1313 640 1367 καὶτοῦ
669 1313 1018 1384 γράμματος,
1043 1316 1071 1367 6
1094 1317 1151 1368 ἐν
1191 1315 1356 1385 σαρκὶ
1405 1315 1802 1386 ἐνεργούμενος
1825 1333 1838 1346 ⁶
1874 1319 2016 1370 ἐκεῖ.

431 1424 520 1469 νος
545 1407 642 1476 μέν
676 1407 786 1477 γὰρ
847 1406 1126 1478 ἐλευθεροί
1157 1407 1251 1461 τὸν
1292 1407 1418 1461 νοῦν
1447 1411 1510 1461 ἐκ
1535 1407 1630 1462 τοῦ
1699 1410 1866 1479 νόμου
1913 1411 2016 1478 τῆς

429 1500 706 1567 ἁμαρτίας
759 1500 856 1553 καὶ¹
885 1499 1006 1552 ’τοῦ
1067 1499 1335 1553 θανάτουο
1397 1493 1552 1564 οὗτος
1611 1501 1668 1554 δὲ
1715 1501 2017 1572 λεληθότως

431 1592 725 1660 Φαρισαῖον
781 1591 1094 1664 ἐργάζεται,
1144 1592 1482 1660 σωματικῶς
1533 1591 1625 1644 τὸν
1650 1592 1814 1661 νόμον
1847 1593 2017 1646 ποιῶν

433 1679 530 1730 καὶ
558 1677 716 1741 νοῶν,
741 1679 836 1731 καὶ
891 1680 1026 1749 πρὸς
1046 1679 1109 1732 τὸ
1145 1678 1404 1748 θεαθῆναι
1435 1678 1535 1742 τὰς
1584 1681 1807 1744 ἐντολάς
1847 1683 2016 1752 ἐργα-

435 1768 684 1839 ζόμενος.

2123 568 2502 622 abstinentiam
2528 577 2582 621 et
2613 566 2940 629 oratiOnem,
2980 564 3206 618 tardius.
3248 561 3563 616 Ohedientia
3603 559 3687 611 in-

2123 658 2469 726 cipientibus,
2511 657 2838 712 abstinentia
2877 655 3071 710 mediis
3099 653 3464 722 gnosticisqtte
3501 658 3555 702 et
3581 648 3689 700 for—

2122 750 2265 803 tibus
2308 749 2589 817 competit.
2617 747 2749 802 Nam
2778 762 2994 801 servare
3019 761 3116 816 per
3142 750 3403 813 praecepta
3432 740 3691 794 obedien-

2124 841 2250 894 tiam
2271 840 2378 894 Deo
2396 855 2602 904 veram,
2629 854 2795 908 penes
2815 837 3172 906 paucissimos
3195 843 3296 896 est,
3314 843 3369 886 et
3389 831 3522 900 ipsis
3541 831 3691 884 torti-

2121 932 2226 986 lius
2244 930 2641 986 diﬂicillimum.

2194 1134 2283 1188 l9.
2313 1133 2564 1188 Custodit
2611 1133 2780 1201 legem
2830 1129 3068 1199 Spiritus
3106 1129 3250 1193 vitae,
3311 1126 3378 1181 de
3411 1139 3516 1193 qua
3548 1123 3696 1192 Apo-

2119 1227 2312 1291 Stolus,
2346 1227 2435 1278 ille
2476 1225 2568 1293 qui
2601 1225 2765 1278 corde
2800 1225 2910 1292 agit
2943 1232 3000 1276 et
3038 1222 3312 1290 loquitur;
3345 1220 3482 1274 sicut
3519 1217 3691 1284 legetn

2121 1316 2336 1380 litterze,
2369 1315 2460 1383 qui
2489 1329 2653 1367 carne
2700 1324 2979 1382 operatur.
3017 1312 3108 1366 Ille
3163 1321 3398 1364 mentem
3435 1309 3626 1362 liberat
3657 1322 3688 1360 a

2119 1408 2235 1476 lege
2260 1407 2462 1476 peccati
2499 1415 2552 1460 et
2586 1407 2818 1472 mortis;
2862 1406 2969 1467 hic,
3011 1403 3318 1456 Pliariszeos
3342 1400 3547 1454 inscius
3574 1399 3695 1450 imi-

2123 1509 2262 1563 tans,
2314 1497 2611 1551 carnaliter
2646 1497 2816 1566 legem
2863 1497 2992 1551 facit
3035 1506 3089 1548 et
3132 1493 3405 1562 intelligit,
3436 1501 3492 1545 et
3526 1499 3584 1545 ut
3611 1490 3694 1544 vi-

2119 1589 2311 1641 deatur
2351 1589 2600 1642 mandata
2640 1589 2895 1641 observat

505 1866 572 1914 κ¹.
587 1861 699 1928 Τὴν
717 1860 905 1914 πασῶν
922 1862 1030 1914 τῶν
1052 1862 1280 1917 ἐντολῶν
1307 1865 1559 1918 σύνθεσιν
1577 1866 2016 1936 συναρμολογου-

2191 1868 2279 1923 20.
2314 1867 2579 1936 Equidem
2628 1863 2869 1919 omnium
2918 1863 3293 1916 mandatorum
3341 1871 3608 1927 compago
3639 1857 3692 1910 in

440 1949 624 2020 μένην,
661 1952 755 2003 καὶ
794 1951 1276 2022 συμϐιὸαζομένην
1299 1955 1357 2006 ἐν
1397 1954 1692 2026 πνεύματι,
1728 1955 2018 2026 ἄνθρωπον

437 2037 576 2104 εἶναι
627 2041 846 2108 λέγουσι
885 2042 1119 2107 τέλειον,
1149 2043 1182 2113 ἢ
1218 2043 1386 2114 ἀτελῆ
1434 2045 1578 2098 κατά
1609 2045 1706 2115 τὴν
1734 2045 2018 2114 προκοπὴν

438 2132 745 2202 γινόμενον,
811 2134 904 2186 καὶ
933 2135 1028 2197 τὰς
1079 2135 1321 2199 ἐντολὰς,
1357 2137 1434 2199 ῶς
1463 2137 1623 2205 σῶμα
1643 2153 1657 2168 ο
1688 2135 1785 2199 τὰς
1809 2136 1856 2188 δ’
1888 2137 2018 2206 ἀρε-

437 2219 652 2283 τὰς,ὠς
699 2222 1002 2293 ποιοτήτων
1059 2223 1224 2289 ἕξεις,
1286 2226 1443 2277 ὀστᾶ⁹
1506 2225 1606 2296 τὴν
1645 2226 1702 2278 δὲ
1730 2225 1911 2296 χάριν,
1943 2225 2018 2288 ὡς

437 2310 612 2381 ψυχὴν
653 2312 856 2377 ζῶσαν,
892 2316 988 2368 καὶ
1036 2317 1386 2388 κινουμένην,
1435 2318 1528 2371 καὶ
1575 2317 1904 2387 ἐνεργοῦσαν
1943 2317 2021 2382 ὡς

443 2403 604 2472 σῶμα
636 2405 733 2465 τὰς
758 2405 868 2460 τῶν
893 2405 1121 2459 ἐντολῶν
1162 2408 1466 2477 ἐνεργείας.
1513 2408 1768 2477 Ἀμέλεια
1794 2409 1902 2478 γὰρ
1926 2407 2020 2461 καὶ

444 2495 649 2564 σπουδὴ
705 2497 842 2567 πρὸς
905 2496 1004 2560 τὰς
1063 2499 1482 2568 μεθηλικιῶσεις
1521 2501 1778 2572 Χριστοῦ,
1802 2503 2019 2572 νήπιον,

442 2586 476 2654 ἢ
499 2586 704 2641 τέλειον
736 2588 998 2656 δείκνυσι,
1031 2588 1126 2643 νῦν
1159 2607 1218 2642 τε
1242 2591 1337 2644 καὶ
1362 2592 1418 2645 ἐν
1444 2590 1518 2658 τῷ
1545 2591 1814 2656 μέλλοντι.

513 2717 618 2767 κα’.
663 2711 722 2766 '0
745 2712 806 2765 τὺ
833 2713 993 2782 σῶμα
1021 2715 1128 2767 τῶν
1163 2715 1392 2767 ἐντολῶν
1436 2713 1669 2779 αὐξάναι
1719 2715 1906 2784 θέλων,
1965 2717 2025 2772 τὸ

442 2802 658 2873 λογικὸν
718 2805 813 2858 καὶ
867 2805 1058 2858 ’ἄδολον
1121 2805 1264 2874 γάλα
1322 2806 1421 2876 τῆς
1478 2806 1753 2876 μητρικῆς
1805 2809 2025 2878 χάριτος

444 2895 730 2950 ἐπιποθεῖν
784 2897 1158 2961 σπουδαζέτω·
1196 2897 1408 2950 ἐκεῖθεν
1432 2897 1542 2967 γὰρ
1570 2896 2025 2967 γαλουχοτροφεϊ-

443 3010 538 3045 ται
566 2995 677 3057 πᾶς
703 2997 730 3047 6
764 2995 860 3065 τὴν
895 2995 951 3046 ἐν
987 2992 1210 3064 Χριστῷ
1249 2992 1451 3065 ζητῶν,
1480 2994 1572 3048 καὶ
1599 2993 1770 3047 θέλων
1793 2992 2025 3063 αὔξησιν

445 3086 767 3158 αὐξηθῆναι.
801 3088 947 3140 Γάλα
979 3087 1078 3158 μὲν
1111 3087 1247 3158 πρὸς
1279 3087 1506 3158 αὔξησιν
1536 3089 1569 3159 ἡ
1602 3087 1766 3155 σοφία
1821 3089 1880 3139 ἐκ
1914 3085 2022 3139 τῶν

2123 1961 2318 2030 Spiritu
2379 1958 2700 2014 concinnata
2734 1966 2788 2010 et
2848 1965 3123 2023 coaptata,
3184 1961 3530 2020 comparatur
3576 1952 3695 2002 viro

2124 2053 2364 2122 perfecto
2402 2048 2686 2104 crescendi
2720 2047 2952 2114 amplius
3006 2045 3272 2114 incapari.
3321 2043 3385 2096 Et
3437 2046 3692 2095 mamtata

2122 2154 2250 2200 sunt
2298 2147 2438 2197 velut
2474 2155 2704 2209 corpus;
2743 2139 2969 2194 virtutes
3015 2149 3194 2192 autem
3243 2150 3336 2189 seu
3387 2134 3510 2187 boni
3543 2131 3694 2186 babi-

2124 2247 2231 2304 tus,
2264 2252 2386 2291 ossa
2421 2255 2433 2299 ;
2475 2235 2647 2304 gratia
2699 2234 2938 2297 demum,
2989 2233 3144 2299 quasi
3183 2229 3359 2281 anima
3401 2223 3684 2294 praeceptis

2124 2341 2185 2384 ut
2222 2328 2437 2397 corpori
2471 2327 2636 2380 vitam
2694 2333 3014 2391 motumque
3064 2330 3120 2376 et
3143 2354 3155 2362 ς
3181 2329 3362 2372 actum
3398 2317 3694 2384 inspirans.

2124 2424 2197 2478 Ex
2235 2421 2443 2475 incuria
2476 2419 2621 2473 enim
2647 2416 2727 2470 vel
2757 2415 3034 2483 diligentia
3066 2411 3342 2466 ert-seendi
3370 2410 3422 2461 in
3456 2409 3700 2471 Christo,

2127 2514 2332 2583 parvuli
2362 2512 2448 2566 vel
2479 2508 2699 2578 perfecti
2722 2507 3058 2562 ostendimur
3113 2517 3257 2557 nunc
3315 2511 3369 2554 et
3405 2501 3456 2554 in
3495 2498 3675 2552 futuro

2199 2711 2292 2764 2i.
2333 2710 2732 2778 Praeceptorunt
2763 2720 2958 2772 corpus
2985 2703 3077 2772 qui
3125 2715 3323 2771 angere
3358 2700 3491 2764 vult,
3532 2697 3704 2750 ratio-

2130 2804 2310 2858 nabile
2345 2804 2468 2858 sine
2502 2801 2626 2855 dolo
2675 2798 2760 2852 lac
2801 2797 3028 2850 nutricis
3077 2795 3265 2864 gratia:
3315 2791 3702 2857 concupiscere

2128 2896 2352 2951 leSIinct
2390 2911 2404 2947 :
2449 2892 2572 2946 inde
2605 2889 2746 2944 enim
2793 2889 3022 2962 Iactatur
3075 2884 3384 2952 quicunque
3433 2882 3610 2934 studet
3640 2893 3703 2935 ac

2129 2986 2322 3056 quaerit
2374 2992 2721 3053 augmentum
2758 2980 2962 3035 facere.
3015 2977 3151 3031 Nam
3198 2976 3288 3028 illa
3339 2973 3495 3040 quasi
3533 2972 3614 3024 lae
3643 2971 3697 3022 in

2131 3079 2309 3134 cibum
2351 3085 2401 3130 et
2434 3077 2670 3129 calorem
2724 3088 2788 3127 ex
2825 3070 3083 3125 uberibus
3129 3065 3455 3134 sapientiam
3510 3061 3698 3126 stillat,

446 3157 616 3251 αὐτῆς
649 3181 868 3250 μαστῶν
915 3181 1012 3251 τὴν
1046 3157 1256 3250 θέρμην
1298 3157 1513 3234 δίδωσι·
1554 3157 1676 3250 μέλι
1731 3179 1787 3233 δὲ
1817 3179 2026 3248 τροφῆς

2139 3169 2362 3239 etquasi
2397 3168 2500 3221 mel
2529 3169 2583 3220 in
2643 3165 3012 3236 purgatricem
3043 3174 3223 3216 escam
3257 3157 3517 3228 perfectis
3550 3171 3699 3208 suam

445 3273 558 3333 τοῖς
585 3273 834 3335 τελείοις,
860 3271 957 3341 τὴν
977 3272 1177 3342 ἐαυτῆς
1201 3272 1540 3343 εὐφροσύνην
1557 3272 1692 3340 πρὸς
1725 3272 2022 3342 κάθαρσιν·

447 3363 610 3426 Μέλι,
647 3364 801 3432 φησὶ,
846 3363 942 3416 καὶ
989 3363 1134 3432 γάλα
1177 3363 1283 3416 ὑπὸ
1311 3365 1411 3433 τὴν
1440 3363 1694 3432 γλῶσσάν
1722 3380 1836 3417 σου.
1881 3362 2026 3416 Γάλα

453 3455 553 3525 μὲν
601 3456 700 3526 τὴν
763 3455 1065 3526 θρεπτικὴν
1119 3456 1213 3508 καὶ
1263 3456 1582 3525 αὐξητικὴν,
1648 3454 1770 3521 μέλι
1820 3455 1876 3507 δὲ
1927 3453 2025 3524 τὴν

452 3546 790 3616 καθαρτικὴν
833 3547 926 3598 τοῦ
956 3547 1266 3616 πνεύματος
1291 3545 1519 3614 δύναμιν
1544 3548 1570 3596 ὁ
1611 3543 1864 3612 Σολομὼν
1894 3543 2027 3614 ἔφη·

453 3654 565 3689 σεν.
609 3635 668 3689 Ὁ
717 3637 774 3689 δέ
843 3638 1018 3707 μέγας
1084 3635 1406 3697 Ἀπόστολος
1460 3636 1558 3703 τὴν
1607 3635 1873 3704 διαφορὰν
1917 3633 2027 3685 τῶν

450 3730 738 3800 ἐνεργειῶν
789 3729 1182 3796 αἰνιττόμενος,
1218 3728 1423 3795 ἐλεγενο
1464 3745 1482 3777 ι
1523 3728 1609 3788 Ὠς
1635 3727 1858 3796 νηπίους
1890 3726 2032 3792 γάλα

442 3822 590 3887 ὑμᾶς
613 3821 858 3882 ἐπότισα,
893 3822 984 3873 καὶ
1013 3820 1074 3872 οὐ
1117 3819 1332 3888 βρῶμα.
1370 3839 1390 3870 ι

518 3932 622 4002 κβ’.
680 3931 886 3998 Λόγους
925 3924 1177 3988 ἐντολῶν,
1209 3923 1236 3976 6
1273 3921 1445 3992 χωρὶς
1469 3917 1710 3973 ’ἐντολῶν
1732 3913 2030 3984 ἐπιζητῶν,

443 4025 546 4098 καὶ
565 4023 654 4076 διὰ
687 4021 997 4092 μαθήσεως,
1031 4018 1066 4089 ἢ
1093 4013 1456 4082 ἀναγνώσεως
1519 4007 1800 4064 ἐπιποθῶν
1852 4006 2036 4078 εὑρεῖν

446 4115 632 4183 ὅμοιός
673 4111 890 4180 ἐστιτῷ
921 4109 1081 4164 σκιὰν
1137 4105 1258 4175 ἀντὶ
1311 4099 1572 4171 ἀληθείας
1604 4098 2032 4169 φανταζομένῳο

447 4207 502 4259 oi
555 4204 701 4271 λόγοι
759 4200 868 4268 γὰρ
907 4199 1006 4268 τῆς
1053 4193 1312 4266 ἀληθείας
1357 4194 1416 4244 ἐν
1470 4193 1583 4253 τοῖς
1626 4189 1728 4258 τῆς
1777 4185 2036 4256 ἀληθείας

454 4298 703 4368 μετόχοις
751 4293 1092 4362 μετέχονται,
1119 4288 1169 4341 oi
1195 4287 1252 4340 δὲ
1306 4284 1408 4354 τῆς
1451 4281 1713 4351 ἀληθείας
1774 4280 2034 4349 ἀμέτοχοι

451 4391 551 4444 καὶ
607 4386 880 4458 ἀμύητοι,
930 4382 1123 4450 λόγους
1173 4376 1581 4449 ἐπιζητοῦντες,
1649 4373 1776 4435 τοὺς
1818 4375 1883 4425 ἐκ
1938 4371 2037 4439 τῆς

456 4479 838 4553 μωρανθείσης
897 4474 1089 4544 σοφίας
1145 4471 1482 4542 εὑρίσκουσι,
1526 4467 1617 4530 οὓς
1649 4466 1743 4519 καὶ
1774 4463 2041 4534 ψυχικοὺς

2135 3266 2226 3317 dat
2274 3261 2622 3328 sapientiam,
2675 3258 2818 3313 sicut
2853 3255 3114 3323 scriptum
3147 3263 3228 3308 est
3265 3269 3280 3307 :
3324 3271 3342 3302 ι
3391 3249 3492 3303 Mel
3545 3245 3704 3302 etlae

2133 3354 2234 3408 sub
2271 3353 2449 3422 lingua
2485 3364 2596 3406 tua.
2630 3370 2648 3402 ι
2677 3349 2743 3402 Ει
2788 3348 3007 3416 quidem
3045 3347 3186 3400 lacte
3224 3343 3502 3397 nutritiam
3528 3351 3581 3395 et
3609 3355 3705 3394 au-

2133 3446 2387 3508 ctricem.
2447 3444 2605 3498 melle
2659 3457 2788 3496 vero
2845 3440 3123 3512 purilicam
3190 3435 3425 3506 Spiritus
3453 3433 3702 3487 virtutem

2136 3539 2389 3592 Salomon
2413 3535 2760 3604 signiﬁcavit.
2795 3535 3019 3600 Magnus
3048 3540 3228 3584 autem
3271 3527 3556 3594 Apostolus
3576 3539 3707 3592 ope-

2135 3628 2406 3680 rationum
2477 3625 2848 3679 diVersitatem
2899 3624 3151 3685 innuens,
3197 3621 3322 3674 ait:
3367 3637 3382 3668 ι
3426 3617 3700 3682 Tanquam

2137 3718 2374 3786 parvulis
2408 3715 2490 3769 lac
2523 3716 2670 3770 vobis
2704 3725 2885 3783 potum
2931 3713 3077 3775 dedi,
3109 3726 3215 3764 non
3245 3725 3420 3764 escam
3462 3709 3502 3760 ⁸.
3541 3726 3559 3758 ι

2206 3922 2298 3977 29..
2348 3921 2525 3975 Trans
2576 3922 2826 3974 mandata
2861 3918 2949 3984 qui
3002 3932 3281 3972 sermones
3331 3915 3706 3969 mandatorum

2139 4014 2333 4083 quaerit
2349 4021 2400 4068 et
2417 4012 2859 4082 perscientiam'a
2870 4021 2922 4064 ut
2939 4010 3226 4064 lectionem
3249 4007 3487 4060 invenire
3504 4007 3706 4072 studet,

2140 4105 2334 4160 similis
2356 4113 2437 4158 est
2460 4104 2576 4174 ejus
2594 4103 2688 4172 qui
2729 4101 2973 4155 umbram
3005 4115 3101 4170 pro
3125 4100 3352 4153 veritate
3383 4099 3707 4152 somniatur.

2143 4199 2434 4254 Sermones
2478 4199 2624 4253 enim
2657 4199 2917 4253 veritates
2963 4196 3126 4249 habet
3157 4194 3404 4247 veritatis
3453 4204 3708 4258 compos;

2141 4291 2386 4348 veritatis
2443 4302 2622 4345 autem
2654 4299 2906 4360 expertes
2940 4297 2994 4342 et
3040 4286 3249 4356 ignari,
3289 4272 3712 4349 sermonesejus

2143 4381 2486 4454 inquirendo,
2519 4393 2796 4436 sermones
2833 4380 3014 4432 stultae
3067 4378 3347 4446 sapientiae
3393 4375 3711 4442 reperiunt:

2143 4489 2279 4543 quos
2319 4472 2605 4542 Apostolus
2634 4471 2895 4524 animales
2925 4470 3160 4531 vocavit,
3208 4467 3455 4537 spiritum
3485 4479 3590 4516 non
3619 4463 3715 4515 lia-

453 4573 717 4627 ἒκάλεσεν
747 4571 776 4621 6
806 4566 1150 4634 Ἀπόστολος,
1217 4561 1435 4629 πνεῦμα
1468 4560 1542 4630 μὴ
1568 4558 1812 4628 ἔχοντας,
1839 4555 1944 4608 κᾶν
1974 4557 2027 4624 τῇ

2147 4565 2359 4629 bentes,
2401 4565 2525 4619 licet
2559 4565 2788 4618 veritate
2816 4563 3153 4628 superbiant.

454 4662 688 4734 ἀληθείᾳ
709 4659 1104 4730 σεμνύνωνται.
1433 4699 1446 4703 ..

534 4758 639 4824 κγ’.
666 4757 878 4822 Ὠσπερ
908 4753 936 4804 6
975 4748 1232 4819 αἰσθητὸς
1287 4744 1568 4814 ὀφθαλμὸς
1618 4745 1698 4805 εἰς
1721 4740 1782 4791 τὸ
1810 4736 2046 4808 γράμμα

460 4849 664 4919 ἀφορᾷ,
712 4846 806 4899 καὶ
836 4847 902 4897 ἐκ
936 4839 1029 4896 τοῦ
1055 4842 1384 4911 γράμματος
1410 4835 1684 4905 λαμϐάνει
1714 4830 1782 4884 τά
1813 4828 2047 4897 αἰσθητά

462 4917 733 5009 νοήματα,
774 4931 1147 4996 οὓτωςὸνοῦς
1205 4931 1334 4982 ὅταν
1387 4925 1656 4995 καθαρθῇ,
1721 4922 1817 4975 καὶ
1863 4922 1943 4982 εἰς
1988 4917 2049 4971 τὸ

472 5036 696 5102 ἀρχαῖον
769 5026 1038 5094 ἐπανέλθῃ
1095 5021 1333 5090 ἀξίωμα,
1392 5019 1470 5080 εἰς
1499 5017 1632 5069 Θεὸν
1697 5015 1821 5084 ὁρᾷ,
1866 5015 1959 5066 καὶ
1990 5011 2050 5075 ἐξ

478 5125 641 5193 αὐτοῦ
703 5120 970 5190 λαμϐάνει
992 5114 1058 5168 τὰ
1090 5115 1210 5167 θεῖα
1238 5113 1487 5180 νοήματα
1507 5124 1520 5139 °
1554 5108 1647 5159 καὶ
1678 5104 1801 5160 ἀντὶ
1829 5105 1926 5174 μὲν
1968 5103 2050 5173 βί-

482 5217 608 5269 6λου
645 5218 756 5284 ἔχει
789 5214 850 5264 τὸ
882 5209 1117 5278 πνεῦμα,
1147 5208 1268 5260 ἀντὶ
1289 5205 1345 5256 δέ
1380 5203 1648 5270 καλάμου,
1677 5199 1772 5270 τὴν
1815 5198 2054 5250 διάνοιαν

486 5311 580 5362 ml.
617 5309 717 5375 τὴν
747 5305 1020 5372 γλῶσσανο
1067 5301 1131 5353 Ἦ
1178 5298 1399 5368 γλῶσσά
1430 5313 1556 5366 μου,
1598 5293 1754 5362 φησὶ,
1788 5291 2032 5359 κάλαμος

477 5406 540 5458 τὸ
569 5406 685 5474 φῶς
715 5407 793 5472 δὲ,
844 5405 968 5458 ἀντὶ
1027 5405 1294 5477 μέλανος·
1349 5406 1644 5474 ἐμϐάπτων
1685 5405 1776 5460 οὖν
1815 5406 1912 5473 τὴν
1939 5407 2054 5460 διά-

480 5513 628 5550 νοιαν
655 5499 713 5549 ἐν
742 5497 820 5568 τῷ
873 5501 1033 5568 φωτὶ,
1099 5500 1192 5552 καὶ
1251 5498 1367 5567 φῶς
1424 5497 2053 5570 άποτελῶν,-διαγράφει

479 5591 606 5652 τοὺς
671 5589 954 5658 λόγους-ἐν
1004 5591 1274 5661 πνεύματι
1328 5593 1386 5644 ἐν
1426 5594 1544 5655 ταῖς
1595 5593 1705 5649 τῶν
1744 5595 2052 5649 ἀκουόντων

557 5765 575 5798 ³
600 5763 617 5814 1
647 5763 770 5816 Cor.
802 5780 882 5830 ιιι,
905 5766 958 5818 2.
1039 5767 1056 5794 ⁵
1086 5763 1205 5825 Psal
1245 5778 1387 5825 κων,
1419 5763 1472 5829 2,

2221 4757 2313 4811 2'5.
2340 4757 2642 4826 [aspiciens
2664 4755 2961 4808 materialis
2987 4753 3173 4808 oculus
3195 4752 3430 4805 litteram
3448 4765 3512 4804 ex
3539 4751 3716 4804 littera

2152 4851 2434 4908 sensuales
2466 4848 2701 4902 desumit
2723 4847 3078 4915 cogitationes
3113 4860 3128 4897 :
3167 4845 3401 4912 itemque
3436 4843 3715 4912 puriﬁcata

2150 4959 2306 5013 mens
2353 4953 2403 4996 et
2437 4941 2682 5011 pristina:
2713 4939 2961 4992 restituta
3001 4935 3272 5006 dignitati;
3309 4937 3472 4990 Deum
3508 4937 3717 4988 intuens

2149 5054 2210 5093 ex
2236 5053 2301 5092 eo
2324 5036 2682 5104 cogitationes
2705 5031 2902 5100 accipit
2933 5030 3146 5084 divinas
3172 5043 3188 5096 ;
3216 5039 3266 5085 et
3285 5046 3381 5100 pro
3402 5029 3536 5082 libro
3557 5028 3718 5081 habet

2149 5129 2423 5199 spiritum,
2460 5142 2555 5194 pro
2589 5125 2796 5175 calamo
2855 5123 3184 5176 intellectum
3213 5131 3262 5174 et
3291 5121 3552 5189 linguam,
3579 5120 3717 5170 sicut

2153 5222 2410 5287 srriptum
2433 5227 2513 5268 est
2540 5233 2554 5267 ι
2582 5233 2599 5265 ι
2631 5213 2834 5282 Lingua
2867 5229 2979 5266 mea
3002 5213 3242 5266 calamus
3260 5215 3300 5274 ⁸,
3330 5230 3347 5260 ι
3369 5222 3423 5263 et
3456 5224 3553 5273 pro
3574 5219 3716 5261 atra-

2155 5323 2336 5363 mento
2393 5311 2594 5362 lumen.
2658 5306 2992 5360 Intellectum
3045 5305 3206 5371 igitur
3285 5303 3610 5370 innuergens
3661 5305 3714 5355 in

2153 5402 2377 5465 lumine,
2404 5413 2460 5454 et
2505 5402 2740 5455 Incidunt
2775 5399 3037 5464 ellit-icns,
3070 5411 3351 5450 sermones
3382 5397 3570 5449 scribit
3605 5395 3717 5462 spi-

2151 5496 2374 5549 rituales
2406 5495 2459 5548 in
2495 5495 2643 5562 puris
2672 5492 3005 5546 audientium
3035 5488 3310 5542 cordibus.
3340 5487 3492 5541 'l‘unc
3551 5505 3720 5556 agno-

2150 5587 2254 5650 scit
2288 5587 2430 5663 quod
2479 5587 2682 5641 dictum
2714 5593 2819 5650 est,
2856 5583 3128 5652 quomodo
3174 5580 3355 5636 lideics
3399 5579 3560 5635 futuri
3611 5582 3720 5638 sint
