3994 6206
390 323 529 386 ῙΞΞἹ

1649 321 2038 383 GREGORII
2082 325 2416 387 SlNAlTJE

3487 331 3599 396 ιὲᾇὸ

391 433 654 487 docibilvs
680 431 794 492 Dei,
826 440 877 485 et
903 432 1197 501 quomodo,
1217 433 1370 504 juxta
1394 433 1756 502 prophetiam,
1781 434 1970 490 doctu-

2074 442 2342 513 καοαραῖς
2367 442 2636 512 καρδίαις.
2669 445 2804 498 Τότε
2830 446 3090 514 γινώσκει
3111 449 3170 501 τὸ
3198 451 3490 520 εἰρημένον,
3509 456 3608 519 πῶς

396 540 491 581 rus
521 525 591 580 sit
618 523 902 579 scientiam
937 525 1193 593 Spiritus.

459 783 548 837 24.
579 784 728 838 Sicut
759 784 931 856 legem
977 787 1359 841 man-latarum
1413 788 1552 843 habe
1577 789 1736 844 fidem
1776 789 1968 842 imme-

391 873 593 928 diatam
651 877 812 930 corde
862 878 1228 945 productam:
1271 895 1365 948 per
1427 881 1566 934 hanc
1623 881 1768 936 enim
1804 895 1968 934 omne

393 975 721 1036 prmceptum
769 968 1015 1022 immittit
1063 981 1118 1022 et
1154 970 1391 1024 infundit
1434 970 1609 1023 lucem
1642 972 1874 1034 animis;
1912 972 1966 1024 in

391 1059 586 1127 quibus
621 1075 747 1113 vera
784 1060 916 1115 fides
961 1077 1082 1114 cum
1110 1058 1368 1130 operibus
1408 1063 1592 1132 juncta
1626 1063 1835 1118 fructus
1866 1063 1969 1117 fert

392 1151 825 1220 temperantiam,
873 1155 1218 1217 charitatem,
1263 1171 1327 1210 ac
1362 1157 1593 1226 denique
1623 1156 1717 1210 Dei
1763 1173 1966 1211 munus

390 1247 774 1314 humilitatem,
809 1263 930 1318 qua:
963 1258 1049 1307 est
1077 1251 1363 1306 charitatis
1413 1251 1742 1321 principium
1776 1260 1833 1306 et
1867 1266 1962 1306 co-

391 1339 600 1394 lamna.

459 1432 552 1486 25.
599 1433 673 1486 De
707 1434 871 1488 rebus
906 1435 1043 1489 bene
1100 1435 1328 1497 sentire,
1361 1445 1443 1488 est
1474 1451 1803 1504 CogImSCcre
1833 1437 1964 1490 visi-

397 1524 524 1578 hilia
555 1534 610 1577 et
650 1524 970 1581 invisibilia:
1007 1526 1240 1579 visibilia
1278 1529 1520 1595 quidem,
1573 1545 1694 1593 qua-
1728 1537 1856 1580 suut
1887 1543 1970 1582 res

391 1617 716 1682 sensibiles;
761 1627 814 1672 et
845 1618 1157 1682 invisibilia,
1195 1633 1288 1673 seu
1326 1635 1412 1673 res
1448 1621 1844 1689 iutelligihilcs,
1887 1635 1972 1674 ra-

393 1710 645 1772 tionales,
671 1711 1060 1780 spiritalesque
1095 1726 1156 1765 ac
1184 1711 1418 1767 divinas.
1887 1702 1890 1705 ’

464 1803 553 1858 26.
573 1803 906 1858 Orthodoxia
923 1805 973 1856 in
989 1820 1054 1857 eo
1075 1804 1350 1868 consistit,
1372 1814 1431 1857 ut
1458 1806 1561 1859 duo
1579 1806 1699 1859 fidei
1717 1808 1967 1875 dogmata
2002 1797 2042 1853 Β

395 1906 763 1965 agnoscantur
791 1905 845 1949 et
879 1896 1252 1962 admittantur,
1280 1897 1498 1951 trinitas
1523 1914 1716 1968 nempe
1740 1916 1803 1954 ac
1835 1904 1970 1958 dua.

391 1988 558 2044 liras:
595 1988 810 2044 trinitas
854 1988 1072 2056 quidem
1127 1991 1178 2042 in
1217 1989 1423 2045 unitate
1485 1991 1770 2049 inconfuse
1804 2007 1859 2050 et
1890 1997 1972 2050 in-

388 2081 563 2136 divise
593 2093 866 2151 spectetur
891 2093 943 2136 et
969 2094 1328 2152 cognoscatur
1363 2101 1379 2152 ;
1425 2086 1660 2141 dualitas
1691 2103 1818 2143 vero
1846 2105 1971 2157 per-

388 2189 644 2228 sonarum
675 2174 876 2229 Christi
909 2174 962 2230 in
997 2191 1098 2229 uua
1126 2191 1352 2243 persona
1379 2193 1394 2234 ;
1426 2178 1518 2248 qui
1543 2180 1735 2234 unicus
1763 2191 1846 2236 est
1877 2181 1968 2236 Fi-

390 2266 494 2320 lius
545 2277 671 2318 ante
701 2277 752 2319 et
787 2276 910 2334 post
959 2269 1410 2331 incarnationem,
1453 2279 1572 2339 post
1617 2271 1756 2325 hanc
1790 2283 1970 2328 autem

390 2357 443 2411 in
475 2358 684 2414 duabus
727 2359 931 2414 naturis
965 2359 1282 2426 duabusque
1332 2363 1724 2427 voluntatibus,
1785 2365 1970 2420 divina

390 2452 598 2508 scilicet
623 2464 677 2507 et
706 2453 940 2506 Inunana
976 2451 1259 2508 inconfuse
1291 2455 1672 2524 agnascendus
1701 2459 1969 2510 confiten-

391 2549 598 2614 dasque
627 2557 680 2600 et
716 2547 1103 2616 glorificandus
1154 2557 1261 2604 est.

455 2642 546 2695 27.
579 2641 1015 2706 Generationem,
1060 2642 1535 2697 imiascibilitatem
1578 2653 1630 2696 et
1659 2642 1968 2711 processio-

389 2725 535 2798 nem,
571 2749 690 2802 qua:
727 2744 852 2788 sunt
902 2733 1270 2788 immutabiles
1322 2734 1785 2802 invariabilesque
1828 2751 1960 2786 san-

392 2829 612 2884 tissimze
645 2825 931 2882 Trinitatis
962 2829 1344 2896 proprietates,
1366 2829 1453 2896 pie
1475 2837 1697 2894 oportet
1740 2828 1971 2882 confite-

392 2925 434 2976 ri
469 2940 484 2976 :
519 2922 726 2978 scilicet
756 2921 916 2977 Pater
963 2924 1237 2993 ingenitus
1276 2932 1331 2977 et
1385 2923 1665 2977 iucreatus
1718 2931 1844 2987 est;
1910 2931 1969 2975 at

392 3016 560 3071 Filius
607 3015 822 3085 genitus
856 3022 910 3068 et
964 3016 1123 3069 simul
1174 3015 1484 3079 iuereatus;
1544 3024 1706 3083 atque
1730 3012 1967 3082 Spiritus

389 3119 613 3164 sanctus
653 3107 896 3175 procedit
929 3122 956 3158 a
991 3107 1149 3159 Patre
1185 3122 1279 3174 per
1310 3105 1529 3170 Filium,
1570 3117 1628 3160 ut
1671 3105 1963 3161 Damasce-
1991 3135 2035 3193 ο

392 3215 493 3251 nus
525 3199 620 3262 ait,
665 3207 716 3250 et
750 3198 969 3265 utrique.
997 3207 1301 3250 coaeternus
1326 3204 1430 3251 est.

460 3288 551 3344 28.
587 3288 853 3342 Mandatis
881 3287 1238 3357 Spiritualiter
1281 3289 1545 3352 producta
1590 3297 1645 3342 et
1697 3287 1968 3341 charitate

391 3381 681 3436 informata
721 3381 853 3434 fides
899 3382 1013 3434 sola
1047 3377 1244 3432 sufficit
1297 3378 1364 3430 ad
1430 3378 1691 3443 salutem,
1743 3379 1786 3431 si
1841 3392 1964 3429 eam

397 3487 703 3535 servemus,
762 3487 866 3527 nec
899 3481 1169 3525 mortuam
1225 3483 1278 3524 et
1325 3470 1610 3524 informem
1655 3469 1790 3524 viva:
1819 3476 1875 3523 et
1913 3469 1968 3522 in

391 3567 609 3623 Christo
647 3565 893 3619 formatae
945 3561 1325 3634 praeferamus.
1365 3563 1572 3617 Suﬂicit
1627 3563 1771 3617 enim
1823 3563 1967 3617 ﬁdeli

393 3661 565 3714 forma
601 3669 654 3712 et
707 3659 816 3710 vita
869 3656 1151 3724 operantis
1213 3657 1266 3708 in
1323 3655 1548 3710 Christo
1605 3654 1749 3717 fidei;
1809 3655 1964 3708 fidem

394 3765 522 3806 vero
577 3750 630 3802 in
694 3748 810 3802 solo
854 3761 1105 3801 sermone
1149 3746 1402 3814 positam,
1473 3754 1528 3798 et
1591 3753 1881 3806 Itiortuam,
1912 3755 1968 3797 et

393 3844 722 3903 exanimem,
758 3853 858 3891 nec
905 3837 1172 3891 charitate
1206 3835 1402 3896 vivam,
1467 3833 1774 3902 ignorantia
1826 3847 1968 3886 nunc

393 3934 512 4003 pius
543 3933 719 3986 docet.

462 4118 552 4171 ‘29.
589 4118 804 4185 Absque
844 4115 952 4168 ulla
985 4115 1249 4184 qualitate
1305 4112 1553 4168 sensibili
1585 4122 1637 4166 et
1688 4109 1964 4178 composi-

397 4210 546 4264 tione
611 4209 858 4262 Trinitas
898 4224 1020 4261 cum
1046 4210 1140 4272 sil,
1179 4207 1406 4274 simplex
1461 4214 1545 4259 est
1597 4205 1776 4258 unitas
1808 4223 1821 4256 :
1855 4211 1965 4255 tres

390 4300 535 4352 enim
565 4299 618 4352 in
656 4299 863 4350 unitate
894 4299 1051 4349 habet
1084 4296 1224 4350 Deus
1252 4311 1534 4364 personas,
1579 4310 1699 4362 qum
1733 4309 1792 4348 se
1831 4292 1969 4345 invi-

395 4406 512 4444 cem
545 4389 826 4443 iucoufuse
871 4405 1094 4458 prorsus
1121 4397 1554 4456 compeuetrant.

2074 533 2283 588 ἔσονται
2312 535 2364 587 οἱ
2398 535 2582 588 πιστοὶ
2639 536 2876 590 διδακτοὶ
2907 538 3046 608 Θεῷ,
3092 541 3184 593 καὶ
3238 543 3350 604 πῶς
3395 543 3611 600 διδὰσκει

2072 625 2206 689 Θεὸς
2261 625 2550 697 ἄνθρωπον
2603 629 2837 697 γνῶσιν,
2902 630 3040 684 κατὰ
3077 633 3174 702 τὴν
3206 635 3541 704 προφητείαν,
3567 639 3612 690 ἐν

2073 716 2370 786 πνεύματι.

2145 807 2242 862 κδ’.
2273 807 2454 877 Νόμον
2485 807 2717 862 ἐντολῶν
2747 808 2847 880 τὴν
2898 811 3210 879 καρδιακῶς
3246 815 3612 886 ἐνεργουμένην

2074 895 2255 950 πίστιν
2309 898 2537 969 άμεσον,
2575 897 2717 954 εἶναι
2771 901 3009 971 νόμισον·
3045 903 3113 956 δι’
3147 904 3318 972 αὐτῆς
3349 907 3451 975 γὰρ
3482 911 3613 961 πᾶσα

2073 988 2259 1058 ἐντολὴ
2314 990 2572 1059 πηγὰζει,
2630 991 2726 1044 καὶ
2783 993 3004 1060 ἐνεργεῖ
3041 991 3132 1043 τὸν
3164 991 3273 1044 τῶν
3319 992 3493 1062 ψυχῶν
3518 1013 3613 1062 φω-

2072 1081 2287 1150 τισμὸν,
2325 1075 2400 1134 ὧν
2425 1083 2478 1134 oi.
2509 1085 2713 1153 καρποὶ
2759 1082 2859 1152 τῆς
2911 1082 3147 1152 ἀληθοῦς
3199 1083 3291 1136 καὶ
3319 1086 3611 1156 ὲνεργουμέο

2073 1186 2169 1237 νης
2221 1170 2454 1232 πίστεώς
2499 1172 2656 1236 εἰσιν,
2693 1173 2726 1242 ἡ
2763 1171 3088 1240 ἐγκράτεια,
3149 1172 3242 1223 καὶ
3294 1172 3492 1241 ἀγάπη,
3532 1176 3614 1226 καὶ

2073 1255 2314 1326 τέλος,ή
2386 1256 2718 1328 θεοδώρητος
2777 1261 3137 1324 ταπείνωσις,
3195 1261 3227 1329 ή
3285 1261 3378 1330 τῆς
3423 1263 3613 1332 ἀγάπης

2076 1346 2240 1415 ἀρχὴ,
2273 1347 2364 1399 καὶ
2395 1349 2747 1419 κραταίωμα.

2143 1437 2243 1491 κε’.
2299 1439 2434 1505 Δόξα
2484 1441 2596 1492 τῶν
2657 1442 2827 1494 ὄντων
2893 1441 3154 1512 ἀψευδὴς,
3201 1444 3234 1513 ὴ
3287 1443 3484 1512 ὁρατῶν
3535 1445 3615 1496 καὶ

2075 1526 2319 1595 ἀοράτων
2381 1529 2496 1581 ἐστὶ
2554 1531 2756 1597 γνῶσις
2806 1531 3015 1603 ἀληθής
3047 1549 3060 1562 ο
3111 1533 3326 1600 ὁρατῶν
3375 1550 3484 1602 μεν,
3523 1535 3616 1585 τῶν

2077 1615 2371 1687 αἰσθητῶν,
2425 1620 2676 1688 ἀοράτων
2705 1622 2784 1685 δὲ,
2812 1621 2923 1675 τῶν
2960 1624 3191 1692 νοητῶν,
3247 1625 3339 1677 καὶ
3389 1623 3611 1692 λογικῶν,

2077 1709 2168 1758 καὶ
2197 1709 2420 1779 νοερῶν,
2448 1713 2542 1764 καὶ
2565 1711 2745 1766 θείων.

2147 1798 2263 1863 κς’.
2291 1801 2457 1871 Ὄρος
2521 1803 2831 1872 όρθοδοξίας
2887 1806 3026 1871 ἐστὶ,
3051 1807 3119 1860 τὰ
3146 1807 3257 1860 δύω
3279 1807 3374 1877 τῆς
3408 1808 3612 1870 πίστεως

2075 1889 2319 1959 δόγματα
2343 1893 2406 1946 ἐκ
2424 1895 2799 1966 καθαρότητος
2835 1899 2987 1962 ἰδεῖν,
3023 1901 3113 1952 καὶ
3145 1899 3349 1967 γνῶναι
3370 1899 3423 1965 ἐξ
3449 1899 3614 1963 αὑτοῦ,

2075 1982 2174 2052 τὴν
2237 1985 2451 2055 τριάδα,
2494 1987 2654 2056 λέγω,
2683 1991 2777 2044 καὶ
2834 1991 3035 2044 δυάδαο
3072 1993 3175 2061 τὴν
3210 1993 3308 2061 μὲν
3340 1993 3534 2062 τριάδα,
3569 1994 3616 2044 ἐν

2081 2076 2267 2145 μονάδι
2331 2080 2676 2149 ἀσυγχύτως,
2736 2084 2833 2135 καὶ
2874 2085 3135 2154 ἀτμήτως
3173 2083 3413 2153 θεωρεῖν,
3440 2086 3518 2135 καὶ
3545 2101 3616 2151 γι-

2077 2165 2326 2220 νώσκειν·
2366 2170 2466 2239 τὴν
2490 2171 2547 2224 δὲ
2571 2171 2741 2224 δυάδα
2769 2171 2875 2225 τῶν
2910 2173 3157 2242 Χριστοῦ
3193 2174 3423 2242 φύσεων,
3454 2175 3506 2226 ὲν
3535 2173 3619 2243 μιᾷ

2076 2254 2393 2310 ὑποστάτην
2426 2261 2708 2313 τουτέστιν
2732 2261 2827 2313 ἕνα
2870 2262 2998 2313 Υἱὸν
3018 2264 3113 2314 καὶ
3149 2263 3258 2333 πρὸ
3300 2262 3616 2331 σαρκώσεως,

2078 2348 2170 2398 καὶ
2202 2347 2342 2413 μετά
2374 2348 2473 2419 τὴν
2524 2350 2802 2420 σάρκωσιν
2836 2353 2893 2403 ἐν
2921 2352 3031 2404 δύω
3081 2352 3314 2419 φύσεσιν
3345 2352 3617 2421 ὁμολογεῖν,

2075 2437 2170 2489 καὶ
2219 2438 2444 2502 ειδέναι,
2481 2445 2538 2492 ὲν
2567 2441 2678 2494 δύω
2713 2442 2968 2513 Θελήσεσι
2993 2442 3191 2513 Θεῖκῆς
3233 2461 3292 2496 τε
3316 2445 3408 2496 καὶ
3433 2443 3618 2512 ἀνορω-

2077 2527 2238 2597 πίνης
2267 2530 2586 2600 ἁσυγχύτω;
2609 2532 2986 2602 δοξαζόμενον.

2149 2616 2254 2682 κζ’.
2306 2621 2588 2691 Γέννησιν,
2618 2627 2711 2676 καὶ
2763 2627 3118 2695 ἁγεννησέαν,
3179 2629 3274 2681 καὶ
3302 2627 3614 2696 ὲκπόρευσιν,

2074 2707 2174 2772 τὰς
2219 2714 2370 2781 τρεῖς
2421 2713 2715 2783 ἀκινήτους
2765 2719 2860 2770 καὶ
2929 2719 3347 2790 ἀμεταϐλήτους
3387 2719 3620 2787 ἰδιότητας

2073 2803 2175 2872 τῆς
2249 2805 2524 2874 παναγίας
2579 2808 2807 2877 Τριάδος
2870 2809 2986 2862 δέον
3035 2810 3328 2879 ὁμολογεῖν
3375 2811 3618 2870 εὐσεϐῶς*

2076 2893 2290 2965 Πατρδς
2330 2896 2429 2964 μὲν
2473 2898 2771 2968 ἀγεννήταυ
2804 2900 2900 2953 καὶ
2923 2899 3191 2971 ἀνάρχου,
3223 2901 3351 2955 Υἱοῦ
3378 2902 3428 2954 δὲ
3457 2918 3621 2969 γεννη-

2074 2983 2170 3038 τοῦ
2214 2986 2310 3040 καὶ
2349 2990 2711 3060 συνανάρχου,
2739 2993 3056 3063 Πνεύματος
3077 2995 3133 3046 δὲ
3195 2996 3355 3063 ἁγίου
3385 2996 3619 3062 ὲκπορευυ

2073 3077 2169 3130 τοῦ
2191 3080 2255 3134 ὲκ
2278 3079 2372 3132 τοῦ
2426 3083 2662 3153 Πατρὸς,
2721 3084 2810 3137 διὰ
2862 3085 2958 3139 τοῦ
3011 3087 3138 3139 Υἱοῦ
3210 3086 3415 3156 (καθώς
3479 3101 3619 3153 φησιν

2074 3172 2100 3223 ό
2121 3170 2502 3243 Δαμασκηνὸς)
2530 3175 2622 3226 καὶ
2649 3177 2922 3230 συναῖδίου
2949 3179 3258 3247 διδόμενον.

2148 3265 2252 3329 κη’.
2291 3263 2441 3331 Μόνη
2472 3265 2530 3315 ὲν
2557 3265 2743 3334 χάριτι
2775 3267 2955 3330 πίστις
2991 3270 3152 3340 ἤρκει
3197 3273 3334 3342 πρὸς
3359 3271 3619 3341 σωτηρίαν,

2074 3353 2163 3405 διὰ
2219 3354 2325 3404 τῶν
2386 3357 2636 3410 ἐντολῶν.
2672 3361 3042 3433 ἐνεργουμένη
3111 3364 3194 3434 τῷ
3270 3366 3548 3434 πνεύματι,
3580 3346 3620 3414 εἰ

2077 3445 2446 3516 ὲφυλάξωμεν,
2487 3450 2582 3503 καὶ
2633 3451 2707 3522 μὴ
2735 3451 2833 3522 τὴν
2895 3453 3116 3524 νεκρὰν,
3176 3457 3272 3510 καὶ
3297 3457 3619 3524 ἀνενέργητον

2073 3535 2172 3606 τῆς
2213 3536 2394 3609 ζώσης
2439 3541 2535 3593 καὶ
2582 3543 2983 3616 ἐνεργουμένης
3023 3548 3079 3597 ἐν
3107 3546 3338 3617 Χριστῷ
3384 3546 3620 3617 προτιμήο

2077 3644 2291 3692 σαντες.
2357 3632 2545 3703 ’Δρκεῖ
2592 3636 2702 3706 γὰρ
2753 3635 2831 3706 τῷ
2886 3638 3065 3708 πιστῷ
3112 3641 3144 3710 ή
3207 3641 3482 3710 μόρφωσις
3543 3637 3620 3688 καὶ

2075 3720 2188 3788 ζωὴ
2236 3722 2335 3792 τῆς
2358 3725 2415 3774 ἐν
2444 3724 2665 3796 Χριστῷ
2719 3728 3124 3800 ἐνεργουμένης
3154 3733 3396 3794 πίστεως
3425 3750 3437 3761 ο
3465 3731 3621 3782 πίστιν

2074 3812 2182 3880 γὰρ
2212 3813 2268 3864 ὲν
2301 3811 2444 3884 λόγῳ
2489 3815 2588 3885 τὴν
2629 3819 2831 3888 νεκρὰν
2861 3821 2954 3872 καὶ
2987 3821 3340 3891 ἀναίσθητον,
3376 3824 3406 3892 η
3434 3821 3618 3886 ἄγνοιαι

2075 3906 2168 3957 καὶ
2196 3905 2259 3956 οὐ
2290 3907 2389 3977 τὴν
2413 3909 2470 3960 ὲν
2497 3909 2681 3982 χάριτι
2736 3913 2938 3977 πίστιν,
2978 3917 3092 3978 τοῖς
3132 3917 3386 3968 εὐσεϐέσι
3421 3913 3506 3969 νῦν
3533 3911 3619 3964 ἐδί-

2071 3994 2132 4047 δα
2140 3997 2246 4062 ξεν.

2146 4085 2251 4142 κο’.
2315 4089 2484 4161 Ἀπλῆ
2535 4092 2702 4161 μονὰς
2753 4096 2785 4166 ἡ
2835 4096 3014 4167 τριὰς,
3071 4100 3267 4170 ἐπειδὴ
3322 4100 3501 4160 ἄποιος
3541 4094 3622 4149 καὶ

2073 4175 2384 4243 ἁσόνθετος,
2425 4181 2603 4249 τριὰς,
2635 4185 2694 4235 ὲν
2727 4186 2916 4254 μονάδι
2984 4190 3417 4258 τρισυπὸστατος
3478 4187 3622 4256 γὰρὸ

2074 4270 2226 4337 Θεὸς,
2267 4273 2572 4344 ἁσύγχυτον
2597 4277 2736 4348 ἔχων
2766 4281 2863 4349 τὴν
2905 4283 2983 4344 εἰς
3011 4282 3221 4352 ἄλληλα
3278 4281 3622 4353 περιχὼρησιν

2071 4359 2287 4430 ὁλικῶς.
3429 4377 3431 4379 ’

466 4481 558 4534 50.
597 4479 798 4533 Triuns
831 4495 1048 4546 semper
1083 4478 1224 4546 Deus
1261 4479 1569 4546 concipitur
1610 4489 1663 4532 et
1719 4477 1917 4530 dicitur
1950 4493 1964 4530 :

2145 4454 2208 4510 λ’.
2263 4457 2569 4526 Τριαδικῶς
2600 4461 2658 4514 ὲν
2693 4463 2856 4515 παντὶ
2881 4463 2909 4514 ὁ
2948 4463 3080 4526 Θεὸς
3102 4465 3432 4533 γινώσκεταί
3463 4481 3516 4515 τε
3544 4460 3622 4513 καὶ

395 4573 640 4626 infinitus
671 4573 814 4625 enim
844 4580 950 4636 est,
981 4581 1034 4624 et
1059 4572 1298 4624 omnium
1329 4579 1683 4625 conserv'ator
1708 4569 1969 4638 aeiprovi-

394 4667 500 4718 dus
535 4679 628 4734 per
661 4663 854 4718 Filium
885 4665 935 4718 in
975 4662 1181 4732 Spiritu
1212 4673 1439 4729 sancto;
1481 4679 1580 4717 nec
1611 4662 1967 4730 ullapersnna

393 4768 544 4811 extra
576 4767 668 4811 aut
705 4769 901 4828 praeter
929 4758 1067 4812 alias
1100 4758 1206 4811 dici
1239 4756 1542 4825 eugitarive
1563 4765 1651 4808 aut
1694 4757 1965 4809 nuiuinari

398 4867 634 4919 unquam
677 4859 876 4919 potest.

467 5033 556 5086 5|.
585 5032 639 5083 lu
677 5031 896 5085 homine
949 5032 1105 5085 adest
1142 5031 1468 5095 intellectus,
1501 5029 1722 5081 verbum
1769 5039 1824 5082 et
1860 5028 1972 5097 ερίο

396 5123 565 5189 litus;
600 5137 697 5176 nec
731 5121 1038 5176 intellecms
1070 5122 1186 5188 sipe
1238 5123 1403 5172 verbo
1461 5129 1566 5184 est,
1605 5133 1702 5172 nec
1748 5118 1967 5172 verbum

396 5213 602 5280 absque
660 5213 897 5282 spiritu;
937 5223 1103 5280 atque
1143 5219 1288 5276 sunt,
1345 5219 1456 5264 tum
1518 5211 1663 5263 inse
1713 5212 1966 5276 invicem,

397 5316 510 5358 tum
549 5306 602 5358 in
643 5306 836 5375 seipsis
867 5325 880 5360 :
915 5305 1226 5359 intellectus
1250 5305 1392 5356 enim
1422 5319 1517 5372 per
1546 5305 1768 5356 verbum
1795 5303 1970 5370 loqui-

397 5412 504 5464 tur,
527 5408 580 5454 et
607 5399 832 5452 verbum
869 5413 964 5465 per
987 5398 1236 5466 spiritum
1275 5397 1669 5449 manifestatur.
1700 5394 1790 5448 Sic
1811 5396 1970 5473 ell'or-

395 5499 571 5545 matus
613 5490 796 5553 homo,
833 5491 1118 5554 obscuram
1169 5489 1275 5543 fert
1317 5489 1545 5558 cﬂigiem
1583 5487 1876 5544 ineﬁ‘abilis
1907 5499 1961 5542 et

396 5580 706 5651 archetypa:
759 5581 1070 5644 Trinitatis,
1131 5581 1202 5635 ita
1257 5579 1558 5636 ostendens
1610 5595 1670 5635 se
1707 5582 1771 5634 ad
1809 5581 1967 5652 hujus

397 5671 684 5738 imaginem
729 5673 976 5742 primitus
1008 5689 1136 5729 esse
1170 5675 1393 5728 factum.

471 5762 559 5813 3:2.
597 5761 738 5817 Bene
783 5766 926 5818 enim
963 5767 1270 5820 intellectus
1326 5775 1684 5836 rt-przrscntat
1723 5763 1963 5831 Patrem,

2073 4548 2311 4616 λέγεται,
2337 4553 2751 4625 ἁπερίγραπτος
2806 4555 2933 4626 γάρ’
2962 4558 3178 4610 πάντων
3209 4560 3320 4627 γάρ
3347 4561 3457 4610 ἐστι
3488 4571 3620 4608 συνοο

2074 4645 2222 4709 χεὺς,
2252 4645 2346 4696 καὶ
2396 4645 2721 4717 προνοητὴς,
2787 4647 2877 4700 διὰ
2903 4647 2997 4700 τοῦ
3027 4647 3177 4713 Υἰοῦ,
3211 4651 3269 4701 ὲν
3299 4651 3438 4718 ἁγίῳ
3472 4646 3620 4700 11νεὺ-

2079 4752 2244 4804 ματι’
2276 4736 2371 4789 καὶ
2434 4738 2535 4790 οὐκ
2587 4737 2734 4792 ἔστιν
2784 4741 2983 4803 οὐδεὶς,
3039 4741 3216 4804 ἐκτὸς,
3253 4741 3286 4812 ἢ
3319 4743 3480 4811 χωρὶς
3531 4739 3624 4790 τῶν

2073 4827 2271 4890 ἄλλων,
2331 4828 2642 4897 λεγόμενος,
2697 4832 2791 4882 καὶ
2831 4831 3119 4902 νοούμενος
3171 4833 3308 4886 ὅπου
3338 4834 3380 4885 δ’
3406 4833 3468 4884 ἂν
3523 4830 3623 4880 ὀνο·

2073 4920 2334 4988 μάζηται.

2140 5013 2416 5072 λα’,Ὢσπε
2427 5035 2456 5085 ρ
2476 5018 2533 5069 ὲν
2546 5019 2817 5091 ἀνθρώπῳ
2831 5020 2973 5087 νοῦς,
2989 5020 3082 5073 καὶ
3099 5020 3276 5086 λόγος,
3295 5020 3388 5071 καὶ
3407 5014 3620 5084 πνεῦμα,

2077 5107 2167 5157 καὶ
2200 5103 2324 5158 οὔτε
2378 5105 2502 5170 νοῦς
2541 5109 2709 5177 χωρὶς
2734 5108 2916 5178 λόγου,
2949 5109 3072 5162 οὔτε
3099 5109 3254 5176 λόγος
3314 5112 3439 5161 ἄνευ
3477 5103 3623 5158 «veti-

2074 5215 2262 5266 ματος,
2327 5200 2421 5253 καὶ
2443 5203 2501 5254 ὲν
2531 5201 2784 5272 ἀλλήλοις
2814 5202 2963 5266 ὅντα,
2990 5205 3083 5254 καὶ
3114 5203 3238 5256 καθ’
3275 5202 3438 5255 ἑαυτά
3460 5219 3474 5230 ’
3511 5196 3620 5255 νοῦς

2071 5293 2177 5358 γὶτρ
2208 5291 2293 5342 διὰ
2322 5290 2414 5345 τοῦ
2444 5294 2603 5360 λόγου
2636 5294 2808 5360 λαλεῖ,
2847 5296 2941 5348 καὶ
2972 5295 3126 5364 λόγος
3153 5295 3241 5348 διὰ
3275 5294 3368 5346 τοῦ
3395 5291 3618 5358 πνεύμα-

2070 5401 2160 5446 τος
2221 5386 2581 5454 φανεροῦται·
2649 5387 2788 5440 κατὰ
2812 5388 2872 5440 τὸ
2921 5389 3224 5456 ὑπόδειγμα
3267 5386 3440 5449 τοῦτο,
3496 5385 3620 5451 ἀμυ-

2068 5479 2200 5545 δρὰν
2257 5478 2442 5530 εἰκόνα
2500 5479 2658 5549 φέρει
2710 5483 2810 5553 τῆς
2874 5481 3160 5552 ἀνωνύμου
3209 5483 3305 5535 καὶ
3333 5478 3618 5553 ἀρχετύπορ

2065 5562 2295 5633 Τριάδος
2329 5565 2357 5614 ὁ
2386 5547 2694 5631 ἃνθρωᾶιος,
2721 5547 2781 5615 τὸ
2829 5564 2949 5614 κατ’
2984 5547 3166 5614 εἰκόνα
3201 5560 3335 5621 τέως
3375 5547 3467 5610 καὶ
3496 5547 3609 5624 περὶ

2063 5654 2152 5708 τού
2162 5673 2252 5706 του
2289 5653 2482 5725 δηλῶν.

2279 5767 2422 5833 Νοῦς
2479 5768 2580 5845 μὲν
2632 5767 2757 5838 γὰρ,
2797 5768 2822 5818 ὁ
2873 5769 3075 5837 Πατήρο
3115 5767 3268 5833 λόγος
3301 5766 3376 5830 δὲ,
3407 5766 3432 5816 ὁ
3459 5759 3602 5819 Υἱός·
