3994 6206
412 298 552 366 1219

1451 299 1720 362 CM’ITA
1762 297 1910 356 PER
1953 293 2592 357 ACROSTICHIDEM.

3510 298 3646 361 19250

395 408 622 475 Πνεῦμα
671 406 725 457 δὲ
769 408 942 475 ἅγιον,
1009 402 1224 473 άληθῶς
1258 403 1316 454 τὸ
1369 405 1584 472 πνεῦμα
1620 405 1668 455 ot
1717 403 1970 471 Θεοφόροι

2099 421 2130 462 2t
2165 413 2386 465 verbum
2421 414 2640 479 Filium,
2673 424 2724 467 et
2752 414 2972 482 spiritus
2997 414 3255 483 Spiritum
3284 423 3552 481 sanctum,
3588 424 3647 468 ut

395 501 632 570 Πατέρες
679 497 1202 568 παραδειγματικῶς
1237 496 1576 558 διδάσκουσι,
1612 497 1708 566 τὴν
1739 496 1974 565 ὑπερθύ-

395 609 510 643 σιον
533 590 720 658 ἁγίαν,
748 591 842 641 καὶ
873 587 1132 659 ὑπερφυῆ
1163 585 1583 654 δογματίζοντες
1612 587 1837 658 Τριάδα,
1885 587 1977 640 τὸν

395 681 491 733 ἕνα
529 680 662 733 Θεὸν
689 680 747 732 ἐν
770 678 949 748 τρισὶν
1011 679 1394 740 ὑποστάσεσιν,
1438 681 1570 747 ἡμῖν
1611 680 1796 731 πίστιν
1849 680 1980 747 ἀλη-

393 772 566 841 Οινὴν,
627 772 720 824 καὶ
775 772 1026 840 ἄγκυραν
1057 769 1270 833 ἐλπίδος
1315 771 1732 833 καταλιπόντες.
1763 771 1836 823 Τὸ
1868 773 1977 841 γάρ

392 865 688 932 γινώσκειν
732 865 827 916 ἕνα
859 865 1012 929 Θεὸν,
1049 863 1190 916 κατά
1214 864 1315 934 τὴν
1342 863 1598 935 Γρσφὴν,
1633 864 1756 934 ῥίζα
1781 864 1981 917 ἀθανα-

395 957 540 1019 σίας,
593 957 687 1007 καὶ
749 955 948 1008 εἰδέναι
1022 955 1084 1007 τὸ
1150 959 1349 1024 κράτος
1398 958 1499 1024 τῆς
1546 955 1979 1024 τρισυποστάτου

397 1047 646 1116 μονάδ.-ς,
709 1045 1006 1114 όλόκληρος
1069 1045 1474 1114 δικαιοσύνη’ἦ
1530 1046 1714 1109 πάλιν,
1767 1047 1884 1100 δέον
1923 1046 1983 1098 τὸ

395 1135 770 1205 εύαγγελικῶς
825 1136 1124 1205 εἰρημένον
1187 1135 1331 1188 οὕτω
1378 1138 1554 1188 νοεῖν’
1594 1134 1743 1204 Αὕτη
1773 1137 1980 1204 ἐστὶνὴ

396 1230 613 1286 αἰώνιος
670 1229 806 1298 ζωὴ,
864 1229 952 1280 ἵνα
977 1228 1291 1296 γινώσκωσί
1323 1246 1382 1280 σε
1403 1228 1498 1281 τὸν
1528 1228 1689 1297 μόνον
1719 1229 1977 1298 ἀληθινὸν

399 1321 528 1372 θεὸν
576 1323 632 1372 ἐν
666 1325 846 1390 τρισὶν
901 1321 1262 1386 ὑποστάσεσι,
1303 1323 1399 1374 καὶ
1438 1321 1496 1374 δν
1521 1321 1847 1384 ἀπέστειλας
1883 1323 1982 1389 ’1η-

399 1411 494 1464 σοῦ
513 1413 869 1478 ιιπΧριστὸνίέν
897 1413 1018 1465 δυσὶ
1040 1412 1237 1479 φύσεσι
1274 1413 1370 1465 καὶ
1401 1411 1708 1479 θελήσεσιν.

470 1485 570 1550 λγ’.
603 1485 664 1536 Δί
691 1484 944 1547 κολάσεις
978 1485 1226 1555 διάφοροί
1266 1489 1429 1551 εἰσιν,
1476 1488 1669 1558 ὥσπερ
1700 1490 1986 1542 καὶαὶτῶν

403 1575 623 1641 ἀγαθῶν
680 1574 929 1643 ἀμοιϐαί·
985 1575 1090 1628 ὑπὸ
1121 1576 1214 1630 τὸν
1262 1576 1396 1648 ᾅδην
1421 1579 1478 1632 δέ
1520 1582 1648 1645 είσι,
1687 1581 1827 1634 κατὰ
1889 1581 1988 1651 τὴν

404 1663 626 1734 Γραφὴν
680 1663 778 1733 τὴν
823 1664 1139 1733 φάσκουσαν
1182 1681 1199 1698 ’
1247 1667 1340 1729 Εἰς
1397 1667 1499 1735 γῆν
1563 1670 1843 1740 σκοτεινὴν
1894 1671 1983 1722 καὶ

402 1755 658 1825 ζοφερὰν,
692 1755 774 1817 εἰς
823 1757 928 1825 γῆν
978 1757 1204 1820 σκότους
1230 1759 1474 1825 αἰωνίου,
1500 1759 1627 1812 ἔνθα
1666 1763 1985 1831 ἁμαρτωλοὶ
2021 1747 2060 1800 Β

401 1847 495 1898 καὶ
544 1846 858 1900 κατοικοῦσι
896 1847 1003 1917 πρὸ
1050 1848 1150 1918 τῆς
1192 1849 1453 1919 κρίσεως,
1491 1851 1588 1903 καὶ
1608 1850 1696 1904 διὰ
1739 1853 1837 1918 τῆς
1860 1854 1989 1906 άποο

403 1943 620 2008 φάσεως
651 1944 729 2004 είς
777 1943 945 2013 αὐτὴν
997 1945 1459 2014 ἀποστρέφονται.
1513 1948 1586 2000 Τὸ
1639 1950 1775 2019 γὰρ,
1821 1951 1986 2004 Ἀπο-

405 2038 805 2103 στραφήτωσαν
844 2038 892 2088 οἱ
934 2038 1252 2108 ἁμαρτω).οὶ
1303 2041 1385 2103 είς
1419 2039 1509 2094 τὸν
1533 2041 1689 2113 ᾅδην,
1721 2044 1840 2108 καὶ,
1872 2043 1985 2097 Θά-

404 2145 563 2190 νατος
617 2130 875 2197 ποιμανεῖ
914 2129 1148 2194 αὐτοὺς,
1202 2131 1254 2183 τί
1310 2131 1439 2186 ἄλλο
1486 2135 1680 2199 ἐστὶν,
1736 2136 1786 2188 εί
1848 2136 1988 2207 ρ.ὴὴ

403 2219 690 2271 τελευταία
726 2220 1000 2288 ἀπόφασις
1030 2223 1124 2274 καὶ
1152 2223 1419 2291 καταδίκη
1447 2223 1664 2288 αἰώνιος
1698 2243 1712 2291 ;

473 2291 569 2346 ).δ’.
606 2292 747 2364 Πῦρ,
801 2297 897 2348 καὶ
929 2295 1140 2360 σκότος,
1175 2298 1269 2350 καὶ
1305 2299 1544 2371 σκώληξ,
1582 2302 1678 2356 καὶ
1704 2305 1987 2376 τάρταρός

397 2384 556 2438 ἐστιν
618 2383 652 2454 ἡ
712 2385 906 2455 γενικὴ
961 2386 1285 2455 ἡδυπάθεια,
1328 2391 1426 2442 καὶ
1481 2393 1514 2461 ἡ
1573 2394 1838 2466 καθολικὴ
1893 2397 1987 2450 τοῦ

399 2475 632 2535 σκότους
683 2475 894 2542 ἄγνοια,
948 2477 1094 2529 καὶό
1155 2478 1214 2530 ἐν
1267 2481 1402 2534 πᾶσι
1458 2483 1841 2555 γαργαλισμὸς
1895 2487 1988 2540 τοῦ

402 2571 694 2638 στρήνους,
752 2569 846 2620 καὶ
881 2570 910 2621 ὁ
938 2570 1161 2638 τρόμος,
1194 2573 1287 2624 καὶ
1336 2575 1364 2625 ό
1399 2573 1620 2644 βέιῶμος
1665 2580 1692 2630 ὁ
1745 2579 1989 2650 δυσώδης

396 2658 503 2726 τῆς
567 2658 864 2727 ἁμαρτίας,
908 2660 1105 2723 οἵτινες
1134 2661 1209 2725 ὡς
1243 2663 1568 2733 ἀρραδῶνες
1615 2669 1709 2722 καὶ
1741 2671 1992 2740 ἀπαρχαὶ

395 2749 514 2802 τῶν
570 2748 870 2810 κολάσεων,
929 2750 1028 2819 ἤδη
1064 2752 1159 2803 ἀπ’
1205 2752 1459 2806 ἐντεῦθεν
1507 2756 1568 2808 ἐν
1617 2761 1739 2821 ταῖς
1787 2759 1988 2829 ψυχαῖς

397 2843 525 2894 τῶν
553 2841 899 2912 ἁμαρτωλῶν
953 2842 1368 2913 ἐνεργούμεναι,
1410 2846 1499 2902 διὰ
1527 2850 1626 2920 τῆς
1663 2852 1829 2917 ἕξεως
1862 2854 1987 2922 φαί-

396 2951 608 2987 νο-ιται.
1069 2965 1085 2993 ο

607 3052 792 3118 Ἔξεις
845 3055 1046 3107 αἰτῶν
1099 3055 1287 3119 παθῶν
1339 3056 1657 3128 άῤῥαὸῶνές
1714 3059 1820 3110 εἰσι
1880 3059 2052 3148 τῶνε

395 3141 698 3206 κολάσεων,
737 3144 926 3214 ὥσπερ
981 3147 1075 3199 καὶ
1126 3149 1226 3217 τῆς
1289 3147 1570 3219 βασιλείας
1621 3147 1730 3200 τῶν
1776 3149 1987 3219 ἀρετῶν

391 3235 452 3285 αἱ
493 3235 793 3304 ἐνέργειαι.
845 3239 936 3290 Δεῖ
958 3239 1016 3290 δὲ
1055 3241 1196 3291 νοεῖν
1239 3243 1334 3292 καὶ
1378 3239 1675 3293 ἀποκαλεῖν
1734 3242 1832 3303 τὰς
1887 3241 1986 3310 μὲν

393 3327 648 3390 ἐντολάς,
673 3329 982 3400 ἐνεργείας,
1020 3332 1116 3394 τὰς
1145 3333 1202 3385 δὲ
1244 3333 1467 3402 ἀρετάς,
1497 3333 1661 3400 ἔξεις.
1687 3333 1874 3405 ὥσπερ
1893 3337 1987 3388 καὶ

388 3418 498 3474 τὰς
525 3421 722 3484 κακίας
753 3424 893 3476 κατά
932 3424 1217 3493 συνέχειαν
1252 3425 1396 3489 ἕξεις
1429 3425 1700 3494 λέγουσιν.

465 3531 581 3595 λς’.
622 3528 765 3586 Ἶσαι
807 3535 918 3588 τῶν
992 3536 1241 3605 ἀμοιϐῶν
1269 3539 1325 3590 σί
1353 3538 1678 3605 ἀντιδόσεις,
1706 3539 1809 3592 κᾶν
1832 3541 1983 3611 παρά

389 3621 631 3684 πολλοῖς
698 3624 875 3678 ἄνισοι
936 3626 1238 3693 φαίνονταιο
1302 3630 1413 3689 τοῖς
1439 3628 1538 3697 μὲν
1570 3627 1679 3696 γὰρ
1713 3630 1813 3699 τὴν
1850 3631 1984 3682 αἰώ-

387 3729 517 3764 νιον
575 3714 742 3784 ζωὴν,
786 3719 900 3779 τοῖς
954 3718 1013 3771 δὲ
1075 3719 1176 3788 τὴν
1236 3718 1456 3771 αἰώνιον
1500 3719 1727 3773 κόλασιν
1781 3722 1814 3790 ἠ
1865 3721 1986 3776 θεία

391 3803 724 3874 δικαιοσύνη
778 3808 1104 3878 χαρίζεται·
1135 3810 1433 3880 ἀμφότεροι
1466 3809 1520 3862 δὲ
1548 3809 1638 3862 τὸν
1680 3810 1776 3863 νῦν
1811 3811 1983 3863 αἰῶνα

387 3895 588 3958 καλῶς
623 3897 654 3967 ἢ
688 3899 872 3962 κακῶς
932 3901 1392 3972 διαπεράσαντες,
1448 3902 1592 3956 κατά
1617 3901 1684 3954 τὰ
1704 3903 1842 3973 ἔργα
1885 3903 1982 3966 τὰς

385 3982 637 4053 ἀμοιϐὰς
689 3985 894 4050 ἐξουσιο
916 3989 978 4042 τὸ
1015 3991 1070 4044 δὲ
1112 3991 1301 4056 ποσὸν,
1335 3991 1367 4062 ἢ
1400 3993 1556 4045 ποιὸν
1593 3996 1692 4063 τῆς
1729 3993 1983 4063 μετοχῆς.

383 4071 546 4123 κατὰ
567 4073 668 4142 τὴν
710 4076 820 4130 τῶν
847 4078 1038 4133 παθῶν
1084 4080 1117 4152 ἦ
1154 4081 1366 4152 ἀρετῶν
1404 4081 1517 4146 ’ἐξιν
1552 4083 1645 4135 καὶ
1677 4083 1982 4156 ἐνέργειαν,

379 4163 756 4219 ἀπολαύουσι.

477 4245 589 4307 λζ.
621 4246 826 4312 Λίμναι
875 4243 1047 4314 πυρός
1096 4245 1235 4296 εἰσιν
1264 4245 1320 4297 αἱ
1364 4240 1740 4314 ἡδυπαθοΰσαι
1803 4243 1998 4314 ψυχαὶ,

397 4339 463 4390 ὲν
489 4329 586 4396 αἷς
619 4335 872 4404 καθάπερ
918 4335 1176 4407 βόρϐορος
1232 4336 1372 4401 ὄζων
1400 4338 1431 4406 ἡ
1463 4336 1606 4408 ὀσμὴ
1636 4337 1744 4389 τῶν
1784 4336 1999 4399 παθῶν,

2085 505 2282 560 docent
2342 505 2531 559 Patres
2613 505 2873 572 exemplis
2957 502 3531 572 supersubstantialem
3596 512 3648 555 et

2083 595 2554 664 supernatnralem
2615 595 2948 663 explicantes
2986 591 3337 656 Trinitatem,
3381 602 3435 644 et
3481 608 3647 645 unum

2084 686 2251 742 Deum
2287 688 2340 740 in
2387 687 2562 741 tribus
2589 686 2843 754 personis
2873 694 2930 738 ut
2981 698 3165 737 veram
3226 682 3382 737 iidem
3431 690 3485 735 et
3536 681 3646 749 spei

2084 779 2380 832 anchoram
2417 777 2574 832 nobis
2610 778 2906 832 tradentes.
2940 775 3076 830 Nam
3123 788 3449 840 cognoscere
3487 788 3649 825 unum

2083 867 2252 921 Deum
2300 875 2402 928 est,
2431 865 2583 934 juxta
2616 867 2965 933 scripturam,
3003 862 3156 917 radix
3183 861 3650 915 immortalitatis:

2082 967 2138 1012 et
2167 961 2307 1012 scire
2338 959 2634 1028 potentiam
2674 959 2832 1010 trime
2861 955 3110 1013 unitatis.
3171 953 3378 1021 integra
3417 951 3648 1020 jnstitia.

2083 1051 2376 1107 Veladbuc
2413 1049 2782 1116 evangelicum
2832 1047 3052 1100 ell’atum
3099 1045 3178 1099 sic
3221 1043 3444 1112 intelligi
3496 1057 3654 1110 Opor-

2087 1153 2161 1196 tet
2195 1159 2210 1196 :
2254 1161 2270 1194 ι
2314 1141 2438 1194 "rec
2472 1151 2555 1194 est
2579 1141 2686 1194 vita
2721 1147 2942 1202 :eterna,
2979 1147 3038 1190 ut
3073 1145 3398 1205 cognoscant
3424 1144 3471 1186 te
3489 1148 3650 1186 unum

2084 1250 2272 1288 verum
2302 1233 2468 1285 Deum
2502 1232 2556 1285 in
2593 1232 2770 1283 tribus
2821 1229 3087 1294 personis,
3136 1238 3190 1279 et
3250 1240 3409 1292 quem
3456 1223 3651 1276 misisti

2083 1325 2270 1380 Jesum
2307 1325 2609 1388 Christum,
2663 1322 2717 1375 in
2757 1320 2970 1374 duabus
3017 1317 3230 1372 naturis
3275 1327 3328 1369 et
3363 1315 3653 1368 voluntati-

2084 1419 2185 1472 bus
2205 1417 2244 1470 '.
2292 1433 2312 1468 ι

2151 1509 2240 1564 33.
2269 1507 2340 1565 Ut
2376 1506 2592 1578 prmmia
2624 1489 2909 1563 bonorum,
2946 1501 3026 1554 sic
3051 1513 3223 1569 prmum
3252 1506 3378 1552 sunt
3401 1495 3653 1556 diversa;

2083 1611 2137 1656 et
2163 1601 2214 1654 in
2245 1600 2460 1655 inferno
2498 1595 2813 1665 sunt,juxta
2840 1593 3178 1662 Scripturam
3199 1588 3465 1642 dicentem
3500 1600 3515 1640 :
3543 1603 3560 1634 ι
3596 1585 3652 1637 In

2086 1703 2235 1747 terra
2297 1691 2594 1762 caliginosa
2658 1699 2710 1742 et
2761 1690 3070 1747 tenebrosa,
3132 1683 3183 1735 in
3240 1690 3379 1734 terra
3407 1675 3654 1740 caliginis

2093 1785 2463 1854 sempiternam,
2501 1781 2572 1834 ibi
2606 1789 2920 1848 peccatores
2949 1775 3192 1828 habitant
3212 1780 3336 1824 ante
3358 1768 3652 1834 iudicium.

2091 1888 2145 1932 et
2185 1891 2280 1944 per
2297 1873 2619 1929 sententiam
2654 1869 2842 1922 iueam
2869 1867 3223 1919 deducuntur.
3254 1879 3272 1912 ι
3305 1858 3436 1914 Illud
3471 1857 3652 1910 enim:

2097 1989 2115 2021 ι
2158 1968 2380 2023 Deducti
2407 1975 2533 2018 sunt
2558 1965 2611 2016 in
2641 1961 2911 2014 infernum
2942 1964 3284 2021 peccatores,
3332 1968 3348 2000 ι
3389 1957 3441 1999 et
3473 1945 3601 1998 illud
3639 1961 3654 1998 :

2098 2080 2118 2110 ι
2153 2059 2299 2113 Mors
2331 2058 2503 2123 pascit
2534 2054 2679 2116 illos,
2726 2069 2744 2101 ι
2786 2049 2911 2118 quid
2949 2045 3093 2099 aliud
3125 2052 3428 2110 suntquam
3467 2048 3656 2104 supre-

2094 2168 2176 2206 ma
2213 2146 2481 2204 sententia
2507 2153 2561 2198 et
2599 2153 2801 2197 aeterna
2831 2133 3146 2192 damnatio?

2162 2324 2248 2379 δι.
2302 2322 2440 2376 Sunt
2479 2319 2642 2388 ignis,
2704 2315 2899 2383 caligo,
2935 2309 3242 2376 vermisque
3290 2312 3344 2358 et
3399 2311 3658 2360 tartarus,

2092 2419 2336 2473 omnium
2377 2413 2688 2482 passionum
2720 2417 2905 2471 aestus,
2939 2412 2993 2456 et
3031 2412 3256 2454 cunctos
3291 2393 3660 2449 oliteuehrans

2092 2479 2421 2580 ignorantia,
2453 2515 2507 2558 et
2534 2499 2842 2557 communis
2875 2494 3126 2548 oumibus
3155 2488 3471 2542 deliciarum
3527 2479 3660 2533 titil-

2093 2575 2240 2662 Iatio,
2286 2609 2450 2667 atque
2503 2605 2707 2649 tremor
2739 2601 2792 2643 et
2845 2587 3043 2640 fetidus
3075 2592 3233 2651 putor
3269 2575 3472 2647 peccati
3500 2590 3514 2628 :
3541 2586 3661 2638 qtae

2088 2695 2242 2765 quasi
2273 2693 2449 2746 arrlne
2476 2704 2538 2743 ac
2567 2683 2815 2757 primitias
2841 2684 3124 2750 pmnarum
3153 2676 3261 2744 jam
3292 2683 3433 2724 nunc
3465 2667 3518 2719 in
3539 2678 3664 2765 pileo

2089 2797 2332 2841 eatnrum
2383 2764 2580 2836 animis
2640 2774 2951 2846 praamissze,
3007 2784 3102 2838 per
3161 2765 3374 2819 habitus
3432 2754 3662 2812 manife-

2089 2889 2328 2936 st‘aatur.

2160 3071 2249 3127 55.
2284 3067 2604 3122 Muletarum
2655 3061 2831 3115 art-hae
2883 3066 3012 3112 sunt
3057 3053 3276 3108 habitus
3315 3047 3652 3118 passionum,

2093 3166 2232 3220 sicut
2263 3173 2318 3216 et
2361 3161 2618 3213 virtutum
2644 3167 2797 3209 actus
2822 3161 2950 3206 sunt
2977 3149 3125 3217 regni
3150 3142 3387 3199 ccelestis
3417 3141 3659 3209 pignora.

2094 3253 2444 3326 Intelligenda
2478 3259 2657 3304 autem
2691 3257 2816 3300 sunt
2842 3259 2935 3314 per
2970 3250 3124 3295 actus
3164 3251 3324 3304 Opera
3377 3231 3662 3286 mandato-

2094 3366 2234 3409 rum,
2283 3325 2353 3401 et
2383 3346 2611 3398 virtutes
2651 3338 2907 3393 vocandae
2961 3342 3086 3387 sunt
3142 3329 3379 3387 habitus,
3428 3325 3570 3378 sicut
3607 3329 3663 3373 et

2094 3439 2330 3508 nequitia
2353 3447 2710 3505 perseverans
2741 3430 2938 3483 dicitur
2967 3424 3202 3478 habitus.

2162 3507 2252 3585 36.
2280 3528 2492 3581 ltemdc
2514 3525 2685 3592 poenis
2713 3535 2773 3571 ac
2796 3519 2863 3572 de
2893 3514 3150 3584 praemiis,
3186 3512 3311 3564 licet
3344 3507 3665 3572 discrepare

2094 3621 2280 3675 multis
2315 3617 2624 3670 videantur.
2663 3613 2799 3664 Aliis
2838 3608 2981 3662 enim
3015 3617 3272 3658 aeternam
3318 3601 3508 3661 vitam,
3541 3595 3664 3648 aliis

2091 3723 2356 3766 attentum
2405 3704 2726 3775 supplicium
2761 3702 2941 3754 divina
2993 3694 3271 3750 distribuit
3312 3689 3562 3760 justitia;
3609 3693 3665 3736 et

2094 3805 2332 3873 utrique,
2369 3802 2484 3856 sive
2514 3799 2637 3854 boui
2672 3797 2784 3850 sive
2838 3791 2986 3855 mali,
3023 3799 3262 3857 pra-scus
3310 3779 3477 3848 elapsi
3508 3792 3666 3831 secu-

2095 3897 2226 3959 lum,
2257 3895 2467 3950 debitas
2503 3888 2758 3959 operibus
2777 3882 3046 3950 accipient
3079 3875 3486 3932 retributiones,
3532 3882 3667 3936 qua—

2096 4007 2212 4046 rum
2242 3986 2600 4056 quantitatem
2637 3990 2690 4033 et
2727 3975 3046 4045 qualitatem
3087 3982 3212 4024 cum
3265 3965 3519 4018 vitiorum
3574 3969 3668 4010 aut
3730 4016 3747 4042 ε

2093 4055 2355 4136 virtutum
2381 4076 2656 4130 habilibus
2685 4080 2739 4123 et
2767 4067 2981 4121 aetibus
3011 4073 3310 4130 congruam
3343 4055 3664 4110 sortientur.

2166 4260 2259 4315 37.
2291 4256 2385 4311 Nae
2412 4264 2600 4321 stagna
2632 4247 2772 4318 ignis
2799 4251 2926 4300 sunt
2952 4241 3162 4295 vitiosa
3189 4235 3383 4289 animae
3413 4249 3426 4284 :
3452 4231 3507 4282 in
3552 4225 3670 4295 qui-

2099 4353 2200 4408 bus
2231 4358 2288 4404 nt
2313 4349 2539 4402 fetidum
2568 4352 2779 4398 stercus
2797 4336 2985 4391 sordes
3012 4333 3294 4387 libidinum
3314 4326 3406 4378 alit
3434 4335 3671 4375 vermem

397 4425 677 4496 σκώληκα
733 4427 925 4498 τρέφει
962 4427 1258 4493 ἀκολασίας
1293 4429 1616 4499 ἀκοίμητον,
1664 4429 1765 4499 τὴν
1791 4431 1989 4499 ὀρεκτι·

2107 4439 2517 4499 incontinentiae
2550 4437 2879 4494 insomnem,
2910 4428 3180 4483 infrenem
3221 4419 3401 4476 carnis
3423 4414 3682 4477 concupi—

397 4519 516 4586 κὴν
572 4520 671 4586 τῆς
740 4519 942 4587 σαρκὸς
983 4520 1281 4589 ἀκρασίαν,
1347 4522 1440 4574 καὶ
1467 4520 1640 4589 ὄφεις,
1672 4523 1764 4574 καὶ
1794 4521 2000 4591 βατρά-

397 4624 564 4678 χους.
615 4608 711 4658 καὶ
743 4606 964 4675 βδέλλας
991 4609 1297 4680 ἐπιθυμιῶν
1323 4610 1599 4682 πονηρῶν,
1630 4612 1758 4674 τοὺς
1784 4613 2000 4679 ἐναγεῖς

400 4704 507 4752 καὶ
539 4697 782 4762 ἰοϐόλους
805 4701 1126 4770 -λογισμούς
1156 4720 1215 4755 τε
1241 4703 1333 4755 καὶ
1387 4703 1669 4772 δαίμοναςο
1770 4702 2000 4771 τοιαύτη

400 4792 758 4852 κατάστασις
811 4793 907 4843 ἀπ’
940 4793 1190 4846 ἐντεῦθεν
1221 4794 1412 4865 εἴληφε
1459 4796 1553 4848 τὸν
1573 4793 1872 4866 άρῤαϐῶνα
1902 4795 2002 4864 τῆς

399 4884 598 4936 ἐκεῖσε
617 4883 914 4946 κολάσεως.

482 5000 597 5069 λη’.
641 5001 850 5070 Ὥσπερ
902 5000 1010 5052 τῶν
1065 5002 1339 5056 κολάσεων
1377 5004 1430 5056 αἱ
1489 5004 1738 5073 ἀπαρχαὶ
1782 5003 1839 5054 ἐν
1882 5003 2002 5064 ταῖς

399 5095 622 5164 ψυχαῖς
672 5093 783 5144 τῶν
831 5093 1173 5165 ἁμαρτωλῶν
1194 5094 1826 5165 ἐγκεκρυμμέναιεξσὶν,
1859 5090 2004 5146 οὕτω

400 5185 514 5239 καὶ
550 5184 658 5238 τῶν
684 5184 906 5252 ἀγαθῶν
939 5187 988 5237 oi
1037 5185 1356 5257 ἀῤῥαΰῶνες
1388 5187 1466 5249 είς
1495 5186 1591 5249 τὰς
1614 5185 1839 5257 καρδίας
1894 5185 2002 5238 τῶν

397 5274 647 5330 δικαίων
705 5275 988 5344 ἐνεργοῦσι
1019 5276 1106 5331 διὰ
1141 5277 1234 5330 τοῦ
1263 5277 1597 5349 πνεύματος,
1624 5279 1718 5331 καὶ
1745 5277 2003 5348 μετέχον-

376 5377 508 5416 ταιο
549 5358 799 5429 βασιλεία
847 5359 955 5429 γὰρ
1005 5359 1253 5428 υυρανῶν
1287 5359 1436 5410 ἐστιν
1476 5358 1510 5426 ὴ
1557 5359 1810 5427 ἐνάρετος
1861 5361 1990 5408 ἀνα-

380 5450 848 5526 στροφὴ,ὤσπερ
881 5451 915 5520 ἡ
952 5449 1194 5514 κόλασις,
1228 5450 1260 5518 ἠ
1290 5449 1400 5502 τῶν
1429 5447 1618 5501 παθῶν
1645 5449 1781 5514 ἕξις.

461 5544 578 5596 λῡ’.
606 5541 726 5606 Νὺξ
769 5541 1048 5612 ἐρχομένη
1105 5539 1244 5606 ἐστὶ,
1268 5539 1411 5593 κατά
1441 5539 1724 5610 τὸνλόγον
1762 5539 1857 5593 τοῦ
1892 5541 1994 5593 Ku-

459 5711 484 5742 ³
518 5707 682 5762 Juau.
725 5721 857 5770 xm,
890 5705 946 5769 5,

2105 4535 2392 4595 scentiam,
2433 4539 2490 4584 et
2527 4533 2810 4596 serpentes
2851 4531 3120 4587 ranaSque
3149 4521 3201 4568 et
3232 4511 3511 4566 hirudincs
3546 4520 3673 4574 pra-

2107 4641 2294 4678 varum
2343 4621 2697 4690 cupiditatum
2727 4655 2742 4682 ,
2781 4627 2973 4681 nempe
3023 4611 3194 4665 l’tedas
3233 4603 3587 4674 cogitationes
3620 4605 3672 4646 et

2107 4717 2386 4774 letliil‘eros
2418 4689 2714 4767 damnones.
2772 4703 3081 4761 Istiusmodi
3122 4708 3302 4752 autem
3334 4703 3508 4750 status
3560 4689 3676 4757 j-Iu

2110 4825 2249 4866 nunc
2279 4806 2441 4862 futuri
2475 4801 2691 4874 pralert
2722 4799 2941 4854 arrbam
2973 4789 3245 4862 supplicii.

2163 4997 2253 5054 58.
2287 4995 2341 5050 In
2375 4997 2570 5050 animis
2603 5004 2944 5064 peccatorum
2990 4993 3131 5048 sicut
3167 4989 3492 5046 absconditae
3534 4996 3664 5044 sunt

2093 5105 2375 5159 [imitatum
2418 5088 2689 5158 pl'itttilim,
2721 5087 2775 5140 in
2806 5085 3344 5154 cordibnsjustorum
3395 5085 3522 5138 item
3575 5084 3664 5134 in»

2091 5191 2218 5235 sunt
2265 5181 2488 5250 pignora
2522 5195 2614 5247 per
2645 5178 2911 5248 Spiritum
2965 5180 3241 5248 aperantia
3266 5187 3319 5232 et
3360 5173 3664 5230 ctunumni-

2089 5284 2208 5329 eata
2245 5291 2258 5327 :
2287 5288 2411 5326 nam
2446 5273 2710 5326 caelorum
2743 5288 2966 5338 regnum
2999 5282 3081 5324 est
3115 5270 3328 5323 virtutis
3372 5281 3658 5322 Converszv

2090 5366 2190 5429 tio,
2223 5365 2359 5418 sicut
2405 5362 2707 5429 damnatio,
2743 5363 2993 5418 vitioxutu
3027 5365 3260 5416 habitus.

2154 5541 2244 5598 '59.
2273 5540 2584 5597 Secundum
2618 5541 2825 5596 Doruini
2854 5529 3088 5597 eﬂ'atutn’
3135 5553 3238 5592 nox
3277 5537 3521 5602 veniens,
3567 5542 3656 5589 est
