3960 6190
338 258 468 320 1Ξ51

1583 253 1966 316 GREGORII
2007 252 2340 322 SINAlT/E

3436 251 3576 321 125?;

329 372 509 425 futura
549 368 638 423 illa
669 367 845 431 caligo
885 363 973 418 ubi
1001 377 1158 418 nemo
1190 371 1364 432 potest
1397 368 1609 432 operari
1646 386 1660 431 ;
1700 370 1782 421 vel
1808 369 1915 422 alia

2032 379 2158 441 σίου,
2191 371 2512 444 ἡπαντελὴς
2579 370 2941 440 ἀνενεργησία
2984 367 3079 420 τοῦ
3155 366 3442 438 μέλλοντος
3477 373 3605 418 σκό-

335 457 811 526 interpretatione,
865 462 950 507 est
981 452 1376 517 Antichristns,
1419 455 1509 516 qui
1563 459 1802 511 tenebrae
1828 467 1911 512 est

329 558 382 601 et
415 557 643 600 vocatur
686 563 701 609 ;
730 545 810 598 vel
848 544 1048 605 adhuc,
1080 543 1132 595 in
1163 544 1351 596 morali
1372 560 1556 608 sensu,
1586 557 1664 600 est
1717 563 1912 616 perpe-

335 652 428 694 tua
455 640 684 702 incuria,
713 652 832 706 quae
863 637 1008 688 velut
1033 635 1267 689 obscura
1301 651 1404 689 nox
1439 639 1675 690 animam
1715 639 1766 692 in
1795 649 1904 692 tor-

334 733 483 801 poris
535 745 726 785 senmo
758 741 966 782 enecat.
1016 726 1084 780 Ut
1117 728 1260 781 enim
1296 743 1399 780 nox
1442 744 1630 784 omnes
1683 733 1824 800 sopit
1853 743 1908 786 et

336 822 564 874 mortuis
630 819 759 873 facit
814 820 1040 880 similes.
1109 820 1187 872 sic
1252 817 1448 872 futurae
1503 821 1752 890 caliginis
1803 839 1906 877 nox

336 926 648 982 peccatores
669 913 917 966 dolorum
946 911 1208 965 ebrietate
1254 922 1497 964 mortuos
1528 913 1654 968 facit
1688 925 1742 967 et
1789 915 1907 967 ina-

335 1018 527 1058 DIIIICS.

421 1290 505 1344 1:0.
543 1290 635 1343 Est
667 1289 830 1356 hujus
864 1287 1047 1341 mundi
1103 1286 1369 1354 judicium
1424 1285 1490 1336 de
1526 1299 1633 1352 quo
1680 1283 1915 1352 loquitur

340 1384 716 1450 Evangelium,
770 1380 1068 1449 impiorum
1100 1378 1478 1439 incrcdnlitns.
1533 1377 1686 1446 juxta
1736 1377 1915 1429 illud:

345 1499 360 1528 ι
395 1476 498 1541 Qui
524 1491 627 1528 non
663 1473 856 1536 credit,
886 1473 993 1540 jam
1026 1470 1296 1537 judicatus
1325 1471 1441 1522 est“
1470 1485 1484 1522 :
1529 1488 1545 1519 ι
1609 1481 1658 1522 et
1687 1468 1919 1535 judicia-

266 1604 276 1638 ί
340 1569 421 1618 ria
459 1563 822 1617 Providentia:
853 1561 1103 1629 prohatio
1143 1560 1206 1610 ad
1238 1560 1634 1619 correptionem
1665 1569 1756 1611 aut
1785 1573 1910 1612 cor-

261 1644 267 1650 ’
342 1657 676 1718 rectionem;
711 1662 764 1706 et
816 1651 1117 1704 voluntatis
1152 1651 1217 1702 ad
1256 1651 1454 1703 bonum
1497 1651 1764 1702 malnmve
1799 1664 1921 1715 pro-

341 1748 553 1816 pensio,
587 1745 742 1812 juxta
796 1744 926 1796 illud
966 1759 980 1794 :
1030 1761 1047 1792 ι
1085 1742 1316 1794 Alienati
1357 1749 1488 1793 sunt
1539 1751 1857 1808 peccatores
1891 1755 1921 1794 a
1955 1720 1996 1775 Β

341 1837 539 1890 vulva"
589 1855 634 1888 ι.
672 1835 808 1889 Nam
859 1837 909 1886 itt
985 1834 1408 1895 incredulitate,
1445 1842 1500 1886 et
1549 1832 1919 1900 correptione,

341 1939 395 1982 et
463 1927 722 1998 0pcrihus
767 1925 972 1992 justum
1025 1922 1116 1976 Dei
1156 1921 1420 1991 judicium
1510 1931 1640 1974 tunc
1711 1921 1922 1975 revtela.

343 2033 477 2082 tur,
554 2019 690 2072 alios
758 2018 1032 2086 puniens,
1109 2014 1342 2067 aliorum
1429 2012 1750 2076 miseri-ns,
1805 2013 1923 2066 aliis

344 2126 578 2166 coronas
630 2109 710 2161 vel
760 2123 949 2177 pmnas
990 2106 1318 2160 retribuens.
1377 2104 1543 2158 Primi
1593 2106 1736 2157 enim
1795 2112 1923 2158 sunt

343 2203 566 2257 omnino
603 2200 902 2265 increduli;
949 2198 1170 2253 secundi
1221 2196 1504 2250 credentes
1536 2197 1780 2265 quidem,
1829 2199 1922 2248 sed

347 2297 692 2362 negligentes,
748 2292 980 2360 ideoque
1045 2289 1474 2342 misericorditer
1533 2290 1910 2357 castigantur;

345 2388 541 2452 ultimi,
577 2396 734 2454 prout
763 2387 826 2436 ad
857 2386 1056 2437 bonum
1107 2383 1188 2436 vel
1241 2383 1306 2434 ad
1339 2382 1538 2434 malum
1566 2380 1912 2443 dellexeriiit,

348 2477 654 2535 mercedem
689 2474 980 2544 accipient.

419 2677 511 2731 41.
556 2675 830 2730 Teneatur
865 2674 965 2728 nisi
1017 2673 1387 2739 immaculata,
1425 2682 1516 2727 aut
1563 2684 1918 2744 congruentct

349 2767 640 2822 mundetnr
702 2778 892 2820 natura
967 2782 1063 2832 per
1126 2766 1421 2834 spiritum,
1491 2783 1658 2821 unum
1727 2782 1927 2835 corpus

346 2872 594 2924 unusque
626 2857 845 2925 spiritus
876 2871 996 2907 cum
1049 2852 1264 2908 Christo
1297 2864 1352 2908 et
1383 2869 1525 2908 nunc
1573 2865 1624 2908 ct
1656 2855 1708 2908 in
1743 2855 1922 2909 futura

344 2945 740 3000 instauratione
772 2947 886 2999 lieri
939 2949 1144 3014 nequit.
1191 2945 1324 3000 Nam
1365 2957 1600 3001 veterem
1668 2930 1923 3000 vitiorum

346 3037 759 3090 commissuram
813 3052 954 3090 novo
985 3040 1174 3106 gratiae
1217 3039 1544 3091 vestimento
1599 3039 1652 3091 in
1706 3038 1923 3106 supple-
1951 3068 1994 3124 α

351 3135 592 3179 mentum
623 3141 847 3180 assuere
881 3142 988 3181 non
1047 3126 1184 3180 solet
1242 3130 1587 3196 omnipotens
1627 3139 1680 3182 et
1725 3128 1919 3182 utnlica

349 3217 573 3287 Spiritus
599 3218 866 3286 potentia.

417 3310 508 3362 42.
566 3308 758 3363 Parem
808 3325 933 3364 cum
982 3309 1203 3364 Christo
1268 3309 1498 3364 formam
1555 3311 1797 3375 habebit,
1831 3310 1922 3379 qui

359 3399 597 3468 Spiritus
624 3399 1034 3453 reuovationcm
1063 3401 1206 3454 dono
1242 3401 1518 3468 acceperit
1548 3410 1601 3456 et
1633 3416 1924 3454 conserva-

357 3491 518 3552 verit,
552 3490 986 3557 supernaturalis
1028 3490 1108 3544 sic
1142 3489 1490 3544 ineﬂ'abiliter
1518 3505 1740 3560 compos
1769 3489 1926 3544 deiﬁ-

354 3582 608 3634 caitionis.
677 3581 826 3634 littus
876 3592 1057 3633 autem
1112 3597 1234 3634 cum
1304 3583 1522 3635 Christo
1586 3591 1678 3635 aut
1721 3580 1922 3636 Christi

356 3672 658 3725 membrum
716 3671 864 3724 haud
906 3672 1031 3737 erit,
1068 3673 1158 3740 qui
1189 3687 1292 3726 non
1328 3673 1511 3739 gratia:
1537 3671 1649 3741 jam
1673 3689 1813 3736 nunc
1840 3685 1925 3728 est

357 3766 650 3830 particeps,
679 3776 780 3815 nec
816 3763 1062 3816 veritatis
1091 3773 1143 3816 et
1169 3763 1414 3817 scientiae
1443 3763 1697 3828 fortnam,
1718 3765 1782 3820 de
1820 3781 1924 3834 qua

353 3855 669 3920 Apostolus,
705 3855 863 3906 habet
901 3855 956 3906 in
989 3855 1192 3922 seipso.

421 3945 510 3998 45.
547 3943 793 4013 Regnum
822 3947 1092 3999 caelorum
1147 3945 1327 4000 simile
1379 3954 1463 4000 est
1524 3947 1858 4002 tabernaculi
1896 3963 1926 4001 a

357 4036 466 4088 Deo
517 4051 611 4104 per
644 4035 883 4106 Moysem
946 4037 1094 4092 facti.
1150 4038 1242 4092 Est
1294 4053 1437 4092 enim
1486 4039 1539 4092 in
1576 4041 1708 4094 duas
1751 4051 1928 4109 partes

358 4129 476 4181 velo
517 4129 688 4183 seculi
734 4128 903 4183 futuri
940 4131 1194 4185 divisum.
1247 4131 1313 4184 Et
1363 4132 1418 4184 in
1454 4134 1683 4201 primam
1705 4134 1927 4202 quidem

356 4230 566 4289 partem
609 4235 799 4276 omnes
835 4222 1205 4289 ingredientur
1237 4225 1425 4289 gratiae
1473 4227 1822 4289 sacerdotes;
1872 4227 1925 4281 in

354 4313 646 4365 secundum
680 4327 832 4376 vero,
864 4323 1050 4380 utpote
1077 4315 1442 4382 spiritualem,
1473 4317 1548 4370 illi
1581 4327 1792 4372 tantum
1835 4319 1926 4387 qui

2015 485 2140 530 τους
2162 482 2175 496 ⁶
2201 467 2234 537 ἢ
2269 463 2392 517 καθ’
2416 464 2502 515 έτε
2514 479 2607 534 ρον
2632 463 2802 532 τρόπ‹
2832 478 2865 523 φ,
2887 462 2915 514 ὁ
2963 460 3330 529 ’Δντίχριστος
3358 460 3478 524 νὺξ,
3510 462 3607 511 καὶ

2017 559 2226 622 σκότος,
2279 556 2373 610 καὶ
2395 553 2470 607 ὢν
2507 555 2600 605 καὶ
2650 552 2983 619 καλούμενος
3007 565 3022 578 ⁸
3055 550 3086 618 ἢ
3122 550 3282 603 πάλιν
3338 550 3482 601 κατά
3514 549 3606 600 τὸν

2016 649 2206 720 ἠθικὸν
2266 647 2451 714 λόγον,
2483 647 2516 714 ἠ
2555 643 2677 696 καθ’
2711 643 2950 709 ἑκάστην
2995 641 3250 709 ἀμέλεια,
3283 642 3317 709 ἢ
3352 637 3608 705 καθάπερ

2017 743 2321 809 σκοτομένη
2368 737 2465 807 τὴν
2492 735 2671 805 ψυχὴν
2702 733 2999 801 ἀπονεκροῖ
3030 735 3088 784 ὲν
3109 731 3186 801 τῷ
3216 731 3316 799 τῆς
3342 730 3612 796 ἀναισθη-

2018 832 2136 893 σίας
2167 830 2339 898 ὖπνῳ.
2370 827 2580 895 ’Ὠσπερ
2608 825 2769 892 γάρὴ
2802 821 2898 885 νὺξ
2923 822 3168 874 ύπνῶσαι
3193 821 3402 883 πάντας
3441 821 3608 881 ποιεῖ,

2017 923 2110 974 καὶ
2139 922 2303 973 εἰκών
2338 921 2453 972 ἐστι
2510 917 2742 970 Θανάτου
2796 914 2942 968 κατά
2977 915 3073 981 τὴν
3105 915 3400 982 νέκρωσιν,
3433 914 3610 973 οὕτως

2018 1017 2051 1084 ὴ
2083 1012 2181 1076 νὺξ
2239 1012 2331 1065 τοῦ
2383 1011 2668 1081 μέλλοντος
2703 1011 2936 1071 σκότους
2968 1009 3193 1076 νεκροὺς
3219 1009 3312 1059 καὶ
3346 1007 3613 1074 ἀναισθή-

2017 1123 2166 1170 τους,
2188 1107 2253 1174 τῇ
2286 1103 2428 1174 μέθῃ
2463 1104 2572 1155 τῶν
2635 1103 2834 1166 πόνων,
2871 1102 2997 1164 τοὺς
3035 1100 3395 1171 ἁμαρτωλοὺς
3427 1102 3608 1167 ἀπερο

2019 1195 2267 1263 γάζεται.

2091 1294 2162 1356 μ’.
2199 1287 2395 1356 Κρίσις
2452 1287 2571 1340 ἐστὶ
2602 1286 2698 1338 τοῦ
2724 1286 2932 1356 κόσμου
2967 1284 3182 1348 τούτου,
3214 1285 3356 1338 κατά
3387 1285 3478 1336 τὸν
3511 1283 3608 1335 εὖ·

2020 1378 2312 1445 αγγελικδν
2348 1378 2532 1444 λόγον,
2563 1379 2595 1447 ἡ
2637 1378 2867 1430 ἀπιστία
2913 1377 3022 1429 τῶν
3070 1377 3306 1438 ἀσεϐῶν,
3344 1377 3486 1428 κατά
3523 1376 3610 1436 τὸ,

2032 1488 2052 1520 ι
2079 1469 2136 1522 '0
2172 1468 2229 1521 δὲ
2253 1468 2328 1539 μὴ
2347 1469 2639 1533 πιστεύων,
2699 1468 2801 1538 ήδη
2849 1471 3121 1537 κέκριται,
3165 1487 3183 1516 ι
3219 1469 3310 1518 καὶ
3341 1469 3397 1520 at
3431 1483 3614 1536 κριτι-

2021 1563 2112 1611 ml.
2161 1562 2260 1628 τῆς
2317 1559 2574 1629 προνοίας
2641 1559 2776 1628 πρὸς
2836 1558 3133 1628 συστολὴν,
3182 1558 3214 1626 ἦ
3265 1555 3613 1626 ἐπιστροφὴν

2020 1652 2304 1721 ἐπιφοραὶ,
2374 1652 2468 1706 καὶ
2521 1651 2578 1704 αἱ
2631 1651 2740 1702 τῶν
2793 1650 3106 1721 προθέσεων
3165 1652 3224 1702 ὲν
3284 1649 3534 1716 ἀγαθοῖς,
3576 1651 3610 1718 ἧ

2021 1746 2209 1805 κακοῖς
2246 1743 2439 1813 ῥοπαὶ,
2467 1742 2612 1796 κατά
2645 1743 2745 1813 τὴν
2768 1742 3071 1811 ἐνέργειαν,
3100 1741 3243 1794 κατὰ
3278 1740 3362 1804 τὸ,
3399 1740 3611 1809 Ἀπηλ-

2021 1833 2396 1904 λοτριώθησαν
2435 1837 2484 1887 οί
2516 1835 2836 1904 ἁμαρτωλοὶ
2891 1833 2998 1886 ἀπὸ
3061 1834 3297 1903 μήτρας·
3333 1833 3470 1900 πρὸς
3500 1832 3612 1900 γὰρ

2021 1927 2302 1992 ἀπιστίαν,
2372 1926 2470 1980 καὶ
2529 1925 2798 1988 παιδείαν,
2864 1923 2958 1978 καὶ
2988 1924 3209 1994 πρᾶξιν,
3236 1925 3268 1993 ἡ
3291 1923 3478 1977 δικαία
3514 1923 3612 1974 τοῦ

2022 2017 2157 2070 Θεοῦ
2205 2019 2326 2071 τότε
2363 2017 2544 2086 κρίσις
2575 2015 2896 2084 ἐμφαίνεται
2917 2031 2932 2046 ⁸
2980 2017 3109 2078 τοὺς
3137 2016 3235 2085 μὲν
3263 2013 3605 2084 τιμωροῦσα,

2022 2110 2145 2171 τοὺς
2168 2109 2224 2162 δὲ
2263 2108 2512 2170 ἐλεοῦσα,
2575 2109 2690 2171 τοῖς
2721 2108 2778 2160 δὲ
2816 2107 3140 2177 στεφάνους,
3195 2107 3228 2179 ἦ
3277 2106 3503 2158 κόλασιν
3534 2107 3606 2157 δι-

2021 2199 2225 2254 δοῦσα·
2253 2202 2301 2252 οἱ
2339 2198 2443 2270 μὲν
2509 2203 2618 2269 γάρ
2682 2199 2912 2270 πρῶτοι,
2955 2200 3094 2251 εἰσὶν
3131 2198 3346 2261 ἀσεϐεῖς
3410 2197 3611 2250 διόλου·

2021 2294 2150 2347 οἱδὲ
2177 2292 2439 2364 δεύτεροι,
2493 2293 2676 2345 πιστοὶ
2738 2293 2856 2361 μὲν,
2914 2292 3139 2362 ἀμελεῖς
3189 2292 3276 2344 δέ·
3312 2291 3403 2342 διὰ
3437 2290 3602 2342 τοῦτο

2023 2384 2116 2437 καὶ
2184 2383 2582 2453 φιλανθρώπως
2634 2383 3016 2437 παιδεύονται·
3063 2384 3113 2435 ot
3144 2383 3200 2435 δὲ
3232 2383 3434 2435 τέλειοι
3476 2382 3511 2451 ἢ
3549 2383 3607 2433 ὲν

2023 2476 2330 2545 ἁρεταῖς,ῆ
2377 2477 2434 2528 ὲν
2473 2474 2697 2537 κακίαις
2757 2476 3071 2544 πτωμάτων
3129 2475 3436 2544 γενόμενοι,
3510 2473 3614 2534 τὰς

2023 2565 2257 2634 ἀμοιϐὰς
2281 2563 2515 2630 ἕξουσιν.

2099 2663 2208 2726 μα’.
2274 2657 2582 2725 Ἀχραντος
2612 2654 2661 2706 εἱ
2713 2653 2788 2723 μὴ
2846 2653 3180 2722 φυλαχθῇ,ἢ
3226 2651 3501 2722 καθαρθῇ,
3540 2651 3618 2712 ὼς

2028 2748 2298 2816 πέφυκεν,
2331 2748 2363 2817 ἡ
2395 2745 2557 2815 φύσις
2615 2744 2705 2797 διὰ
2756 2743 2852 2796 τοῦ
2877 2743 3213 2812 πνεύματος,
3247 2743 3326 2804 είς
3353 2740 3413 2792 ἓν
3450 2740 3616 2808 σῶμα

2027 2840 2120 2891 καὶ
2169 2838 2387 2907 πνεῦμα
2417 2839 2475 2890 ὲν
2503 2834 2724 2906 Χριστῷ
2776 2834 2872 2890 νῦν
2901 2852 2963 2888 τε
2990 2838 3085 2887 καὶ
3112 2837 3193 2896 είς
3211 2835 3310 2903 τὴν
3342 2833 3618 2903 ἁρμονίαν

2029 2930 2128 3001 τὴν
2195 2931 2517 3000 μέλλουσαν,
2553 2927 2812 2981 ἀδύνατον
2855 2927 3128 2994 γενέσθαι*
3171 2927 3338 2997 ρἀος
3372 2925 3483 2994 γὰρ
3509 2942 3616 2976 πα-

2026 3024 2310 3094 λαιότητος
2368 3023 2581 3087 παθῶν,
2644 3025 2724 3085 εἰς
2758 3021 2945 3076 καινὸν
2981 3020 3190 3090 χιτῶνα
3245 3022 3343 3090 τῆς
3390 3021 3617 3088 χάριτος

2031 3117 2166 3188 πρὸς
2199 3116 2615 3187 συμπλήρωσιν,
2660 3116 2693 3185 ἡ
2725 3113 3048 3184 περιεκτικὴ
3084 3129 3177 3164 και
3232 3110 3466 3180 ἑνωτικὴ
3519 3109 3616 3162 τοῦ

2029 3197 2342 3278 πνεύματος
2375 3207 2604 3276 δύναμις
2631 3205 2969 3276 συρράπτειν
2989 3204 3052 3257 ού
3085 3204 3358 3271 πέφυκεν.

2102 3301 2213 3371 μβ’.
2262 3284 2551 3370 Ἱσοτιμίαν
2620 3301 2756 3371 πρὸς
2809 3297 2906 3370 τὴν
2945 3301 3002 3352 ὲν
3047 3298 3272 3369 Χριστῷ
3334 3298 3617 3367 μόρφωσιν

2028 3393 2139 3458 ἔξει
2166 3396 2193 3446 ὁ
2221 3392 2318 3462 τὴν
2369 3393 2663 3462 καινότητα
2693 3391 2786 3444 τοῦ
2819 3391 3136 3461 πνεύματος
3179 3389 3360 3443 λαϐὼν
3381 3391 3618 3460 δωρεὰν,

2030 3486 2126 3538 καὶ
2164 3483 2443 3551 φυλάξας,
2491 3483 2590 3554 τήν
2641 3482 2900 3553 ὑπερφυᾶ
2968 3482 3164 3535 Θέωσιν
3201 3482 3323 3534 τότε
3387 3483 3620 3551 πάσχων

2030 3576 2309 3647 ἀρρήτως·
2343 3571 2422 3639 εἷς
2463 3576 2573 3646 γὰρ
2606 3578 2662 3628 ὲν
2694 3575 2940 3646 Χριστῷ,
2976 3577 3008 3646 ἦ
3048 3574 3287 3644 Χριστοῦ
3323 3575 3484 3644 μέλος
3517 3576 3622 3625 οὐκ

2032 3665 2209 3732 ἔσται,
2243 3665 2317 3736 μὴ
2345 3669 2443 3736 τῆς
2491 3668 2709 3737 χάριτος
2769 3669 2993 3737 μέτοχος
3039 3667 3132 3720 ἀπ’
3159 3668 3413 3719 ἐντεῦθεν
3461 3669 3622 3734 γενόο

2032 3774 2212 3826 μενος,
2231 3756 2329 3826 τὴν
2357 3757 2641 3827 μόρφωσιν
2669 3757 2769 3827 τῆς
2799 3758 3060 3827 ἀληθείας
3090 3759 3180 3810 καὶ
3211 3757 3308 3827 τῆς
3335 3756 3619 3826 γνώσεως.

2029 3849 2169 3902 κατὰ
2202 3849 2293 3901 τὸν
2333 3849 2676 3914 Ἀπόστολον,
2702 3849 2840 3918 ἔχων
2862 3853 2918 3903 ὲν
2949 3850 3143 3920 ἑαυτῷ.
3477 3835 3485 3840 ﬂ

2105 3947 2215 4012 μγ’.
2291 3942 2508 3994 Ἔοικεν
2561 3944 2594 4011 ἡ
2658 3941 2904 4012 βασιλεία
2963 3942 3072 3994 τῶν
3132 3941 3378 4011 οὐρανῶν
3439 3943 3617 4010 σκηνῇ

2030 4031 2354 4100 Θεοτεύκτῳ,
2421 4032 2560 4083 κατά
2611 4032 2710 4101 τὴν
2761 4032 3085 4100 Μωσαῖκὴν,
3121 4035 3178 4085 ὲν
3215 4033 3336 4085 δυσὶ
3367 4050 3617 4084 καταπε-

2031 4123 2269 4190 τάσμασι
2332 4121 2425 4174 τοῦ
2481 4121 2767 4190 μέλλοντος
2796 4121 2990 4184 αἰῶνος
3029 4121 3247 4191 ἔχουσα,
3277 4124 3372 4175 καὶ
3395 4123 3474 4183 είς
3517 4123 3621 4190 μὲν

2031 4216 2129 4286 τὴν
2192 4213 2419 4286 πριὶτην
2477 4217 2684 4286 σκηνὴν
2728 4217 2949 4279 πάντες,
3004 4217 3119 4269 ὅσοι
3169 4218 3334 4285 ίερείς
3391 4217 3621 4285 χάριτος

2031 4308 2433 4362 εἰσελεύσονται
2464 4350 2480 4374 ,
2538 4311 2618 4370 εἰς
2671 4310 2727 4361 δὲ
2773 4309 2872 4379 τὴν
2923 4309 3212 4380 δευτέραν,
3267 4308 3344 4371 ὡς
3390 4310 3615 4380 νοητὴν,

355 4418 501 4456 nunc
548 4407 598 4455 iti
650 4403 935 4471 theologia:
992 4406 1332 4458 obscuritate
1383 4406 1679 4476 pontiﬁces
1729 4410 1920 4462 trinam

2036 4403 2186 4470 μόνοι
2237 4403 2352 4455 ὅσοι
2383 4401 2478 4454 ἀπ’
2506 4402 2757 4455 ἐντεῦθεν
2793 4404 2850 4455 ὲν
2875 4402 2956 4472 τῷ
2985 4404 3080 4471 τῆς
3113 4402 3393 4469 θεολογίας
3429 4403 3616 4470 γνόφῳ

354 4496 549 4549 annuae
576 4495 682 4548 vim
723 4494 956 4564 perfecte
1013 4496 1410 4561 sacriﬁcantes,
1477 4509 1529 4552 et
1573 4498 1758 4553 Jesum
1788 4515 1935 4554 sum-

356 4601 502 4639 nium
536 4587 881 4641 sacerdotum
927 4588 1352 4655 pontiﬁcumque
1403 4589 1708 4658 principem
1746 4589 1933 4646 Trini-

357 4679 453 4731 tati
482 4677 795 4742 oﬂcrentes,
818 4678 873 4731 in
906 4679 1338 4743 tabernaculum,
1380 4680 1467 4734 ubi
1506 4680 1801 4736 cruciﬁxus
1823 4694 1930 4750 est,

357 4769 581 4833 intrant,
616 4769 996 4838 fulgidioribus
1027 4771 1143 4840 ejus
1182 4772 1564 4841 splendoribus
1615 4773 1927 4828 illuminan-

358 4869 467 4914 tur.

424 4951 510 5005 44.
545 4950 793 5005 Οδιιξιιιίίι
827 4952 1094 5016 Salvator,
1124 4951 1305 5021 plures
1335 4953 1566 5008 dicendo
1596 4955 1925 5021 mansiones,

358 5047 538 5098 varios
567 5060 688 5097 esse
715 5044 916 5112 gradus
965 5057 1018 5098 et
1065 5054 1241 5098 status
1296 5045 1346 5097 in
1389 5045 1497 5096 vita
1553 5045 1755 5100 futura.
1793 5044 1926 5098 Nam

358 5152 580 5200 t'cgntmt
621 5139 863 5200 caeleste,
901 5137 1021 5188 licet
1055 5153 1218 5189 unum
1255 5139 1347 5201 sit,
1387 5139 1556 5191 multa
1588 5139 1734 5194 intus
1767 5140 1930 5193 habet

359 5229 515 5281 loca;
557 5231 624 5278 ita
678 5235 736 5278 ut
767 5226 875 5278 sint
921 5226 989 5277 ibi
1049 5226 1194 5279 velut
1222 5227 1475 5280 caelestes
1518 5240 1571 5279 et
1619 5239 1927 5295 terrestres,

359 5330 515 5380 prout
578 5319 833 5386 majorem
888 5317 1086 5369 habent
1123 5319 1373 5370 virtutem
1432 5321 1828 5388 scientiamque
1864 5338 1928 5374 ne

356 5411 774 5462 deilicationem.
811 5407 1023 5462 Etenim
1063 5408 1164 5459 alia
1194 5409 1408 5461 claritas
1433 5411 1584 5474 solis,
1616 5411 1718 5463 alia
1739 5413 1902 5465 clari-

359 5513 443 5555 tas
473 5501 634 5566 lunaa,
658 5511 709 5554 et
738 5501 842 5554 alia
878 5500 1096 5554 claritas
1125 5499 1428 5563 stellarum,
1454 5511 1509 5556 et
1534 5503 1686 5556 slclla
1721 5520 1748 5554 a
1779 5504 1927 5557 stella

433 5676 454 5704 '
481 5676 640 5730 Joan.
675 5693 757 5741 ιιι,
784 5680 868 5732 18.
948 5679 965 5708 ⁷
995 5678 1138 5732 Psal.
1169 5695 1296 5743 l.\'|l,
1323 5678 1378 5731 4.

2031 4491 2363 4562 ἱεραρχικῶς
2392 4494 2449 4544 ὲν
2487 4493 2787 4562 τελειότητι
2847 4492 3142 4562 τριαδικῶς
3185 4491 3615 4563 λειτουργήσαν-

2026 4595 2138 4644 τες,
2167 4581 2258 4633 τὸν
2309 4581 2520 4651 Ἰησοῦν
2562 4582 2896 4652 τελετάρχην
2954 4582 3052 4636 καὶ
3080 4583 3345 4654 ἱεράρχην
3395 4583 3616 4653 πρῶτον

2027 4671 2164 4742 πρὸς
2196 4672 2294 4742 τὴν
2350 4671 2558 4744 ἰ’ριάδα
2592 4673 2829 4742 ἔχοντες,
2863 4675 2922 4726 ἐν
2951 4676 3014 4744 τῇ
3046 4677 3245 4744 σκηνῇ,
3333 4673 3610 4745 ἐπήξατο,

2029 4764 2422 4834 εἰσερχόμενοι,
2477 4767 2570 4817 καὶ
2628 4766 3034 4838 ἐμφανέστερον
3052 4767 3152 4831 τὰς
3185 4768 3355 4820 αὑτοῦ
3389 4785 3612 4838 μαρμα-

2031 4853 2200 4924 ρυγὰς
2230 4855 2649 4926 ὲλλαμπόμενοι.
3525 4897 3534 4905 -

2102 4944 2209 5013 μδ’.
2248 4947 2455 5012 Πολλὰς
2515 4954 2682 5022 μονάς
2706 4953 2732 5004 ὁ
2760 4953 2953 5024 Σωτὴρ
2983 4952 3153 5023 ἔφησε
3189 4953 3287 5015 τὰς
3320 4953 3612 5023 διαφόρους

2033 5036 2330 5100 ἀναϐάσεις
2355 5077 2370 5101 ,
2405 5043 2502 5092 καὶ
2545 5042 2831 5111 προκοπὰς
2856 5043 2954 5111 τῆς
2983 5044 3163 5094 ἐκεῖσε
3195 5044 3610 5101 καταστάσεως

2035 5133 2162 5204 μιᾶς
2192 5133 2290 5204 μὲν
2308 5132 2469 5201 οὔσης
2504 5135 2601 5204 τῆς
2629 5134 2929 5204 βασιλείας,
2982 5133 3184 5198 πολλὰς
3205 5136 3260 5188 δὲ
3290 5137 3442 5188 ἔνδον
3495 5136 3610 5188 δια-

2031 5227 2203 5294 φορὰς
2221 5227 2452 5298 ἐχούσης
2472 5244 2484 5256 ·
2513 5227 2588 5291 ὡς
2622 5225 2762 5282 εἶναι
2824 5229 3110 5298 οὐρανίους
3149 5246 3206 5281 τε
3244 5231 3338 5281 καὶ
3367 5230 3606 5299 γηῖυους,

2033 5318 2172 5372 κατά
2200 5336 2256 5371 τε
2285 5319 2381 5390 τὴν
2427 5321 2653 5390 ἀρετὴν,
2712 5321 2807 5373 καὶ
2861 5320 2960 5392 τὴν
3020 5323 3242 5390 γνῶσιν,
3278 5311 3425 5376 κατά
3459 5339 3515 5374 τε
3551 5321 3608 5372 τδ

2032 5413 2194 5468 ποσὸν
2239 5415 2340 5486 τῆς
2378 5415 2626 5479 θεώσεως
2664 5415 2909 5485 ἔχοντας.
2942 5414 3111 5484 ’Δλλη
3144 5414 3253 5486 γὰρ
3282 5415 3410 5480 δόξα
3435 5415 3609 5484 ἡλίου.

2034 5509 2126 5562 λαὶ
2176 5507 2308 5576 ἄλλη
2373 5507 2623 5576 σελήνης,
2685 5511 2774 5558 καὶ
2821 5505 2957 5576 ἄλλη
3010 5509 3279 5578 ἀστέρων,
3306 5509 3398 5561 καὶ
3432 5506 3606 5573 ἀστὴρ
