3994 6206
379 263 518 328 1253

1423 269 1694 330 CAPlTA
1745 273 1894 352 PER
1933 274 2590 345 ACROSTICHIDEM.

3489 291 3622 357 1254

367 391 592 460 ἀστέρος
657 392 900 460 διαφέρει
933 391 989 442 ἐν
1022 388 1167 460 δόξῃ,
1205 387 1386 451 καθώς
1420 404 1586 456 φησιν
1613 389 1640 439 ὁ
1681 387 1944 440 Ἀπύστο-

2061 397 2232 452 differt
2269 401 2538 467 claritate,
2593 412 2648 456 ut
2679 403 2755 456 ait
2806 402 3150 473 Apostolus“,
3187 405 3308 460 licet
3350 420 3537 462 onmes
3566 409 3618 461 in

371 485 484 546 λος,
551 483 606 535 εἰ
661 483 757 536 καί⁵
807 484 1006 546 πᾶντες
1050 485 1108 535 ὲν
1161 479 1245 534 ὲνὶ
1277 479 1408 550 θείῳ
1444 480 1916 551 στερεώματιλάμ

367 591 582 628 πουσιν.

441 670 542 732 με’.
607 663 888 729 Ἀγγέλοις
940 663 1242 731 ὁμοδίαιτος
1294 664 1506 730 γίνεται
1546 663 1722 732 βραχύ
1747 679 1823 725 τι,
1858 663 1950 713 καὶ

366 755 684 823 ἀσώματος,
707 755 781 818 ὡς
809 755 1086 826 ἄφθαρτος
1115 758 1142 808 ὁ
1163 756 1252 808 τὸν
1280 758 1381 826 μὲν
1410 755 1538 808 νοῦν
1577 755 1664 808 διὰ
1697 754 1941 824 δακρύωκ

369 849 633 918 καθάρας,
701 849 800 918 τὴν
853 850 910 902 δὲ
957 849 1155 918 ψυχὴν,
1212 851 1527 918 ἀναστήσας
1571 849 1823 902 ἐντεῦθεν
1872 849 1948 918 τῷ

368 941 671 1010 πνεύματι,
705 941 802 1009 τὴν
831 942 889 994 δὲ
955 943 1132 1012 σάρκα
1150 943 1226 1011 τῷ
1262 943 1406 1010 λόγῳ
1439 941 1728 1009 φωτοειδές
1774 958 1830 993 τε
1855 942 1949 993 καὶ

369 1034 595 1104 πύρινον
651 1031 875 1101 ἄγαλμα
931 1033 1078 1096 θείας
1135 1034 1473 1102 ὼραιότητος
1531 1032 1946 1101 ποιησάμενος,

366 1123 460 1176 τὸν
495 1121 656 1188 φύσει
711 1123 936 1192 πήλινον
967 1124 1262 1196 ἀνδριάντα
1293 1124 1516 1178 ἑαυτοῦο
1551 1125 1708 1194 εἴπερ
1738 1125 1950 1193 ἀφθαρ-

370 1215 458 1267 σία
521 1215 638 1266 ἐστὶ
707 1216 994 1285 σωμάτων,
1050 1217 1241 1286 χυμῶν
1269 1216 1512 1285 ἔκλειψις
1565 1217 1659 1270 καί¹
1701 1217 1949 1286 παχυτή-

365 1326 494 1364 των.

441 1407 560 1470 μς¹.
607 1402 798 1471 Γήῖνον
831 1401 982 1454 ἔσται
1017 1401 1077 1454 τὸ
1112 1401 1273 1471 σῶμα
1303 1401 1404 1470 τῆς
1427 1401 1758 1471 ἀφθαρσίας,
1781 1401 1950 1470 χωρὶς

366 1493 556 1561 χυμῶν
611 1496 704 1544 καὶ
757 1492 1106 1563 παχύτητος,
1165 1494 1632 1562 μεταποιούμενον
1693 1494 1948 1564 ἀρρήτως

369 1589 476 1641 ἀπὸ
506 1587 602 1640 τοῦ
652 1589 884 1659 ψυχικοῦ
934 1591 1014 1652 εἰς
1047 1591 1205 1660 σῶμα
1246 1591 1634 1660 πνευματικὸν,
1669 1591 1740 1652 ὠς
1811 1587 1950 1642 εἰνοι

373 1681 468 1732 καὶ
488 1680 693 1749 χοῖκὸν,
722 1681 817 1734 καὶ
843 1683 1094 1752 οὐράνιον
1132 1685 1197 1753 τῇ
1223 1683 1320 1752 τῆς
1347 1683 1610 1745 θεοειδίας
1635 1683 1946 1751 λεπτότητι·

371 1765 482 1824 οἷον
519 1773 627 1842 γάρ
667 1773 912 1842 ἐπλάσθη
959 1775 1016 1838 ἐξ
1062 1776 1259 1844 ἀρχῆς,
1312 1775 1553 1828 τοιοῦτον
1588 1775 1681 1827 καὶ
1717 1776 1949 1842 ἀναστή-

370 1878 552 1920 σεται..
597 1863 682 1916 ἵνα
771 1864 1098 1935 σύμμορφον
1139 1866 1240 1934 τῆς
1302 1869 1508 1930 εἰκόνος
1557 1867 1653 1918 τοῦ
1695 1867 1811 1920 υἱοῦ
1853 1865 1947 1918 τοῦ

368 1949 681 2021 ἀνθρώπου,
723 1953 862 2006 κατὰ
887 1955 985 2025 τὴν
1041 1955 1336 2028 ὁλόκληρον
1390 1958 1487 2026 τῆς
1532 1955 1779 2020 θεώσεως
1819 1956 1949 2026 μέθ-

367 2043 500 2108 εξιν.
983 2038 987 2042 ’

442 2135 550 2202 με.
613 2135 692 2206 Γῆ
772 2137 998 2208 πραέων
1060 2138 1211 2191 ἐστὶν
1276 2139 1309 2207 ἡ
1388 2138 1634 2208 βασιλεία
1694 2139 1802 2191 τῶν
1858 2139 1950 2192 ού-

366 2225 688 2299 ρανῶν,ἢή
739 2229 1033 2300 θεανδρικὴ
1093 2230 1186 2283 τοῦ
1241 2230 1359 2283 υἰοῦ
1412 2231 1547 2297 ἕξις,
1611 2232 1690 2294 εἰς
1750 2231 1817 2300 ἣν
1853 2231 1945 2300 βε-

367 2320 664 2389 ϐήκαμεν,
715 2322 747 2391 ἢ
796 2321 1175 2392 ἐπιϐαίνομεν,
1232 2324 1332 2392 τὴν
1371 2323 1428 2375 ὲν
1454 2325 1637 2394 χάριτι
1693 2325 1947 2392 γέννησιν

365 2409 466 2478 τῆς
526 2409 820 2478 υἱοθεσίας,
879 2413 973 2466 καὶ
1000 2413 1097 2483 τὴν
1131 2413 1221 2467 διὰ
1257 2415 1356 2482 τῆς
1388 2415 1740 2477 ἀναστάσεως
1765 2416 1944 2468 καινό-

366 2519 503 2570 τητα
535 2503 842 2572 εἰληφότεςο
894 2505 927 2574 ἢ
963 2505 1145 2569 πάλιν,
1176 2506 1248 2576 γῆ
1279 2507 1409 2575 ἁγία
1441 2507 1590 2559 ἐστὶν
1618 2509 1651 2576 ἡ
1684 2509 1946 2560 θεωθείσα

367 2593 550 2660 φύσις,
596 2594 629 2661 ἢ
677 2596 842 2665 τυχὸν
904 2597 998 2649 καί⁸
1062 2597 1397 2667 καθαρθείσα
1451 2600 1525 2666 γῆ
1582 2598 1744 2668 αὕτη,
1809 2600 1946 2669 πρὸς

361 2689 596 2757 γεηροὺς
665 2687 787 2741 κατ’
834 2689 993 2756 ἀξίαν
1058 2691 1419 2762 τοιούτουςσῆ
1469 2692 1589 2745 κατ’
1621 2692 1788 2762 ἀλλην
1824 2694 1946 2745 ἐπί-

367 2788 562 2832 νοιαν“·
621 2781 692 2850 γῆ
752 2783 1380 2854 κατακληρονομουμένη
1437 2786 1555 2838 ἐστὶ
1610 2787 1721 2848 τοῖς
1778 2784 1947 2848 ὅντως

364 2872 542 2938 ἁγίοις
589 2876 622 2944 ἡ
670 2875 985 2945 ἀκύμαντος
1031 2877 1131 2947 τῆς
1186 2878 1326 2945 ὑπὲρ
1376 2880 1502 2930 νοῦν
1555 2880 1779 2947 εἰρήνης
1825 2878 1945 2930 θεία

2050 507 2160 547 uno
2193 491 2430 562 fulgeant
2457 495 2639 548 divino
2675 497 3034 551 firmamento.

2127 672 2219 728 45.
2257 673 2495 728 Mutatur
2520 675 2632 728 fere
2659 675 2710 729 in
2749 676 2996 742 angelum
3035 677 3413 745 incorporeum
3447 685 3494 731 et
3533 678 3616 729 iu-

2048 768 2502 837 corruptihilem,
2587 763 2678 837 qui
2739 779 2971 822 mentem
3036 771 3286 838 laerymis
3344 785 3618 838 purgans,

2052 864 2398 928 animamque
2426 861 2536 926 jam
2573 876 2717 914 nune
2749 862 2967 932 Spiritu,
3007 877 3224 917 carnem
3252 878 3380 916 vero
3408 864 3616 916 ratione

2049 955 2287 1024 erigens.
2313 956 2363 1006 in
2407 954 2742 1022 splendidam
2781 957 3098 1024 igneamqne
3147 955 3344 1008 divinae
3377 953 3620 1021 pulchri-

2052 1048 2255 1101 tudinis
2318 1047 2609 1115 imaginem
2649 1049 2915 1100 convertit
2966 1063 3118 1101 suam
3180 1047 3482 1099 naturalem
3534 1046 3618 1096 ln-

2053 1149 2301 1208 teamque
2365 1140 2592 1193 formam
2633 1141 2941 1206 :siquidem
2989 1140 3320 1206 ineorruptio
3372 1138 3619 1206 corporis

2050 1243 2129 1285 est
2165 1232 2411 1286 defectus
2439 1233 2730 1284 httmorum
2786 1242 2836 1282 et
2862 1231 3266 1284 crassitudinis.

2122 1415 2216 1470 46.
2276 1413 2704 1482 Incorruptionis
2769 1429 2964 1482 corpus
3017 1414 3121 1467 erit
3166 1421 3464 1472 terrenum.
3528 1412 3622 1464 sed

2050 1512 2254 1575 absque
2327 1506 2645 1559 humoribus
2704 1514 2758 1560 et
2813 1506 3201 1565 crassitudine,
3276 1502 3621 1556 ineliahiliter

2053 1602 2497 1657 transformatnm
2530 1600 2598 1652 ab
2646 1599 2863 1652 animali
2899 1598 2949 1650 iu
2985 1597 3235 1666 spiritale
3278 1609 3517 1660 corpus:
3549 1595 3620 1646 ita

2057 1706 2116 1750 ut
2145 1697 2215 1750 sit
2252 1704 2509 1748 terrestre
2544 1693 2708 1747 simul
2742 1709 2801 1745 ac
2832 1692 3076 1754 caeleste,
3102 1698 3154 1741 et
3188 1687 3491 1741 subtilitate
3516 1687 3625 1739 Deo

2060 1787 2258 1843 simile.
2302 1785 2474 1850 Quale
2523 1787 2664 1836 enim
2730 1783 2978 1850 primitus
3042 1788 3282 1832 creatum
3343 1785 3454 1840 est,
3518 1773 3624 1826 tale

2060 1889 2325 1948 resurget,
2395 1887 2453 1930 ut
2511 1875 2878 1942 conﬁguretur
2917 1872 3139 1941 imagini
3208 1869 3327 1922 Filii
3368 1867 3622 1927 hominis,
3714 1890 3717 1892 ·

2056 1969 2264 2024 deiﬁcae
2297 1969 2518 2021 omnino
2557 1982 2782 2021 consors
2808 1965 3014 2034 glorizr.

2127 2150 2217 2205 47.
2251 2148 2450 2203 Sancta
2485 2146 2694 2200 mitium
2725 2154 2869 2198 terra
2927 2152 3009 2198 est
3061 2155 3284 2208 regnum
3335 2138 3622 2196 caelorum,

2056 2257 2148 2296 seu
2185 2241 2376 2294 deitica
2407 2240 2594 2293 tiliatio
2623 2253 2782 2306 quam
2815 2236 2990 2302 adepti
3014 2234 3095 2287 vel
3133 2232 3378 2300 adepturi
3411 2243 3621 2286 sumus.

2057 2334 2228 2402 gratia
2264 2331 2574 2397 regenerati
2624 2338 2678 2383 et
2713 2328 2976 2394 adoptati.
3002 2335 3056 2378 et
3108 2322 3505 2376 resurrectione
3542 2320 3625 2372 in-

2055 2427 2306 2481 staurati.
2330 2422 2422 2475 Vel
2442 2421 2618 2474 adhuc
2642 2430 2784 2473 terra
2815 2427 3000 2471 sancta
3023 2423 3107 2467 est
3137 2423 3322 2466 natura
3355 2412 3623 2470 deificata,

2057 2529 2149 2573 aut
2209 2520 2390 2571 forsan
2449 2524 2593 2568 terra
2658 2511 2776 2566 haec
2822 2508 3104 2578 purificata
3169 2521 3264 2572 pro
3327 2503 3522 2557 incolis
3560 2503 3624 2552 ad

2059 2620 2262 2664 tantam
2307 2609 2622 2676 dignitatem
2674 2603 2964 2672 promotis.
3003 2597 3094 2652 Vel
3132 2598 3236 2651 alio
3267 2611 3448 2659 sensu,
3483 2603 3624 2646 terra

2055 2719 2182 2755 vere
2253 2701 2458 2753 sanctis
2541 2705 2856 2755 reservata,
2916 2702 3004 2746 est
3060 2684 3628 2757 incomprehensibilis

2057 2795 2325 2852 seenritas
2354 2803 2408 2846 et
2441 2791 2624 2843 divina
2663 2804 2785 2855 pax.
2816 2787 2868 2839 in
2905 2800 3006 2851 qua
3050 2785 3314 2853 iustorum
3348 2778 3628 2849 generatio

2056 2887 2433 2944 collocahitnr,
2462 2883 2611 2934 ttullo
2647 2891 2915 2932 creaturte
2946 2877 3177 2928 tumultu
3236 2871 3626 2935 perun-bunda.

367 2965 604 3036 γαλήνη,
637 2963 720 3026 εἰς
752 2961 821 3033 ἢν
852 2960 887 3030 ὴ
928 2957 1096 3029 γενεά
1124 2957 1236 3009 τῶν
1259 2955 1462 3010 εὐθέων
1489 2957 1992 3025 κατῳκισθήσεται,
2028 2956 2257 3025 μηδενὸς
2282 2957 2391 3006 τῶν
2420 2958 2478 3008 ὲν
2508 2957 2622 3020 τοῖς
2653 2952 2776 3010 οὖσι
2818 2954 3304 3027 περιδομὸοῦντος,
3339 2954 3371 3022 ἢ
3405 2955 3620 3008 σαίνον-

368 3082 460 3127 τος
488 3061 707 3124 αὐτούς.

433 3137 550 3208 μη’.
591 3136 958 3205 Ἐπαγγελίας
1011 3136 1084 3206 γῆ
1118 3136 1353 3207 ὲστιν,ἡ
1405 3134 1668 3199 ἀπάθεια,
1707 3132 1827 3185 καθ’
1873 3131 1939 3201 ἢν

361 3228 654 3292 ἀναϐλύζει
705 3229 827 3298 μέλι
886 3229 980 3282 καὶ
1031 3228 1195 3296 γάλα,
1231 3230 1264 3300 ἡ
1308 3229 1618 3300 εὐφροσύνη
1656 3227 1750 3281 τοῦ
1777 3223 1936 3281 πνεύ-

365 3342 556 3393 ματος.
1582 3330 1587 3333 ’

437 3414 544 3484 μθ’.
609 3414 784 3480 Λόγον
815 3413 864 3466 οἱ
902 3412 1051 3480 ἅγιοι
1083 3413 1140 3464 ὲν
1189 3411 1445 3481 ἀλλήλοις
1475 3411 1533 3464 ἐν
1579 3411 1658 3481 τῷ
1695 3411 1942 3481 μέλλοντι

364 3505 692 3575 φθέγγονται
715 3504 988 3571 μυστικῶς
1017 3503 1106 3556 τὸν
1155 3502 1483 3564 ἐνδιάθετον,
1515 3503 1572 3554 ὲν
1611 3504 1752 3571 ἁγίῳ
1774 3503 1913 3556 Ῐινεύ

369 3615 501 3668 ματι
536 3597 636 3662 ἐκεῖ
647 3594 784 3647 ωνού
795 3613 976 3664 μενον.

434 3696 495 3744 ν’.
538 3689 664 3742 Ἐὰν
721 3688 795 3758 μὴ
838 3689 1055 3758 γνῶμεν
1091 3688 1237 3750 οἴους
1266 3688 1417 3757 ἡμᾶς
1443 3687 1700 3756 ἐποίησεν
1731 3686 1759 3737 ὁ
1789 3686 1944 3752 Θεὸς,

364 3782 464 3835 ούκ
487 3781 908 3851 ὲπιγνωσὸμεθα
930 3781 1072 3844 οἴους
1097 3779 1353 3848 ἐποίησεν
1383 3780 1414 3848 ὴ
1447 3777 1711 3848 ἁμαρτία.

436 3881 540 3929 να’.
596 3871 735 3927 Ἶσοι
787 3874 928 3927 κατὰ
975 3859 1073 3943 τὴν
1129 3872 1347 3943 ἡλικίαν
1399 3872 1537 3924 εἰσὶν
1559 3872 1617 3922 ἐν
1649 3871 1944 3941 πνεύματι,

369 3973 484 4024 ὅσοι
514 3970 574 4023 τὸ
602 3971 880 4042 πλήρωμα
930 3968 1029 4038 τῆς
1059 3968 1154 4020 τοῦ
1207 3964 1444 4036 Χριστοῦ
1483 3963 1823 4034 τελειότητος
1850 3966 1949 4018 ἀπ’

367 4063 616 4118 ἐντεῦθεν
639 4062 944 4131 εἰλήφασιν.

441 4154 540 4222 νβ’.
577 4147 678 4205 Ὧν
703 4152 751 4204 οἱ
786 4151 960 4208 πόνοι,
991 4146 1197 4199 τούτων
1228 4145 1281 4198 αἱ
1315 4145 1562 4215 ἀμοιϐαίο
1590 4146 1651 4199 τὸ
1679 4144 1842 4198 ποσὸν
1865 4144 1944 4209 δὲ,

370 4246 490 4316 ῆτὺ
546 4245 732 4304 ποιὸν,
791 4240 1038 4293 τουτέστι
1090 4237 1150 4290 τὸ
1203 4238 1400 4306 μέτρον
1455 4239 1636 4291 ὁποῖόν
1691 4240 1860 4299 ἐστιν,
1911 4238 1944 4306 ἡ

367 4336 542 4402 τάξις,
600 4332 1108 4404 καίήκατάστασις
1164 4331 1343 4382 ἐκεῖσε
1391 4329 1478 4383 διὰ
1539 4328 1641 4400 τῆς
1713 4329 1948 4400 μετοχῆς

367 4428 627 4482 δείκνυσι.

441 4521 544 4587 νγ’.
576 4519 739 4581 Νόες,
796 4516 1080 4569 τουτέστιν
1127 4513 1425 4582 ἰσάγγελοι,
1487 4515 1673 4584 φησὶν,
1733 4514 1949 4570 ἔσονται

369 4613 418 4665 οἱ
449 4611 555 4665 υἱοὶ
603 4610 703 4679 τῆς
746 4608 1098 4669 ἀναστάσεως
1136 4606 1228 4660 τοῦ
1275 4605 1534 4676 Χριστοῦ,
1566 4609 1632 4678 τῇ
1665 4606 1948 4679 ἀφθαρσίᾳ

369 4706 462 4756 καὶ
489 4701 682 4756 θεὼσει
713 4701 762 4752 οἰ
794 4699 960 4766 ἆγιοι.

441 4793 537 4848 νδ’.
587 4793 676 4846 Ἐν
721 4790 799 4861 τῷ
864 4790 1114 4861 μέλλοντι
1155 4789 1205 4842 οἱ
1252 4787 1475 4858 ἄγγελοι
1523 4790 1616 4843 καὶ
1681 4791 1728 4843 οἱ
1777 4790 1946 4858 ἅγιοι,

373 4887 531 4956 φασὶ,
572 4885 977 4955 προκόπτοντες
1014 4883 1072 4935 ἐν
1101 4884 1165 4952 τῇ
1218 4880 1326 4936 τῶν
1383 4883 1741 4952 χαρισμάτων
1787 4901 1950 4955 προσ-

370 4981 518 5050 θήκη
547 4978 806 5031 οὐδέποτε
849 4974 1128 5043 λήξουσιν,
1154 4974 1187 5043 ἢ
1218 4974 1529 5039 ἐνδώσουσι,
1589 4974 1696 5026 τῶν
1724 4975 1948 5042 ἀγαθῶν

371 5072 583 5139 egerat;
636 5070 886 5140 ἔχοντες·
923 5070 1118 5137 ὕφεσιν
1165 5067 1298 5137 γὰρ,
1337 5065 1369 5135 ἢ
1410 5067 1633 5135 μείωσιν
1689 5067 1796 5120 ἀπὸ
1849 5068 1950 5137 τῆς

367 5166 574 5236 ἀρετῆς
606 5166 698 5216 ἐπὶ
725 5163 925 5217 κακίαν
958 5164 1162 5221 ἐκεῖνος
1186 5165 1288 5212 οὐκ
1316 5159 1426 5228 ἔχει
1450 5161 1475 5212 ὁ
1505 5159 1663 5211 αἰών.

438 5255 530 5308 νε’.
547 5255 764 5306 Τέλειον
788 5252 956 5322 ἄνδρα
981 5254 1203 5320 νόμισον
1223 5244 1361 5303 εἶναι
1380 5249 1599 5316 νῦν,τὺν
1625 5251 1722 5322 τὴν
1755 5254 1952 5324 ὁμοίω-

368 5366 454 5400 σιν
477 5347 584 5399 τῶν
613 5345 708 5398 τοῦ
732 5343 971 5415 Χριστοῦ
1008 5343 1454 5415 μεθηλικιὼσεων
1480 5345 1760 5415 εἰληφότα,
1793 5339 1865 5411 ὡς
1893 5349 1950 5400 ὲν

365 5436 670 5508 ὰρῥαὸὦνι,
697 5435 788 5488 τὸν
818 5434 875 5487 δὲ
907 5437 966 5487 ὲν
1019 5435 1097 5505 τῷ
1152 5435 1400 5506 μέλλοντι
1434 5437 1640 5491 τέλειον
1674 5438 1952 5493 δείκνυσιν

366 5533 400 5600 ἡ
438 5526 822 5596 τῆς-εθεὼσεως
849 5526 1100 5597 δύναμις.

485 5669 655 5727 lCor.
688 5687 778 5739 xv,
809 5674 900 5728 ιι.

2118 3147 2206 3203 48.
2263 3143 2460 3198 Sancta
2512 3131 2889 3208 promissionis
2946 3138 3092 3186 terra
3156 3135 3241 3182 est
3293 3121 3609 3194 passionum

2043 3241 2389 3304 immunitas,
2425 3239 2480 3292 in
2501 3249 2606 3305 qua
2636 3232 2795 3287 melle
2824 3238 2878 3283 et
2909 3229 3052 3282 lacte
3096 3231 3270 3280 scatet
3321 3216 3610 3290 prudentia

2043 3337 2286 3406 spiritus.

2113 3428 2204 3483 49.
2243 3425 2302 3479 ln
2351 3422 2492 3476 cmlo
2538 3417 2710 3472 sancti
2747 3416 2892 3469 inter
2941 3427 3000 3464 se
3033 3407 3289 3479 mysticos
3335 3417 3401 3456 ex
3444 3399 3615 3453 abun-

2046 3518 2227 3573 dantia
2285 3513 2466 3568 cordis
2502 3521 2780 3566 sermones
2814 3504 3038 3566 habent,
3070 3501 3126 3553 in
3161 3495 3364 3566 Spiritu
3424 3500 3614 3546 sancto

2045 3613 2416 3676 colloquentes

2118 3672 2217 3755 50.-
2236 3699 2290 3752 Si
2321 3695 2628 3750 nesciamus
2655 3688 2843 3758 quales
2871 3700 2970 3739 uos
3006 3679 3191 3738 fecerit
3215 3678 3378 3741 Deus,
3408 3672 3627 3728 nescie-

2049 3809 2167 3847 mus
2204 3791 2394 3858 quales
2423 3801 2522 3840 nos
2553 3783 2740 3837 fecerit
2765 3786 3070 3848 peccatum.

2119 3886 2206 3938 5|.
2241 3881 2562 3936 Eﬂieiuutur
2582 3873 2816 3941 a-quales
2836 3881 2995 3923 aetate
3031 3867 3084 3919 in
3118 3862 3338 3929 spiritu,
3368 3859 3615 3929 quicum-

2046 3993 2152 4047 que
2183 3971 2570 4045 plenitudinem
2615 3960 2968 4038 perfectionis
3008 3957 3213 4014 Christi
3243 3967 3386 4007 nunc
3434 3948 3610 4017 adepti

2048 4079 2201 4126 sunt.

2124 4163 2214 4217 52.
2247 4159 2348 4212 Tot
2378 4153 2593 4222 praemia
2625 4157 2757 4220 quot
2808 4146 3023 4200 labores
3061 4158 3076 4196 :
3115 4136 3388 4208 quantitas
3437 4141 3612 4184 autetu

2052 4264 2105 4311 et
2127 4252 2382 4322 qualitas,
2425 4246 2478 4301 id
2529 4252 2633 4309 est,
2679 4250 2930 4294 mensura
2985 4245 3235 4305 quasnam
3266 4227 3357 4290 sit,
3385 4224 3518 4279 ordo
3560 4231 3615 4277 et

2056 4326 2231 4402 status
2267 4338 2508 4397 cmlestis
2543 4331 2906 4406 possessionis
2938 4325 3195 4383 ostendit.

2128 4515 2216 4569 5⁸5.
2246 4514 2418 4567 Erunt
2466 4511 2714 4580 spiritus.
2774 4508 2828 4563 id
2878 4518 2982 4571 est,
3030 4505 3234 4575 angelis
3279 4504 3504 4564 similes,
3563 4511 3620 4555 ut

2051 4607 2310 4674 scriptum
2341 4613 2448 4666 est,
2477 4603 2568 4656 ﬁlii
2599 4599 3015 4655 resurrectionis
3045 4597 3271 4659 Christi,
3315 4611 3407 4650 seu
3441 4595 3622 4649 incor-

2049 4697 2340 4768 ruptibiles
2366 4695 2704 4760 deificatiqne
2733 4692 2927 4745 sancti.

2125 4787 2216 4842 54.
2249 4787 2400 4840 Tunc
2436 4785 2488 4838 in
2545 4783 2725 4836 futuro
2781 4779 2985 4832 s:eenlo
3017 4778 3194 4845 angeli
3245 4788 3296 4830 et
3333 4778 3524 4842 sancti,
3567 4787 3626 4830 nt

2055 4881 2276 4942 dicitur,
2309 4877 2572 4946 proﬁcere
2603 4873 2656 4925 in
2687 4872 2985 4941 gratiarum
3022 4878 3314 4938 augmento
3347 4886 3449 4923 non
3481 4871 3625 4925 desi-

2057 4980 2190 5026 nent
2222 4980 2314 5023 ant
2370 4967 2685 5028 cessabunt,
2739 4979 2837 5018 nec
2886 4979 2916 5018 a
2968 4962 3113 5016 bono
3167 4962 3455 5026 deficient;
3499 4975 3622 5014 nam

2057 5066 2268 5134 lapsum
2313 5070 2405 5114 aut
2453 5059 2859 5111 deerementnm
2890 5070 2918 5108 a
2963 5065 3113 5109 recto
3149 5054 3200 5107 in
3235 5055 3473 5108 deterius
3538 5054 3624 5106 illa

2059 5158 2170 5212 vita
2198 5169 2305 5206 non
2345 5153 2566 5218 patitur.

2128 5246 2216 5300 55.
2267 5244 2514 5312 lntellige
2554 5239 2854 5309 perfectum
2904 5254 3046 5294 nunc
3098 5254 3219 5294 esse
3272 5239 3471 5300 virum,
3505 5237 3624 5304 'qui

2053 5335 2462 5390 similitudinem
2535 5334 2992 5386 incrementorum
3057 5330 3256 5384 Christi
3312 5329 3464 5396 quasi
3541 5331 3624 5396 pi-

2052 5440 2188 5493 gnus
2216 5427 2446 5492 adeptus
2475 5431 2589 5483 est;
2621 5421 2672 5474 in
2694 5420 2877 5474 futuro
2891 5426 3069 5473 autem
3105 5417 3304 5472 saeculo
3323 5415 3620 5484 perfectum

2053 5516 2233 5572 reddit
2260 5514 2437 5570 virtus
2465 5511 2680 5568 deities.
