3994 6206
374 267 512 334 1255

445 384 534 439 56.
567 382 1044 438 Aerommodatam
1079 381 1145 433 ad
1186 392 1341 431 suam
1378 388 1525 430 cum'
1550 375 1656 431 Deo
1693 376 1943 429 similitu-

374 479 554 532 dinem
586 486 638 529 et
679 476 746 530 ad
795 489 891 531 sua
925 473 1112 528 merita
1144 471 1196 526 io
1235 471 1419 524 futuro
1468 469 1677 524 saeculo
1725 467 1944 521 habebit

378 566 798 629 deitirationem,
830 565 921 632 qui
962 577 1104 617 nunc
1140 562 1338 616 virtute
1366 576 1460 628 per
1505 561 1732 629 spiritus
1769 560 1946 614 incre-

376 668 554 711 menta
585 667 666 710 est
690 655 984 723 perfectus.

447 749 534 802 57.
565 747 708 802 Mera
740 747 910 816 gloria
943 760 1064 800 esse
1089 745 1290 800 dicitur
1316 744 1565 811 scientia,
1587 745 1673 798 vel
1707 756 1951 798 Contem-

377 842 543 906 platio
570 838 893 902 spiritualis,
929 837 1011 891 vel
1041 845 1294 890 accurata
1327 837 1640 906 dogmatum
1673 835 1867 891 notitia
1897 846 1951 890 et

376 947 518 986 verae
547 932 671 986 fidei
697 931 957 1000 cognitio.

450 1025 538 1079 58.
589 1026 799 1078 Dicitur
820 1026 1020 1080 mentis
1053 1039 1336 1087 excessus,
1370 1024 1603 1078 clevatio
1631 1032 1950 1079 cunctarum

379 1119 574 1171 anima:
598 1119 792 1172 virium
815 1120 881 1171 ad
926 1117 1171 1185 cognitas
1211 1121 1475 1183 supreniae
1501 1117 1794 1186 Maiestatis
1825 1131 1951 1184 pro-

381 1211 658 1277 pria-tates;
683 1211 763 1264 vel
790 1211 988 1265 iterum
1011 1225 1269 1264 excessus
1288 1210 1374 1263 ille
1387 1213 1466 1262 est
1489 1223 1621 1276 pura
1645 1219 1698 1261 et
1716 1207 1952 1277 perfecta

381 1303 446 1354 ad
477 1302 748 1356 infinitam
772 1302 954 1371 gloria:
975 1301 1150 1355 lucem
1182 1301 1430 1355 attentio.
1451 1300 1950 1362 Exstasisveroest,

383 1411 487 1450 non
532 1397 690 1451 modo
752 1396 1067 1450 facultatum
1129 1395 1323 1449 animae
1368 1396 1434 1448 ad
1481 1394 1678 1448 cmlum
1736 1403 1950 1463 raptus,

383 1489 477 1542 sed
532 1497 584 1541 et
621 1489 688 1542 ab
737 1489 882 1540 omni
939 1502 1100 1540 sensu
1151 1487 1468 1542 abstractio.
1506 1485 1711 1555 Duplex
1771 1492 1952 1539 autem

385 1593 540 1631 amor
579 1578 884 1633 exstaticus
942 1578 1194 1648 spiritum
1246 1578 1471 1635 inebriat
1520 1587 1575 1633 et
1627 1577 1954 1634 desiderium

385 1681 696 1738 exsuperat.

456 1845 545 1900 59.
590 1847 850 1901 Exstatici
885 1848 1113 1914 spiritus
1144 1861 1362 1900 amores
1395 1847 1612 1916 proprie
1644 1848 1756 1901 duo
1807 1855 1956 1910 sunt,

387 1951 580 2005 nempe
615 1938 868 1991 corclialis
890 1949 943 1992 et
981 1939 1300 2004 exstaticus,
1339 1954 1354 1992 :
1391 1954 1534 1992 ttnus
1578 1939 1645 1993 iis
1701 1939 1959 2006 competit

389 2030 481 2095 qui
513 2029 688 2082 adhuc
716 2038 839 2085 sunt
875 2030 1189 2094 illuminati,
1221 2030 1359 2084 alter
1383 2032 1448 2084 iis
1495 2031 1590 2098 qui
1621 2043 1748 2084 sunt
1777 2029 1960 2084 chari-

397 2129 507 2172 tate
531 2119 778 2186 perfecti.
807 2119 980 2174 Ambo
1011 2134 1192 2174 autem
1239 2122 1478 2175 animum
1507 2122 1561 2174 in
1596 2138 1704 2188 quo
1731 2135 1961 2190 Oper-an-

391 2219 501 2273 tur,
531 2226 560 2262 a
588 2213 836 2265 sensibus
865 2224 1090 2266 avocant
1117 2228 1134 2264 ι
1167 2212 1383 2267 divinus
1411 2214 1678 2282 siquidem
1704 2229 1856 2265 amor
1877 2222 1962 2267 est

389 2303 614 2369 spiritus
682 2303 920 2359 ebrietas
997 2306 1270 2359 naturales
1323 2304 1594 2373 cogitatus
1653 2304 1719 2358 ad
1769 2305 1962 2359 melius

389 2393 621 2450 efferens
655 2405 708 2450 et
736 2411 994 2452 sensuum
1025 2397 1243 2451 habitus
1271 2395 1542 2450 auferens.

461 2576 552 2631 60.
580 2577 978 2644 Cogitatiouum
1012 2577 1340 2645 principium
1373 2585 1429 2632 et
1449 2591 1613 2630 causa
1644 2585 1729 2631 est
1761 2588 1961 2629 memo-

393 2671 471 2723 ria
499 2684 514 2726 :
549 2682 690 2736 quae,
719 2684 824 2721 una
853 2678 907 2722 et
937 2669 1189 2737 simplex,
1225 2668 1464 2722 hominis
1492 2677 1717 2735 peccato
1748 2667 1960 2721 discer-

395 2770 483 2826 pta
527 2770 632 2822 est,
675 2759 880 2828 Deique
925 2761 1109 2813 amisit
1152 2759 1690 2822 recordationent,el
1720 2760 1857 2814 facta
1899 2774 1966 2814 ex

397 2849 644 2916 simplice
683 2848 964 2918 complexa
998 2864 1064 2904 ex
1107 2864 1322 2918 unaque
1362 2851 1562 2916 divisa,
1600 2851 1836 2919 propriis
1864 2866 1963 2905 nu-

395 2941 518 2995 data
549 2951 631 2995 est
659 2941 893 2996 viribus.
933 2947 938 2952 ’

1619 258 2002 322 GREGORII
2044 255 2380 320 SINAIT/E

3477 251 3620 313 1236

2114 381 2383 448 νςι,·ἰσην
2407 378 2516 449 ἔχει
2547 381 2677 448 πρὸς
2700 383 2787 434 τὸν
2808 382 3070 452 ὁμοειδεῖς
3091 387 3182 440 καὶ
3213 388 3307 458 τὴν
3331 391 3484 458 ἀξίαν
3517 397 3612 468 τὴν

2045 471 2239 527 θέωσιν
2267 473 2325 523 ὲν
2350 473 2429 543 τῷ
2472 473 2738 542 μέλλοντι,
2761 474 2791 526 ὁ
2829 477 2928 545 τὴν
2956 479 3163 551 ἀρετὴν
3190 483 3444 540 ἐντεῦθεν
3473 494 3611 562 πρὸς

2043 563 2142 625 τὰς
2173 562 2590 632 μεθηλικιώσεις
2622 563 2716 617 τοῦ
2747 567 3058 638 πνεύματος
3078 571 3301 637 τέλειος.

2119 744 2217 810 νζ’.
2250 743 2420 810 Δόξαν
2456 742 2632 811 ἀληθῆ
2685 741 2784 811 τὴν
2811 740 3031 808 γνῶσιν,
3067 741 3098 812 ἢ
3127 740 3225 813 τὴν
3258 741 3492 813 θεωρίαν
3521 745 3620 798 τοῦ

2047 837 2358 905 πνεύματος
2387 836 2634 902 λέγουσιν
2673 830 2832 896 εἶναι,
2863 833 2895 903 ἢ
2922 833 3015 886 καὶ
3072 833 3172 903 τὴν
3194 835 3303 886 τῶν
3331 835 3622 907 δογμάτων

2047 929 2247 1000 ἀκριϐῆ
2265 929 2572 996 διάγνωσιν,
2603 929 2839 990 πίστεως
2869 926 3127 994 ἀληθινῆς
3160 927 3474 992 ἐπίγνωσιν.

2120 1018 2539 1089 νη’.”Εκπληξίς
2573 1020 2720 1070 ἐστιν
2747 1019 2884 1088 πρὸς
2917 1018 2983 1070 τὰ
3010 1017 3404 1086 ἐπεγνωσμένα
3431 1035 3487 1070 τε
3525 1021 3622 1072 καὶ

2051 1109 2304 1180 ἡνωμένα
2352 1108 2452 1176 τῆς
2511 1107 2959 1177 μεγαλοπρεποῦς
2992 1107 3150 1174 δόξης
3176 1109 3285 1160 τῶν
3316 1109 3418 1176 τῆς
3445 1109 3626 1178 ψυχῆς

2053 1199 2334 1269 δυνάμεων
2397 1199 2553 1269 ὁλικὴ
2600 1199 2913 1268 ἔπαρσιςοῆ
2949 1198 3133 1265 πάλιν,
3188 1199 3450 1268 ἔκπληξίς
3473 1203 3626 1254 ἐστιν

2053 1291 2086 1359 ἡ
2113 1289 2330 1360 καθαρὰ
2360 1291 2455 1342 καὶ
2510 1289 2802 1358 ὁλόκληρος
2838 1290 2974 1358 πρὸς
2995 1289 3095 1358 τὴν
3130 1291 3187 1342 ὲν
3218 1292 3358 1356 φωτὶ
3391 1290 3625 1360 ἄπειρον

2053 1382 2280 1452 δύναμιν
2332 1382 2616 1443 άνάτασις.
2654 1382 2954 1444 Ἔκστασις
3023 1381 3079 1432 δὲ
3103 1382 3165 1433 οὐ
3187 1382 3348 1450 μόνον
3376 1382 3486 1434 τῶν
3526 1383 3626 1452 τῆς

2053 1473 2229 1543 ψυχῆς
2281 1473 2561 1543 δυνάμεων
2617 1473 2755 1542 πρὸς
2801 1473 3031 1540 οὐρανὸν
3072 1473 3317 1540 ἁρπαγὴ,
3363 1473 3500 1525 ἀλλὰ
3532 1475 3630 1526 καὶ

2053 1565 2225 1629 αὐτῆς
2287 1565 2388 1635 τῆς
2447 1565 2752 1634 αἰσθήσεως
2800 1565 2998 1627 ὁλικῶς
3056 1565 3313 1625 ἔκστασις
3343 1583 3356 1595 ο
3403 1565 3542 1634 ἔρως
3571 1567 3630 1619 δὲ

2052 1657 2082 1710 ὁ
2112 1655 2306 1721 διττὸς,
2340 1657 2373 1725 ἡ
2410 1655 2510 1726 τῆς
2565 1656 2804 1724 ἐφέσεως
2833 1655 3088 1726 νικητικὴ
3123 1654 3265 1724 μέθη
3321 1655 3418 1708 τοῦ
3454 1660 3627 1708 πνεύδ

1986 1741 2026 1796 Β
2059 1765 2245 1820 ματος.

2136 1841 2224 1896 νϐ’.
2281 1841 2503 1912 Κυρίως
2565 1840 2676 1893 δύω
2727 1841 2864 1893 εἰσὶν
2899 1841 2958 1893 ὲν
2986 1841 3252 1912 πνεύματι
3315 1833 3631 1894 ἐκστατικοὶ

2061 1933 2282 2002 ἔρωτες,
2309 1937 2338 1988 ὁ
2358 1933 2666 2003 ὲγκάρδιος,
2698 1934 2794 1984 καὶ
2831 1933 2859 1984 ὁ
2887 1933 3232 1996 ἐκστατικός.
3271 1932 3333 1985 'O
3386 1934 3486 2003 μὲν
3519 1934 3630 2003 γὰρ

2059 2024 2167 2077 τῶν
2194 2023 2274 2077 ἔτι
2323 2023 2713 2094 φωτιζομένων
2751 2025 2918 2088 ἐστὶν,
2951 2025 2980 2075 ὁ
3014 2024 3092 2088 δὲ,
3116 2025 3223 2079 τῶν
3255 2026 3313 2076 ὲν
3341 2028 3408 2095 τῇ
3442 2027 3628 2095 ἀγάπῃ

2056 2114 2452 2169 τελειωθέντων
2505 2132 2519 2146 ·
2589 2116 2895 2185 ἀμφότεροι
2949 2115 3006 2168 δὲ
3061 2115 3154 2168 τὸν
3233 2115 3630 2184 ὲνεργούμενον

2058 2205 2206 2270 νοῦν,
2236 2207 2336 2276 τῆς
2372 2207 2682 2274 αἰσθήσεως
2713 2207 3089 2259 ἐκϐάλλουσιν·
3119 2207 3280 2276 εῐπερ
3307 2207 3450 2277 ἔρως
3491 2207 3632 2269 θεῖός

2059 2299 2197 2362 ἐστι,
2253 2297 2394 2368 μέθη
2421 2298 2557 2369 πρὸς
2591 2299 2649 2352 τὸ
2701 2302 2951 2370 κρεῖττον
2975 2299 3086 2352 τῶν
3115 2302 3258 2352 κατὰ
3288 2300 3455 2367 φύσιν
3495 2317 3630 2369 φρει

2057 2388 2185 2449 νῶν,
2214 2388 2308 2441 τοῦ
2369 2389 2705 2458 πνεύματος,
2749 2390 2816 2444 δι’
2842 2386 2910 2463 ἦς
2933 2391 3026 2444 καὶ
3052 2391 3084 2462 ἡ
3108 2392 3357 2462 αἴσθησις
3379 2393 3635 2462 ἀφαιρεί-

2057 2495 2148 2532 ται
2174 2479 2284 2532 τῶν
2319 2479 2576 2550 σχέσεων.

2131 2569 2194 2636 ξ’.
2235 2571 2404 2642 Ἀρχὴ
2429 2574 2537 2625 τῶν
2583 2573 2880 2643 λογισμῶν.
2907 2575 3003 2628 καὶ
3025 2574 3194 2640 αίτία,
3223 2577 3254 2641 ὴ
3291 2574 3636 2644 διαιρεθεῖσα

2060 2662 2298 2734 ὲνοειδὴς
2356 2665 2445 2717 διὰ
2489 2667 2589 2734 τῆς
2622 2666 2985 2736 παραϐάσεως
3019 2667 3114 2720 τοῦ
3155 2666 3444 2737 ἀνθρώπου
3483 2668 3635 2736 ἁπλῆ

2063 2754 2273 2823 μνήμη,
2324 2755 2392 2808 δι’
2426 2750 2494 2827 ἦς
2542 2757 2638 2809 καὶ
2688 2757 2790 2819 τὴν
2822 2757 2970 2810 θείαν
3003 2757 3276 2825 ἀπώλεσε,
3296 2758 3551 2822 σύνθετος
3574 2759 3634 2824 ἐξ

2060 2841 2234 2895 ἁπλοῦ
2283 2844 2377 2896 καὶ
2432 2843 2652 2914 ποικίλη
2711 2845 2775 2898 ἑκ
2808 2846 3138 2915 μονοειδοῦς,
3198 2849 3320 2912 ταῖς
3393 2849 3631 2914 οἰκείαις

2059 2936 2325 3005 δυνάμεσι
2355 2943 2615 3007 γεγονυῖα
2645 2939 2868 2994 ὥλλετο.

465 3031 557 3084 61.
585 3031 816 3100 Originis
841 3033 996 3087 istius
1011 3047 1295 3101 pravarum
1319 3033 1734 3103 cogitationum,
1758 3031 1962 3088 scilicet

2133 3046 2233 3112 ξαν.
2260 3049 2430 3114 Ἰασίς
2477 3051 2593 3106 ἐστι
2642 3053 2740 3123 τῆς
2777 3055 3073 3125 ἀρχεγόνου
3123 3057 3368 3128 μνήμης,
3398 3058 3507 3112 άπὸ
3531 3060 3632 3129 τῆς

395 3125 672 3176 memoria:
701 3125 1000 3178 remedium
1031 3137 1112 3180 est
1145 3127 1350 3180 reditus
1391 3127 1460 3181 ad
1513 3126 1795 3194 pristinam
1848 3125 1967 3196 ejus

396 3213 824 3279 simplicitatem.
856 3213 989 3267 Nam
1039 3217 1459 3270 instrumentum
1491 3215 1746 3283 nequitiae
1778 3215 1968 3270 inobe-

397 3304 624 3368 dientia,
655 3319 761 3357 non
805 3304 982 3359 solum
1019 3305 1072 3360 in
1128 3306 1307 3360 anima
1347 3307 1647 3377 simplicem
1679 3306 1802 3360 boui
1857 3321 1971 3363 me-

401 3394 627 3447 moriam
665 3395 872 3460 infecit,
904 3397 997 3450 sed
1033 3405 1087 3451 et
1114 3413 1303 3452 omnes
1352 3401 1597 3468 corrupit
1639 3399 1759 3467 ejus
1801 3399 1966 3464 vires,

398 3489 671 3542 naturales
697 3488 818 3556 ejus
865 3489 930 3543 ad
961 3492 1215 3544 virtutem
1268 3500 1449 3545 motus
1481 3493 1869 3560 comprimens.
1898 3492 1968 3547 At

401 3581 547 3633 illam
584 3582 899 3636 memoriam
926 3593 1084 3636 sanat
1113 3586 1265 3638 firme
1294 3583 1402 3638 Deo
1431 3584 1692 3638 memoria
1721 3599 1814 3652 per
1846 3599 1967 3637 ora-

401 3676 598 3728 tionem
641 3676 948 3740 atlha-rens,
981 3685 1036 3731 et
1069 3692 1097 3729 a
1158 3677 1494 3731 naturalibus
1527 3677 1595 3732 ad
1647 3687 1967 3746 supernatu-

400 3767 532 3820 ralia
557 3769 866 3834 deflectens,
907 3781 1070 3838 atque
1108 3769 1319 3838 spiritui
1357 3769 1530 3824 unita.

468 3940 560 3994 6‘2.
603 3939 952 3996 Generantur
985 3943 1112 3997 vitia
1157 3944 1315 3996 malis
1369 3944 1620 4009 actibus;
1655 3953 1711 3998 et
1762 3946 1961 4011 cogita.

402 4031 599 4096 tiones,
659 4034 849 4094 vitiis;
915 4045 970 4087 et
1035 4035 1348 4103 imaginatio
1404 4036 1870 4106 cogitationibus;
1915 4050 1966 4089 et

401 4123 555 4183 idem.
587 4125 886 4190 memoria;
919 4135 975 4178 et
1003 4126 1288 4188 memoria,
1320 4125 1706 4192 oblivione;et
1744 4129 1968 4188 oblivio.

402 4211 738 4277 ignorantia;
767 4220 822 4266 et
855 4214 1182 4281 ignorantia,
1205 4215 1420 4284 pigritie
1445 4232 1462 4283 ;
1495 4226 1549 4270 et
1574 4218 1846 4287 pigritiem
1873 4235 1965 4286 pa.

400 4303 472 4354 rit
517 4304 976 4369 concupiscentiae
1013 4306 1320 4372 appetitus;
1357 4317 1412 4360 et
1463 4310 1738 4376 appetitus
1800 4310 1966 4378 gignit

401 4395 773 4448 inclinationis
833 4407 1045 4458 motus;
1095 4406 1147 4450 et
1182 4405 1360 4451 motus
1394 4410 1566 4452 mater
1608 4409 1690 4453 est
1730 4402 1966 4469 practica
2000 4417 2025 4470 ι

397 4485 677 4550 operatio;
710 4496 764 4539 et
798 4487 978 4553 praxis
1028 4498 1114 4541 est
1178 4487 1554 4546 irrationabile
1599 4491 1724 4546 mali
1757 4491 1971 4547 deside-

402 4576 562 4640 rium,
591 4586 642 4630 el
670 4579 1008 4632 sensibilium
1039 4595 1409 4652 sensuumque
1445 4583 1692 4639 affectus.

471 4666 561 4721 63.
609 4667 662 4720 In
704 4671 950 4724 rationali
987 4683 1141 4740 parte
1167 4684 1296 4729 sunt
1319 4677 1714 4742 cogitationes;
1753 4678 1804 4732 in
1839 4678 1972 4732 iras-

399 4758 570 4824 cibili,
606 4760 731 4814 ferae
777 4764 1094 4830 passiones;
1134 4765 1184 4818 in
1242 4768 1685 4835 concupiscibili,
1730 4771 1973 4826 bestialis

403 4851 682 4917 appetitus
721 4853 1016 4920 memoria;
1053 4854 1104 4907 in
1140 4858 1359 4926 spiritu,
1392 4858 1833 4924 pbantasmatum
1864 4860 1972 4914 for:

401 4953 538 5006 mas;
569 4939 623 4994 in
659 4941 956 5009 intellectu,
989 4945 1121 5000 ideae
1159 4947 1412 5001 oriuntur
1442 4956 1498 5000 et
1532 4957 1857 5017 operantur.

468 5223 561 5277 6.5.
617 5220 861 5275 Torrens
923 5220 1184 5274 malarum
1251 5219 1640 5289 cogitationum
1693 5228 1777 5274 est
1817 5219 1969 5277 velut

399 5315 574 5368 amnis
606 5312 656 5366 in
688 5328 848 5382 quem
887 5311 1143 5366 influente
1173 5322 1229 5366 et
1257 5313 1564 5366 confluente
1593 5321 1816 5380 peccato
1845 5327 1972 5383 pro-

400 5405 634 5460 cellosus
661 5405 720 5459 fit
752 5413 916 5460 aestus
946 5404 1038 5474 qui
1062 5419 1159 5460 cor
1191 5403 1397 5460 obruit.

475 5583 564 5638 65.
598 5582 793 5654 Abyssi
830 5582 1015 5636 limum
1041 5582 1283 5652 intellige
1314 5584 1579 5639 lubricam
1613 5583 1972 5655 voluptatem,

411 5676 506 5729 aut
539 5676 913 5732 furuit-ationis
958 5687 1190 5743 stercus,
1226 5686 1318 5728 aut
1376 5676 1740 5730 materialium
1793 5691 1972 5732 rerum

410 5766 778 5833 amictionem,
803 5769 1000 5836 quibus
1038 5779 1256 5836 gravata
1288 5768 1482 5822 vitiosa
1519 5783 1676 5820 tuens
1710 5767 1763 5821 in
1814 5769 1970 5836 abys-

2061 3142 2303 3210 πονηρᾶς
2327 3142 2433 3193 τῶν
2465 3143 2738 3214 λογισμῶν
2779 3146 3133 3216 ὀλεθροτόκου
3167 3151 3407 3218 μνήμης,
3431 3151 3465 3219 ἡ
3494 3152 3631 3221 πρὸς

2061 3233 2122 3285 τὸ
2151 3233 2378 3304 ἀρχαῖον
2432 3234 2638 3288 ἁπλοῦν
2694 3237 2870 3305 αὐτῆς
2920 3239 3180 3302 ἐπάνοδος
3208 3255 3222 3269 °
3260 3239 3491 3311 ὄργανον
3521 3242 3630 3310 γάρ

2063 3324 2284 3386 κακίας,
2311 3326 2342 3394 ἡ
2373 3326 2646 3396 παρακοὴ,
2679 3327 2739 3380 οὐ
2770 3329 2929 3396 μόνον
2985 3329 3084 3398 τὴν
3121 3330 3220 3398 τῆς
3255 3329 3436 3400 ψυχῆς
3493 3331 3631 3401 πρὸς

2062 3414 2122 3468 τὸ
2142 3414 2347 3481 ἀγαθὸν
2411 3417 2588 3486 ἁπλῆν
2648 3419 2871 3492 μνήμην
2897 3419 3354 3490 ἐδημιούργησεν,
3378 3422 3512 3474 ἀλλὰ
3537 3425 3632 3474 καὶ

2064 3504 2246 3568 πάσας
2303 3507 2402 3568 τὰς
2476 3507 2677 3579 ἑαυτῆς
2717 3509 2982 3580 δυνάμεις
3040 3510 3468 3582 διέφθειρε,τὰς
3490 3515 3633 3565 κατὰ

2065 3596 2230 3664 φύσιν
2301 3598 2515 3665 ὀρέξεις
2569 3600 2706 3670 πρὸς
2767 3602 2968 3672 ἀρετὴν
3007 3603 3377 3673 άμαυρὼσας”
3409 3606 3634 3658 ίᾶταιδὲ

2062 3685 2162 3758 τὴν
2235 3689 2460 3758 μνήμην
2505 3691 2729 3760 κυρίως,
2762 3692 2794 3762 ἡ
2825 3691 2945 3744 θεία
2997 3693 3338 3761 παγιωθείσα
3395 3694 3633 3765 ἔμμονος

2063 3777 2153 3832 διὰ
2193 3780 2503 3850 προσευχῆς
2560 3785 2772 3852 μνήμη,
2821 3781 2931 3836 ἀπὸ
2963 3783 3056 3836 τοῦ
3090 3784 3228 3836 κατὰ
3259 3784 3439 3851 φύσιν,
3476 3789 3636 3848 είςτὺ

2065 3868 2209 3938 ὑπὲρ
2239 3869 2400 3937 φύσιν
2428 3871 2800 3942 άνακραθεῖσα
2831 3873 2908 3942 τῷ
2937 3874 3230 3944 πνεύματι.

2141 3978 2240 4050 ξβ’.
2275 3979 2470 4034 Παθῶν
2503 3981 2603 4049 μὲν
2629 3983 2818 4049 αἰτίαι,
2848 3983 3044 4038 αίκαθ’
3073 3985 3350 4056 άμαρτὲαν
3381 3988 3634 4058 πράξεις·

2063 4073 2341 4143 λογισμῶν
2381 4075 2469 4139 δὲ,
2523 4074 2593 4128 τά
2619 4075 2802 4148 πάθηο
2856 4078 3170 4145 φαντασιῶν
3223 4078 3299 4145 δὲ,
3358 4081 3639 4151 λογισμοπ,

2063 4165 2285 4220 ἐννοιῶν
2309 4165 2388 4232 δὲ,
2458 4168 2649 4239 μνήμη
2684 4182 2700 4199 ⁸
2765 4170 2983 4240 μνήμης
3032 4171 3111 4238 δὲ,
3137 4171 3294 4242 λήθη·
3348 4171 3520 4244 λήθης
3551 4175 3640 4240 δὲ,

2065 4257 2256 4325 ἄγνοια
2312 4261 2646 4328 γεννητρια⁶
2701 4258 2925 4327 ἀγνοίας
2987 4259 3064 4326 δὲ,
3126 4261 3394 4334 ῥᾳθυμίᾳ.
3439 4261 3644 4333 Ῥᾳθυ-

2068 4350 2197 4418 μίαν
2215 4348 2271 4401 δὲ
2295 4350 2494 4414 τίκτει,
2515 4349 2813 4418 ἐπιθυμίας
2841 4351 3023 4420 ὄρεξις
3045 4369 3057 4382 ·
3089 4351 3325 4423 ὀρέξεων
3351 4353 3408 4407 δὲ
3430 4355 3642 4424 μήτηρ,

2063 4439 2274 4511 τροπῆς
2331 4441 2574 4510 κίνησις·
2633 4443 2902 4512 κινήσεως
2936 4443 3015 4506 δὲ,
3047 4443 3300 4512 ἐνέργεια
3344 4443 3600 4514 πράξεως
3623 4463 3638 4476 ·

2065 4531 2259 4602 πρᾶξίς
2283 4533 2341 4586 δέ
2371 4535 2508 4596 ἐστι,
2559 4533 2733 4587 κακοῦ
2764 4534 3047 4602 ἀλόγιστος
3090 4534 3302 4604 ἔφεσις,
3332 4538 3427 4590 καὶ
3463 4537 3643 4592 διάθε-

2064 4637 2149 4686 σις
2178 4622 2474 4694 αἰσθητῶν,
2512 4625 2605 4676 καὶ
2633 4625 2957 4696 αἰσθήσεων.

2134 4715 2233 4782 ξγθ.
2282 4715 2370 4769 Ἔν
2404 4717 2502 4784 μὲν
2553 4716 2632 4787 τῷ
2661 4717 2886 4786 λογικῷ,
2927 4721 2975 4771 οἱ
3009 4719 3260 4791 λογισμοί
3292 4738 3306 4753 °
3343 4725 3401 4776 ὲν
3448 4723 3509 4776 δὲ
3558 4724 3645 4792 τῷ

2061 4805 2300 4876 θυμικῷ,
2340 4807 2410 4859 τὰ
2445 4807 2683 4878 θηριώδη
2726 4809 2907 4879 πάθη·
2953 4812 3010 4862 ὲν
3039 4812 3094 4865 δὲ
3121 4813 3197 4882 τῷ
3233 4809 3642 4883 ἐπιθυμητικιξὶ,

2061 4898 2093 4966 ἠ
2126 4897 2316 4966 μνήμη
2349 4896 2446 4966 τῆς
2503 4897 2808 4967 κτηνώδους
2852 4897 3086 4966 ὀρέξεως
3114 4916 3126 4928 ·
3169 4900 3226 4952 ὲν
3257 4900 3312 4953 δὲ
3336 4901 3413 4970 τῷ
3440 4901 3641 4971 νοερῷ.

2061 4988 2119 5040 αἱ
2151 4991 2529 5056 ’φανταστικαὶ
2578 4987 2892 5060 μορφώσεις
2914 5007 2929 5022 ’
2995 4990 3053 5042 ὲν
3074 4990 3131 5043 δὲ
3159 4990 3234 5060 τῷ
3281 4991 3642 5063 διανοητικῴ,

2057 5079 2114 5132 αἱ
2152 5078 2354 5133 ἔννοιαι
2377 5079 2664 5151 ἐνεργοῦσι
2704 5081 2798 5134 καὶ
2826 5081 3197 5135 άνατέλλουσι.

2133 5192 2221 5260 ξδ’.
2267 5194 2472 5265 Ῥεῦμα
2496 5194 2764 5264 ποτάμιόν
2790 5196 2939 5248 ἐστιν
2974 5197 3008 5266 η
3036 5196 3224 5266 ἔφοδος
3249 5196 3358 5251 τῶν
3380 5197 3646 5268 πονηρῶν

2055 5287 2354 5357 λογισμῶν,
2379 5289 2437 5339 ὲν
2464 5283 2604 5356 οίςή
2639 5285 2937 5357 προσϐολὴ,
3001 5287 3095 5340 καὶ
3142 5287 3262 5357 μεθ’
3324 5282 3393 5358 ἧς
3432 5289 3465 5358 ἡ
3502 5305 3645 5357 συγ-

2057 5377 2350 5440 κατάθεσις
2404 5376 2503 5446 τῆς
2555 5377 2830 5446 ἁμαρτίας
2859 5378 2937 5440 ὡς
2987 5377 3295 5448 πλημμύρα
3350 5395 3645 5448 κυματου-

2062 5467 2196 5538 μένη
2227 5469 2459 5537 γίνεται,
2487 5467 2586 5538 τὴν
2615 5468 2842 5539 καρδίαν
2863 5468 3240 5523 καλύπτουσα.

2130 5577 2222 5644 ξεν.
2263 5578 2402 5630 ’ἰλὺν
2434 5576 2598 5647 βυθοῦ
2632 5577 2741 5630 νόει
2769 5577 2867 5648 τὴν
2898 5578 3174 5649 κάθυγρον
3196 5578 3409 5650 ἡδονὴν,
3450 5579 3484 5651 ἢ
3534 5581 3639 5648 τῆς

2059 5671 2314 5743 πορνείας
2345 5671 2434 5724 τὸν
2485 5671 2768 5742 βόρϐορον,
2809 5671 2841 5742 ἢ
2878 5671 2970 5723 καὶ
2997 5671 3105 5723 τῶν
3134 5671 3338 5724 ὕλικῶν
3359 5674 3635 5741 πραγμά-

2058 5785 2162 5820 των
2217 5766 2315 5832 τὴν
2367 5764 2654 5833 ἀχθηδόνα,
2691 5764 2748 5828 ἐξ
2789 5760 2863 5816 ὧν
2903 5763 3240 5834 βαρούμενος
3293 5766 3321 5817 ὁ
3368 5763 3632 5832 ἐμπαθὴς
