3960 6190
370 286 505 349 1257

1420 277 1691 347 (ΣΑΡΙΤΑ
1730 287 1880 349 PER
1920 266 2571 347 ACROSTICHIDEM.

3487 255 3623 327 123

362 399 512 461 νοῦς,
549 397 631 459 εἰς
672 395 835 464 βυθὸν
890 391 1253 460 ἀπογνώσεως
1313 392 1505 445 ἑαυτὸν
1533 392 1930 457 καταϐαπτιζει

2050 415 2159 453 sum
2199 390 2593 465 desperationis
2653 400 2710 442 se
2741 384 2931 454 mergit
2966 382 3146 451 pravis
3180 370 3623 451 cogitationibus.

358 492 468 544 τοῖς
493 488 794 556 λογισμοῖς.

429 578 537 645 ξς’.
593 577 900 645 Λογισμοὺς
962 576 1223 640 πολλάκις
1280 579 1372 654 καί
1416 578 1543 640 τοὺς
1585 577 1773 645 λόγους
1823 579 1933 630 τῶν

361 671 702 740 πραγμάτων
734 672 765 739 ή
806 670 998 739 Γραφή
1060 670 1306 739 εἴρηκεν,
1343 669 1533 740 ὥσπερ
1568 670 1662 723 καὶ
1688 671 1936 740 νοήματα

361 763 487 826 τοὺς
512 762 723 831 λόγους,
762 761 1002 823 καὶτοὺς
1030 760 1221 829 λόγους
1258 761 1632 831 ἀντιστρόφως
1661 763 1933 831 νοήματα’

361 853 520 907 τοῦτο
545 853 601 906 δὲ
648 852 857 920 γίνεται
917 851 1107 922 ἐπειδὴ
1138 854 1188 922 ,ἡ
1252 852 1469 922 κίνησις
1507 852 1617 904 τῶν
1678 852 1938 904 τοιούτων

363 944 487 997 καθ’
529 943 731 1014 ἑαυτὴν
782 943 882 1012 μὲν
920 943 1081 1006 άύλός
1126 944 1267 1005 ἐστι,
1297 942 1602 1013 μορφοῦται
1626 943 1682 997 δὲ
1711 944 1798 996 διὰ
1827 944 1937 995 τῶν

365 1035 708 1105 πραγμάτων
744 1035 824 1097 εἰς
855 1029 1015 1097 εἶδος,
1047 1033 1140 1086 καὶ
1177 1035 1636 1103 μεταπλάττεται,
1666 1036 1758 1087 καὶ
1794 1034 1938 1088 οὕτω

363 1128 424 1180 τὸ
449 1125 754 1197 προσϐαλὸν
779 1124 871 1178 διά
899 1128 997 1195 τῆς
1022 1125 1366 1194 ἐπιφανείας,
1406 1125 1733 1196 γνωρίζεται
1755 1143 1811 1178 τε
1845 1127 1938 1179 καὶ

364 1218 603 1284 λέγεται.
1736 1208 1742 1214 ’

440 1308 533 1372 ξς.
574 1309 639 1360 Ol
676 1308 924 1377 λογισμοὶ
982 1310 1128 1376 λόγοι
1188 1310 1295 1361 τῶν
1334 1308 1604 1380 δαιμόνων
1646 1309 1788 1373 εἰσὶ,
1848 1308 1941 1360 καὶ

366 1402 479 1452 τῶν
506 1399 697 1451 παθῶν
728 1401 1045 1470 πρόδρομοι,
1101 1399 1289 1470 ὥσπερ
1314 1402 1408 1454 καὶ
1437 1401 1545 1454 τῶν
1576 1401 1938 1471 πραγμάτων,

364 1492 414 1543 οἱ
437 1490 586 1556 λόγοι
643 1491 737 1543 καὶ
766 1492 832 1544 τά
863 1488 1149 1561 νοήματα·
1193 1492 1455 1546 ἀδύνατον
1504 1492 1613 1563 γὰρ
1660 1492 1863 1559 ἀγαθὸν
1907 1492 1941 1562 ἢ

368 1583 536 1634 κακὸν
596 1583 908 1652 ἐνεργῆσαι,
947 1585 1019 1653 μὴ
1046 1580 1353 1654 προσϐαλδν
1413 1580 1678 1654 πρότερον
1705 1584 1795 1636 τὸν
1818 1584 1915 1635 ὲαυ

368 1675 463 1726 τοῦ
498 1671 781 1743 λογισμὸν,
824 1676 982 1744 εἰπερ
1006 1675 1267 1743 λογισμός
1296 1672 1431 1738 ἐστὶ,
1457 1675 1765 1745 προσϐολῆς
1791 1674 1940 1727 dwel-

368 1766 485 1825 δεος
514 1765 727 1834 κίνησις
762 1766 1108 1835 πραγμάτων
1135 1764 1454 1818 ὁποιωνοῦν.

441 1855 541 1922 ξη’.
582 1857 751 1927 Γεννᾷ
788 1856 821 1926 ἡ
862 1857 960 1926 μὲν
990 1855 1089 1926 ύλη
1111 1856 1221 1908 τῶν
1264 1858 1608 1926 πραγμάτων
1637 1854 1825 1924 ψιλοὺς
1856 1855 1944 1908 λο⁶

368 1948 623 2016 γισμοὺς,
653 1948 687 2017 ἡ
725 1946 1057 2016 δὲπροσϐολὴ
1104 1950 1137 2017 ὴ
1188 1946 1549 2016 δαιμονιώδης
1594 1948 1722 2009 τοὺς
1779 1963 1943 2017 πονη-

372 2038 498 2106 ροὺς
558 2036 831 2089 τεκταίνει
866 2054 881 2068 ο
918 2039 1186 2107 διαφοράν
1227 2035 1320 2090 οῦν
1377 2038 1592 2107 ἔχουσιν
1626 2039 1675 2090 οἱ
1726 2036 1949 2106 φυσικοὶ

369 2129 573 2182 ἐκτῶν
630 2130 776 2200 παρᾶ
839 2128 1024 2196 φύσιν,
1085 2130 1178 2181 καὶ
1236 2130 1377 2197 ὑπὲρ
1433 2129 1597 2198 φύσιν
1626 2129 1819 2196 λόγων,
1854 2128 1947 2182 καὶ

369 2219 671 2288 λογισμῶν,
700 2222 838 2272 κατὰ
863 2221 1173 2291 σύγκρισιν.

442 2311 536 2376 ἔθ’.
577 2310 915 2383 Ἰσουργοῦσι
970 2314 1107 2383 πρὸς
1136 2313 1233 2382 τὴν
1271 2315 1327 2365 ἐν
1351 2313 1536 2383 ἀτόμῳ
1569 2312 1873 2376 ἀλλοίωσιν,
1898 2313 1946 2365 οἱ

374 2405 471 2471 μὲν
504 2404 743 2471 φυσικοὶ,
777 2406 913 2471 πρὸς
946 2405 1069 2465 τοὺς
1098 2404 1247 2475 παρὰ
1278 2403 1459 2471 φύσιν,
1496 2403 1545 2457 οἱ
1577 2404 1632 2456 δὲ
1670 2404 1810 2456 κατὰ
1843 2402 1946 2473 φύ-

373 2510 479 2555 σιν,
522 2494 656 2561 πρὸς
688 2493 814 2555 τοὺς
854 2489 993 2562 ὑπὲρ
1020 2493 1181 2560 φύσιν
1216 2493 1376 2557 εὐθὺς
1410 2493 1757 2563 τρεπόμενοι⁸
1783 2494 1948 2547 αἴτιοι

371 2586 427 2638 δέ
470 2586 575 2636 εἰσι
623 2582 756 2655 πρὸς
796 2584 894 2655 τὴν
926 2587 983 2637 ὲν
1008 2585 1255 2655 ἀλλήλοις
1284 2585 1511 2656 τροπὴν,
1548 2585 1641 2638 καὶ
1671 2585 1945 2656 γέννησιν,

370 2680 481 2731 τῶν
507 2680 601 2747 μὲν
626 2679 975 2747 δαιμονικῶν.
1006 2681 1052 2731 οἱ
1081 2679 1144 2731 ὲκ
1192 2679 1288 2748 τῆς
1319 2678 1473 2749 ὕλης,
1497 2677 1606 2732 τῶν
1637 2678 1693 2731 δὲ
1720 2677 1944 2743 ύλικῶν,

372 2772 439 2822 ἐκ
467 2770 564 2839 τῆς
598 2770 929 2839 προσϐολῆς
964 2770 1164 2840 ὁμοίως
1189 2770 1273 2821 καὶ
1304 2770 1411 2823 τῶν
1445 2770 1685 2834 θείων,οῖ
1706 2770 1946 2837 φυσικοὶ,

372 2863 463 2914 καὶ
477 2863 525 2913 οἱ
559 2864 794 2927 φυσικοὶ,
815 2862 923 2912 τῶν
955 2861 1095 2931 ὑπὲρ
1121 2862 1281 2929 φύσιν
1332 2863 1650 2933 γεννήτορες
1673 2877 1690 2893 ·
1721 2861 1948 2915 ἕκαστον

376 2952 485 3020 γὰρ
508 2955 641 3022 πρὸς
694 2954 753 3005 τὸ
800 2954 1057 3021 συγγενὲς
1108 2953 1205 3023 τὴν
1254 2953 1447 3005 ἑαυτοῦ
1497 2953 1782 3005 ἀλλοίωσιν
1824 2952 1940 3024 ἔχει

376 3050 662 3117 κινητικὴν
705 3045 985 3117 τετραχῶς
1039 3044 1395 3116 διῃρημένην,
1448 3044 1626 3098 αἰτίαν
1680 3046 1771 3097 καὶ
1823 3045 2005 3118 γένοη

1961 3096 2008 3158 C

376 3153 555 3203 νησιν.

445 3222 508 3277 o'.
544 3225 858 3294 Σημείωσαι
878 3226 958 3277 ὅτι
977 3225 1379 3295 προϐέϐληνται
1417 3224 1526 3277 τῶν
1550 3225 1647 3295 μὲν
1673 3223 1950 3293 λογισμῶν

376 3319 431 3369 αἱ
471 3318 664 3381 αἰτίαι,
718 3317 828 3369 τῶν
858 3317 912 3370 δὲ
938 3318 1271 3386 φαντασιῶν,
1302 3318 1351 3369 oi
1405 3316 1679 3385 λογισμοὶ,
1744 3316 1852 3368 τῶν
1896 3316 1951 3368 δὲ

378 3410 586 3471 παθῶν,
633 3409 687 3460 αἱ
728 3408 1041 3478 φαντασίαι,
1098 3409 1208 3461 τῶν
1236 3408 1292 3462 δὲ
1324 3408 1598 3479 δαιμόνων
1647 3408 1717 3461 τὰ
1778 3406 1948 3477 πάθη,

377 3502 452 3562 ὡς
478 3503 634 3571 σειρά
674 3518 776 3564 τις,
803 3503 896 3555 καὶ
948 3503 1102 3567 τάξις
1140 3504 1199 3554 ἐν
1252 3501 1508 3563 ἀτάκτοις
1540 3501 1836 3571 πνεύμασι,
1869 3502 1951 3554 δο-

376 3591 527 3653 λίως,
557 3592 614 3643 ἓν
652 3593 744 3643 τοῦ
794 3593 911 3655 ἐνὸς
963 3593 1222 3663 ἐχόμενον
1264 3593 1551 3661 ἤρτηνται,
1603 3592 1743 3662 πλὴν
1798 3592 1951 3644 οὐδὲν
1988 3606 1993 3613 ’

376 3683 744 3753 ἐνεργεῖκαθ’
786 3685 939 3748 αὐτὸ,
980 3686 1097 3737 ἀλλ’
1155 3684 1259 3737 ὑπὸ
1310 3683 1581 3754 δαιμόνων
1625 3686 1948 3753 ἐνεργεῖται,

374 3775 498 3827 οὔτε
562 3776 831 3843 φαντασία
875 3776 1320 3838 εἰδωλοποιεῖται,
1356 3776 1479 3829 οὔτε
1511 3776 1683 3838 πάθος
1714 3777 1951 3845 ἐνεργεῖ,

377 3868 545 3937 χωρὶς
570 3867 669 3936 τῆς
686 3868 992 3938 λεληθότως
1027 3869 1265 3938 κρυφίας
1297 3868 1620 3938 δαιμονικῆς
1647 3867 1948 3936 δυνάμεως·

374 3960 425 4011 εί
462 3961 571 4028 γὰρ
637 3960 731 4011 καὶ
790 3963 1082 4013 πέπτωκεν
1126 3962 1154 4012 ό
1194 3958 1370 4013 Σατὰν
1413 3958 1719 4028 συντριϐεὶς
1751 3999 1765 4021 ,
1814 3957 1951 4011 ἀλλὰ

376 4050 537 4103 πλέον
604 4051 776 4121 ἰσχύει
815 4054 881 4123 τῇ
918 4051 1043 4106 καθ’
1068 4052 1227 4122 ἡμῶν
1271 4051 1517 4122 ῥᾳθυμία
1556 4048 1949 4121 γαυριούμενος

376 4140 517 4210 ὑπὲρ
553 4140 730 4209 ἡμῶν.

441 4240 540 4285 ω’.
576 4232 858 4304 Μορφοῦσι
906 4234 994 4286 τὸν
1066 4233 1191 4284 νοῦν
1246 4232 1424 4301 ἡμῶν,
1488 4231 1691 4300 μᾶλλον
1721 4230 1778 4283 δὲ
1814 4247 1947 4299 μορ-

2118 574 2208 629 66.
2242 570 2378 624 Tum
2415 565 2774 638 cogitationes
2800 570 2896 631 pro
2932 560 3238 613 rationibus
3270 565 3450 612 rerum
3478 570 3626 626 saepe

2047 666 2334 735 Scriptura
2363 649 2517 724 dicit,
2558 670 2669 712 tum
2703 657 2853 710 ideas
2892 670 2990 723 pro
3017 651 3335 715 rationibus,
3366 660 3421 705 et
3459 650 3626 704 ratio-

2043 776 2138 814 nes
2168 756 2407 813 vicissim
2446 766 2544 822 pro
2598 750 2753 804 ideis.
2790 747 2902 802 lloc
2942 750 3121 801 autem
3159 744 3237 807 fit,
3269 745 3397 814 quia
3443 752 3627 799 motus

2042 842 2349 921 huiusmodi
2402 861 2584 901 rerum
2618 851 2702 898 est
2730 842 2950 912 quidem
2984 840 3038 893 in
3071 839 3252 907 seipso
3288 839 3626 892 immateria~

2041 934 2130 1009 lis,
2157 941 2485 996 informatur
2522 950 2650 990 vero
2682 943 2740 987 et
2800 929 3225 985 transformatur
3255 944 3354 998 per
3388 928 3622 997 objecta,

2042 1049 2096 1091 et
2123 1034 2205 1090 sic
2237 1026 2384 1102 quod
2412 1044 2508 1097 per
2551 1024 2921 1096 apparentiam
2976 1030 3301 1088 commovet,
3333 1022 3625 1092 cOgnosci-

2045 1139 2129 1180 tnr
2172 1136 2226 1180 et
2259 1123 2599 1179 nominatttr.

2112 1298 2202 1354 67.
2236 1288 2508 1367 Improbat:
2543 1294 2905 1364 Cogitationes
2940 1303 3069 1347 sunt
3118 1304 3400 1347 sermones
3427 1291 3629 1346 daemm

2058 1408 2211 1455 num,
2241 1397 2299 1445 et
2329 1388 2583 1443 vitiorum
2617 1399 3008 1454 przccursores,
3041 1385 3185 1438 sicut
3208 1384 3369 1438 verba
3399 1394 3452 1437 et
3476 1384 3628 1452 cogi-

2043 1485 2305 1546 lationes,
2339 1480 2617 1535 actiOuum
2667 1494 2682 1533 :
2722 1491 2886 1530 nemo
2918 1475 3061 1529 enim
3098 1484 3273 1544 potest
3308 1476 3512 1529 bonum
3542 1476 3626 1528 vel

2044 1575 2244 1629 malum
2294 1573 2477 1628 facere
2509 1573 2652 1641 quod
2699 1582 2806 1623 non
2860 1566 3014 1635 prius
3045 1568 3404 1621 commoverit
3458 1568 3628 1635 ipsius

2045 1667 2459 1738 cogitationem,
2500 1666 2769 1734 siquidem
2802 1661 3070 1731 cogitatio
3110 1670 3193 1714 est
3228 1660 3475 1713 informis
3509 1675 3627 1713 mo-

1972 1760 2010 1808 Β
2043 1770 2128 1814 tus
2166 1760 2234 1813 ab
2267 1758 2500 1827 objectis
2526 1757 2858 1826 quibuslibet
2888 1757 3176 1810 excitatus.

2117 1852 2205 1907 68.
2238 1850 2529 1921 Simplices
2557 1851 2774 1919 quidem
2800 1849 3162 1918 c0gitationes
3201 1852 3423 1914 generat
3458 1853 3629 1897 unite-

2047 1946 2123 1999 ria
2160 1960 2363 2010 rerum,
2398 1943 2663 1998 diabolica
2699 1954 2879 1996 autem
2918 1941 3213 1997 commotio
3250 1938 3420 1993 malas
3443 1939 3579 2006 parit
3609 1951 3624 1994 :

2044 2036 2303 2091 differunt
2331 2036 2495 2106 igitur
2541 2034 2822 2090 naturales
2858 2047 3141 2088 sermones
3174 2041 3228 2085 et
3260 2032 3628 2101 cogitationes

2044 2140 2356 2197 comparate
2379 2129 2445 2183 ad
2468 2144 2528 2182 ea
2550 2143 2669 2198 quae
2687 2136 2812 2183 sunt
2835 2135 3029 2194 praeter
3049 2126 3126 2179 vel
3153 2138 3317 2193 supra
3347 2132 3626 2177 naturam.

2115 2222 2202 2275 69.
2240 2221 2567 2275 Alternatim
2609 2234 2796 2275 secum
2842 2219 3072 2271 invicem
3111 2217 3344 2271 indivise
3376 2226 3625 2270 commu-

2045 2323 2227 2365 tantur
2255 2312 2617 2382 cogitationes
2658 2326 2673 2365 :
2709 2308 2991 2363 naturales
3026 2308 3247 2376 quidem
3284 2307 3340 2360 in
3376 2322 3472 2360 eas
3506 2322 3627 2375 qua:

2042 2414 2170 2457 sunt
2218 2415 2416 2473 praeter
2464 2414 2741 2467 naturam,
2782 2411 2838 2456 et
2886 2418 3006 2469 qua:
3057 2400 3209 2468 juxta
3265 2410 3537 2459 naturam,
3570 2403 3621 2453 iu

2045 2499 2166 2552 illas
2194 2512 2314 2567 qua:
2338 2513 2505 2568 supra
2540 2505 2816 2559 naturam,
2839 2509 3134 2550 conversae.
3171 2495 3299 2547 Item
3327 2496 3379 2546 in
3420 2509 3477 2547 se
3511 2510 3627 2547 mu-

2046 2599 2138 2642 tuo
2169 2599 2562 2645 convertuntur
2612 2604 2675 2644 ac
2708 2598 3168 2657 congenerantur,
3213 2587 3525 2642 materiales
3562 2589 3612 2639 in

2024 2684 2428 2751 daemoniacas,
2482 2692 2536 2736 et
2571 2697 2691 2752 qua:
2735 2690 2865 2735 sunt
2896 2696 2961 2735 ex
3014 2681 3382 2736 commotione
3436 2681 3488 2733 in
3533 2695 3625 2733 eas

2044 2791 2162 2844 qua:
2197 2785 2325 2827 sunt
2380 2789 2444 2827 ex
2503 2773 2760 2827 materia.
2821 2772 3029 2825 Pariter
3078 2772 3355 2825 naturales
3407 2775 3626 2840 pariunt

2044 2869 2296 2926 divinas;
2358 2874 2413 2921 et
2458 2881 2578 2934 qua:
2631 2864 2789 2932 juxta
2837 2873 3111 2927 naturam,
3144 2878 3239 2917 eas
3290 2878 3409 2930 qum
3463 2879 3624 2931 supra

2042 2968 2293 3012 naturam
2334 2964 2480 3010 sunt.
2534 2955 2977 3023 Unumquodque
3021 2953 3163 3007 enim
3202 2953 3622 3022 quadruplicem

2042 3052 2579 3118 habetcausamqua
2624 3060 2975 3117 promovetur
3028 3057 3083 3100 et
3145 3056 3467 3116 procreatur
3524 3061 3622 3100 sua

2044 3146 2095 3197 in
2119 3143 2274 3196 aliine
2301 3141 2544 3195 mutatio.

2115 3233 2202 3288 70.
2235 3232 2538 3288 Considera
2571 3241 2628 3284 ut
2651 3229 3079 3299 cogitationibus
3115 3231 3302 3284 adsint
3334 3246 3536 3295 causae,
3566 3242 3622 3285 et

2044 3328 2418 3395 phantasmata
2457 3339 2523 3379 ex
2588 3323 3039 3393 cogitationibus,
3103 3334 3158 3378 et
3211 3325 3494 3392 passiones
3553 3340 3619 3378 ex

2044 3417 2535 3488 phantasmatihus,
2572 3427 2626 3470 et
2666 3416 2866 3470 iterum
2912 3417 3194 3483 passiones
3229 3432 3293 3469 ex
3349 3416 3622 3471 daemoni-

2041 3509 2163 3571 bus,
2213 3510 2367 3577 quasi
2400 3520 2593 3563 catena
2640 3509 2873 3576 quadam
2914 3515 2972 3561 et
3005 3507 3197 3560 ordine
3248 3510 3389 3576 apud
3424 3510 3624 3563 inordi«

2041 3612 2198 3655 natos
2221 3601 2445 3666 spiritus
2471 3599 2670 3653 callide
2696 3600 2801 3654 alia
2830 3616 2895 3653 cx
2925 3601 3046 3653 aliis
3068 3610 3189 3667 apta
3221 3615 3468 3667 nexaque
3490 3600 3621 3654 sint.

2039 3692 2109 3744 At
2158 3692 2362 3743 nullum
2422 3700 2681 3759 Operatur
2713 3705 2778 3744 ex
2816 3691 3019 3757 seipso,
3048 3690 3145 3744 sed
3199 3704 3229 3742 a
3281 3689 3623 3743 daztnonihus

2044 3791 2294 3836 movetur
2327 3797 2342 3835 z
2378 3797 2476 3835 nec
2536 3783 2823 3850 phantasia
2884 3783 3232 3852 imaginatur,
3287 3798 3385 3835 nec
3442 3781 3623 3849 passio

2040 3874 2149 3943 agit
2172 3874 2377 3940 alisque
2396 3875 2535 3927 clam
2563 3874 2761 3926 furtiva
2795 3875 3094 3926 tliﬁlllomltll
3119 3874 3383 3942 potentia.
3418 3874 3620 3940 Quam-

2040 3969 2124 4022 vis
2174 3968 2316 4021 enim
2385 3968 2553 4021 Satau
2617 3967 2882 4021 ceciderit
2938 3967 3277 4033 confractus,
3347 3970 3622 4036 patentior

2043 4070 2221 4113 tamen
2251 4074 2333 4113 est
2365 4072 2549 4114 nostra
2579 4061 2906 4131 superbiens
2937 4060 3171 4132 ignavia.

2114 4239 2199 4292 7|.
2237 4236 2463 4292 Vertunt
2500 4248 2737 4295 mentem
2775 4246 3014 4294 nostram
3056 4234 3351 4306 dgentones,
3399 4243 3482 4297 vel
3520 4252 3620 4313 po-

372 4325 599 4394 ιροῦνται
633 4326 751 4378 καθ’
788 4326 986 4387 αὐτοὺς
1011 4326 1178 4394 ἡμᾶς,
1230 4324 1328 4376 καὶ
1353 4321 1768 4393 προσϐάλλουσι,
1808 4320 1945 4375 κατὰ

2050 4343 2149 4387 Ltus
2192 4349 2316 4386 sese
2374 4334 2533 4387 nobis
2591 4334 2956 4399 conformant,
2992 4344 3046 4390 et
3071 4352 3171 4391 nos
3227 4338 3616 4407 aggrediuntur

369 4418 467 4486 τὴν
498 4417 610 4480 ἕξιν
649 4417 742 4470 τοῦ
765 4417 1210 4486 ἐπικρατοῦντος,
1253 4416 1346 4468 καὶ
1368 4414 1717 4485 ἐνεργοῦντος
1742 4414 1945 4477 πάθους

2050 4429 2343 4480 secundum
2374 4428 2627 4481 vitiosqu
2668 4428 2912 4483 hahitum
2956 4430 3007 4482 in
3036 4430 3217 4484 anima
3248 4431 3619 4486 dominantem

370 4512 428 4562 ὲν
463 4512 527 4578 τῇ
561 4508 737 4579 ψυχῇ·
772 4510 952 4562 αἰτίαν
984 4510 1110 4580 γὰρ
1168 4509 1303 4579 πρὸς
1365 4507 1792 4578 εἰδωλοποίησιν,
1850 4507 1945 4576 τὴν

2050 4528 2094 4571 at
2142 4528 2481 4587 operantem.
2518 4517 2631 4573 lloc
2683 4521 2828 4573 enim
2894 4521 3081 4574 vitium
3134 4534 3621 4593 praroccnpant,ut

369 4602 481 4667 ἕξιν
539 4602 632 4654 τοῦ
682 4601 887 4664 πάθους
919 4602 968 4653 οἱ
1006 4600 1259 4670 δαίμονες
1305 4600 1645 4669 κέκτηνται·
1698 4599 1948 4669 ποικίλην

368 4690 461 4747 οὖν
514 4696 608 4746 καὶ
665 4694 1012 4764 πολύμορφον
1060 4694 1156 4764 τὴν
1208 4695 1507 4762 φαντασίαν
1566 4693 1948 4764 ἐγρηγορότως

367 4788 463 4840 καὶ
516 4787 637 4841 καθ’
674 4787 879 4850 ὕπνους
938 4789 1073 4856 ὑμῖν
1102 4787 1429 4840 δεικνύουσι·
1468 4786 1947 4858 μεταμορφοῦνται

368 4882 478 4949 γάρ
528 4881 579 4932 οἱ
640 4881 736 4949 μὲν
786 4881 884 4947 τῆς
940 4879 1239 4948 ἐπιθυμίας
1312 4879 1587 4947 δαίμονες,
1664 4877 1796 4931 ποτὲ
1849 4877 1945 4946 μὲν

367 4974 448 5033 εἰς
477 4972 712 5041 χοίρους,
748 4971 878 5024 ποτὲ
923 4971 978 5022 δὲ
1024 4972 1102 5032 εἰς
1142 4962 1315 5035 ὅνους,
1366 4970 1493 5021 ποτὲ
1528 4969 1585 5021 δὲ
1624 4971 1701 5032 εἰς
1747 4968 1947 5031 ἵππους

368 5064 703 5134 θηλυμανὲῖς
750 5066 841 5118 καὶ
894 5066 1225 5134 πυροειδεῖς,
1261 5064 1389 5115 ποτὲ
1418 5062 1474 5115 δὲ
1515 5064 1596 5125 είς
1639 5063 1942 5130 Ἐϐραίους,

367 5159 467 5226 τῆς
499 5158 793 5220 ἀκολασίας
825 5158 1090 5227 μάλιστα·
1159 5159 1258 5225 τῆς
1315 5157 1371 5209 δὲ
1418 5157 1610 5226 ὀργῆς,
1662 5156 1789 5207 ποτὲ
1848 5156 1945 5220 μὲν

366 5253 448 5313 εἰς
477 5250 910 5313 ὲθνικοὺς,-ποτὲ
933 5252 988 5303 δὲ
1019 5254 1097 5315 εἰς
1127 5251 1347 5313 λέοντας
1377 5266 1391 5279 ’
1432 5253 1524 5302 καὶ
1554 5252 1653 5319 τῆς
1684 5250 1783 5318 μὲν
1833 5249 1939 5301 δει-

366 5344 508 5409 λίας,
541 5345 621 5406 εἰς
670 5345 800 5406 τοὺς
859 5343 1205 5413 Ίσμαηλίτας
1232 5360 1245 5373 ⁸
1279 5342 1375 5411 τῆς
1403 5342 1457 5395 δὲ
1484 5341 1799 5405 ἀκολασίας,
1866 5339 1943 5397 εἰς

367 5434 492 5496 τοὺς
560 5428 927 5503 Ἰδουμαίους’
981 5434 1079 5503 τῆς
1138 5433 1195 5485 δὲ
1243 5432 1578 5494 πολυποσίας
1634 5432 1728 5483 καὶ
1770 5430 1945 5499 ἀκρα-

372 5527 489 5587 σίας
522 5567 537 5591 ,
592 5529 670 5589 εἰς
706 5526 836 5588 τοὺς
897 5524 1279 5595 Ἀγαπηνούς·
1342 5526 1445 5594 τῆς
1499 5524 1555 5577 δὲ
1603 5522 1939 5587 πλεονεξίας,

369 5618 497 5670 ποτὲ
560 5619 657 5687 μὲν
720 5619 799 5681 εἰς
842 5617 967 5678 τοὺς
1000 5618 1217 5679 λύκους,
1286 5618 1416 5671 ποτὲ
1440 5617 1496 5669 δὲ
1536 5618 1615 5678 εἰς
1646 5616 1770 5676 τοὺς
1802 5631 1941 5686 παρ-

366 5712 577 5774 θάλεις·
633 5715 726 5781 τῆς
757 5713 808 5765 δὲ
844 5714 1126 5783 πονηρίας,
1170 5712 1320 5763 ποτε
1351 5714 1448 5783 μὲν
1477 5715 1555 5776 εἰς
1595 5713 1720 5776 τοὺς
1761 5712 1935 5781 ὅριις,

764 5815 1025 5873 l'ATRUL.
1065 5813 1181 5872 Gn.
1227 5812 1335 5873 CL.

2040 4609 2168 4664 hinc
2223 4610 2667 4679 imaginationem
2725 4612 3010 4667 invadant.
3080 4612 3270 4668 Varias
3342 4616 3508 4682 igitur
3567 4629 3621 4671 et

2040 4701 2401 4755 initltiformes
2457 4702 2617 4757 nobis
2678 4703 3033 4770 vigilantibus
3102 4715 3155 4757 et
3224 4706 3620 4761 dormientibus

2036 4794 2299 4847 exhibent
2334 4795 2599 4862 imagines
2647 4813 2661 4848 :
2709 4795 3172 4849 transformamur
3210 4799 3359 4850 enim
3412 4801 3612 4853 daemo-

2040 4901 2134 4938 nes
2164 4889 2386 4955 quidem
2415 4887 2901 4956 coucupiscentias,
2934 4890 3092 4941 modo
3127 4889 3179 4941 in
3209 4904 3424 4956 porcos,
3459 4894 3620 4947 modo

2039 4979 2088 5031 in
2124 4978 2331 5043 asinos,
2370 4982 2532 5033 modo
2567 4980 2619 5033 in
2671 4994 2844 5050 equos
2904 4983 2972 5035 ad
3026 4982 3228 5035 coitum
3283 4984 3539 5039 ardentes
3564 4996 3621 5039 et

2036 5086 2355 5136 succenses,
2389 5072 2549 5127 modo
2586 5073 2639 5126 in
2689 5072 2946 5128 Hebraeos
2982 5078 3215 5128 maxime
3269 5077 3578 5132 luxuriosas
3600 5095 3614 5145 ;

2035 5166 2313 5218 dwmones
2365 5175 2547 5218 autem
2605 5164 2718 5233 iraa,
2762 5180 2905 5220 nunc
2954 5166 3009 5219 in
3051 5168 3324 5233 ethnicos,
3359 5184 3505 5222 nunc
3559 5168 3615 5221 in

2037 5259 2261 5321 leones;
2290 5268 2343 5311 et
2370 5258 2603 5321 timoris,
2636 5259 2690 5310 in
2722 5258 3063 5325 Ismaeiitas;
3099 5272 3152 5315 et
3176 5261 3613 5326 incontinentim,

2035 5350 2088 5403 in
2137 5348 2439 5412 ldutnazos;
2496 5360 2555 5410 et
2604 5351 2892 5405 ehrietatis
2940 5366 3003 5405 ac
3062 5351 3517 5421 intemperantiae,
3559 5353 3614 5407 in

2036 5441 2376 5508 Saracenos;
2416 5453 2471 5497 et
2529 5438 2868 5513 cupiditatis,
2903 5443 3021 5498 sive
3057 5445 3107 5497 in
3161 5445 3336 5514 lupos,
3391 5450 3506 5499 sive
3560 5446 3618 5501 iit

2034 5540 2363 5609 pantheras;
2414 5549 2469 5593 et
2515 5541 2758 5606 malitize,
2799 5550 2911 5595 tum
2956 5542 3005 5594 in
3046 5552 3349 5610 serpentes,
3388 5555 3495 5595 tum
3562 5545 3614 5599 in

2036 5632 2269 5700 viperas,
2344 5641 2457 5686 tum
2522 5634 2571 5685 in
2609 5634 2797 5702 vulpes
2848 5644 3313 5701 transmutantur;
3350 5648 3403 5690 et
3436 5640 3613 5706 impu‘

2034 5724 2248 5791 ἀειιιιιε,
2286 5726 2335 5779 in
2391 5742 2595 5793 canes;
2638 5736 2685 5781 ct
2750 5728 2971 5796 aceglitr,
3016 5730 3068 5784 in
3104 5730 3255 5784 feles.
3314 5721 3613 5803 Aliquando

3252 5823 3327 5884 lii)
