3994 6206
474 267 611 333 1259

1726 255 2056 318 GREGORJ

2165 249 2490 314 smAtm
3531 257 3628 316 1260

470 379 637 434 ctiattt
672 374 948 430 daemones
993 369 1394 434 fornicationis,
1431 370 1592 424 modo
1621 369 1677 424 in
1739 376 2044 438 serpentes,

2165 367 2291 421 ποτὲ
2319 365 2378 420 δὲ
2406 367 2486 430 είς
2522 365 2668 437 ἔχεις
2729 384 3225 440 μεταμορφουνται,
3276 377 3389 430 ποτὲ
3408 378 3455 433 δὲ
3482 383 3629 450 uulsi;

469 471 631 526 modo
671 469 726 524 in
760 480 960 524 corvos
992 475 1047 520 et
1084 463 1372 535 graculos;
1408 471 1462 517 et
1514 461 1567 516 in
1628 461 1882 515 volucres
1913 473 2050 512 cono

470 575 760 624 vertuntur
795 561 1090 626 animales,
1133 573 1197 614 ac
1239 555 1536 627 praesertim
1575 554 1708 609 aerii
1747 555 2048 607 daemones.

468 661 623 718 lianc
653 669 834 713 autem
873 654 944 709 ob
996 666 1218 707 causam
1277 648 1474 720 triplici
1529 646 1703 718 eliigie
1761 647 2054 700 immutant

469 767 600 810 suas
628 751 835 806 formas
867 747 1116 817 spiritus,
1146 742 1287 812 quod
1319 752 1431 796 tres
1462 739 1660 794 habeat
1699 737 1876 791 anima
1928 749 2052 802 par-

479 854 608 912 tes;
648 843 807 897 itaut
847 839 1042 909 triplex
1075 837 1145 892 sit
1171 836 1371 904 imago,
1405 847 1597 902 nempe
1631 831 1684 885 in
1713 827 2050 890 volucribus,

469 935 600 992 feris
623 944 677 990 et
702 931 1024 1003 pecudibus,
1056 936 1280 999 propter
1319 922 1826 995 ροηοιιρίερίὺὶιειῐι,
1862 917 2055 973 irasci-

474 1028 629 1084 oilem
661 1034 717 1079 et
747 1021 1124 1080 rationabilem
1162 1019 1356 1072 animae
1382 1016 1652 1086 potentias
1681 1030 1694 1068 :
1755 1025 1865 1067 tres
1908 1012 2053 1066 enim

474 1119 731 1173 vitiorum
773 1117 938 1169 duces
990 1113 1254 1168 adversus
1299 1117 1413 1163 tres
1470 1107 1604 1161 istas
1635 1106 1778 1159 vires
1841 1117 2056 1171 semper

473 1218 778 1272 armantur,
835 1216 891 1261 et
948 1205 1015 1259 ad
1055 1202 1200 1274 quod
1252 1199 1447 1254 vitium
1488 1199 1668 1252 anima
1727 1197 2054 1268 propendet,

474 1301 599 1357 huic
623 1298 971 1355 conformant
991 1309 1146 1351 suam
1183 1295 1234 1348 in
1262 1308 1365 1348 nos
1401 1289 1836 1362 aggressionem.

2159 458 2450 519 ἀλώπεκας
2471 474 2486 489 ⁸
2530 457 2628 528 τῆς
2655 457 2712 511 δὲ
2749 460 3041 527 ἀναιδείας,
3095 464 3174 525 είς
3209 465 3320 528 τοὺς
3356 467 3534 534 κύνας·
3559 475 3634 545 τῆς

2160 551 2478 622 δὲάκηδίας,
2544 553 2625 616 είς
2671 553 2798 617 τοὺς
2833 546 3084 618 κάττους.
3126 556 3274 610 Ἐστι
3304 559 3342 611 δ’
3369 562 3444 615 ὅτε
3469 565 3636 637 καὶτῆς

2160 643 2438 714 πορνείας,
2487 644 2616 698 ποτὶ
2673 645 2771 714 μὲν
2827 647 2910 710 είς
2959 647 3131 717 δφεις,
3164 651 3286 703 ποτὲ
3311 651 3360 704 δὲ
3387 655 3468 708 καὶ
3489 659 3553 721 είς
3569 677 3640 712 κο-

2162 736 2382 802 ράκους,
2441 734 2537 787 καὶ
2575 733 2840 798 κολοιοὺς,
2889 735 2965 800 ὡς
3021 739 3237 792 πετεινὰ
3279 740 3330 792 δὲ
3375 743 3417 794 oi
3449 743 3641 814 ψυχικοί,

2161 822 2396 892 μάλιστα
2424 821 2480 874 δὲ
2505 823 2742 893 ὲναέριοι
2782 823 3037 892 δαίμονες
3074 826 3486 895 μεταϐάλλονται.
3525 833 3645 902 Ἔχει

2157 912 2332 982 δὲτὴν
2378 913 2558 965 αἰτίαν
2590 914 2918 984 ήφαντασία
2971 917 3194 986 τριχῶς,
3242 918 3524 973 ἀλλοιοῦσαν
3567 924 3644 986 τὰς

2163 1002 2380 1073 μορφὰς
2419 1004 2528 1057 τῶν
2561 1007 2908 1073 πνευμάτων,
2959 1007 3179 1060 κατὰτὸ
3196 1010 3431 1080 τριμερὲς
3471 1013 3549 1080 τῆς
3570 1014 3648 1080 ψυ-

2160 1095 2280 1164 χῆς,
2340 1095 2627 1151 ὥστεάιώ⁹
2677 1099 2777 1168 τὴν
2821 1100 3130 1168 φαντασίαν
3183 1102 3401 1171 τριπλῆν
3447 1099 3578 1167 εἶναι,
3609 1106 3652 1157 ὲν

2162 1191 2451 1256 πετεινοῖς,
2505 1192 2563 1242 ὲν
2585 1189 2818 1262 θηρίοις,
2867 1193 2925 1246 ὲν
2993 1194 3236 1263 κτήνεσι,
3287 1193 3409 1264 πρὸς
3437 1193 3486 1246 τδ
3508 1194 3654 1246 ἐπιθυ.

2166 1281 2398 1348 μητικὸν
2422 1321 2437 1347 ,
2499 1281 2731 1351 θυμικὸν
2763 1326 2778 1347 ,
2819 1285 2915 1339 καὶ
2967 1287 3274 1353 λογιστικὸν
3310 1285 3399 1348 τὰς
3416 1286 3498 1354 τῆς
3517 1285 3658 1355 ψυχῆς

482 1388 750 1456 δυνάμεις
779 1397 794 1414 '
827 1385 875 1434 οἱ
922 1385 1077 1450 τρεῖς
1125 1397 1234 1450 γαρ
1270 1384 1538 1451 αρχοντες
1562 1398 1673 1481 των
1708 1382 1922 1446 παθῶν,
1971 1386 2112 1438 κατὰ
2142 1386 2254 1440 τῶν
2286 1389 2454 1485 τριῶν
2481 1391 2565 1444 ἀεὶ
2609 1393 2946 1460 ὁπλίζονται,
2986 1400 3082 1452 καὶ
3129 1399 3263 1472 πρὸς
3287 1399 3314 1455 ὃ
3345 1408 3603 1466 πεποίωται
3626 1416 3656 1485 ἡ

483 1480 634 1553 ψυχὴ
675 1477 872 1538 πάθος,
909 1473 1048 1542 πρὺς
1081 1474 1214 1526 αὐτὸ
1255 1477 1398 1527 κατὰ
1439 1473 1501 1525 τὸ
1538 1467 1796 1543 συγγενὲς
1831 1478 2202 1548 μορφάζονται
2237 1476 2368 1553 ἡμῖν
2406 1484 2504 1539 καὶ
2542 1487 2964 1560 προσέρχονται.

562 1573 651 1628 72.
683 1573 827 1644 Ignis
857 1582 913 1628 et
959 1573 1254 1629 carbonum
1285 1577 1458 1631 instar
1509 1577 1774 1630 invadunt
1803 1592 1944 1646 saepe
1973 1592 2068 1632 nos

2228 1586 2327 1658 οβ’.
2375 1587 2464 1651 Ὠς
2493 1586 2604 1658 πῦρ
2655 1589 2752 1658 μὲν
2806 1589 3067 1652 πολλάκις
3119 1588 3215 1644 καὶ
3252 1590 3322 1654 ὼς
3358 1591 3586 1662 ἄνθρακες
3624 1593 3662 1644 oi

486 1665 781 1736 voluptatis
799 1667 1094 1721 daemones.
1127 1665 1368 1737 Spiritus
1392 1668 1538 1722 enim
1568 1667 1821 1734 luxuriae,
1845 1677 1899 1722 et
1929 1682 2056 1723 con-

2165 1680 2257 1750 τῆς
2287 1680 2480 1752 ἡδονῆς
2501 1680 2897 1751 προσέρχονται
2924 1681 3182 1752 δαίμονες
3201 1698 3215 1713 ο
3246 1681 3312 1736 τὰ
3338 1681 3559 1753 φιλήδονα
3581 1683 3664 1752 γὰρ

487 1757 811 1828 piscentiam
843 1756 1208 1823 inﬂammant,
1237 1769 1294 1813 et
1325 1760 1592 1814 rationem
1656 1762 2064 1830 perturbantes,

483 1850 725 1906 animam
794 1849 1160 1905 nbtenebrant
1191 1866 1204 1902 :
1233 1851 1503 1922 siquidem
1537 1853 1673 1910 nihil
1702 1854 1807 1908 nisi
1845 1853 2068 1911 combu-

482 1944 740 2012 stionem,
787 1943 1079 2002 tumultum
1131 1959 1196 2002 ac
1236 1945 1526 2016 caliginem
1585 1948 1731 2017 parit
1781 1948 2065 2003 libidinum

482 2046 673 2093 ωειυδ.

555 2151 644 2207 75.
695 2150 959 2208 Tenebras
1006 2152 1331 2223 ignorantia:
1387 2163 1473 2209 est
1519 2154 1771 2210 vitiorum
1803 2173 1944 2223 nox;
1979 2161 2065 2214 vel

479 2241 659 2299 adhuc
711 2259 813 2300 nox
852 2245 950 2299 ista
996 2255 1080 2300 est
1129 2246 1420 2317 imperium
1451 2247 1547 2303 ubi
1581 2261 1880 2305 nascuntur
1908 2253 2061 2319 vitia,

478 2339 571 2392 ubi
607 2348 796 2408 regnat
846 2341 1103 2409 princeps
1137 2341 1510 2407 tenebrarum,
1539 2341 1631 2397 ubi
1668 2340 1799 2398 ἴοι-ω
1835 2345 1975 2413 agri,
2008 2353 2064 2400 et

478 2430 718 2484 volatilia
746 2431 896 2498 caeli,
927 2440 978 2486 et
1016 2432 1232 2500 reptilia
1269 2441 1428 2488 terra:
1458 2433 1694 2502 ﬁgurate
1725 2435 1862 2490 dicti
1903 2437 2060 2506 Spiri-

476 2530 564 2578 tus
592 2523 868 2594 rugientes
892 2533 1147 2595 qua-ruut
1175 2539 1366 2596 rapere
1393 2541 1493 2581 nos
1523 2541 1703 2582 escam
1734 2529 1861 2584 sibi.

546 2792 635 2846 74.
671 2792 948 2848 Interdum
985 2792 1218 2850 vitiosos
1241 2803 1398 2849 actus
1419 2797 1780 2868 cogitationes
1807 2807 2056 2870 tempore

473 2887 807 2955 prmcedunt,
838 2895 896 2940 et
956 2889 1230 2941 interdum
1261 2898 1588 2960 sequuntur.
1635 2891 1704 2947 Et
1733 2895 2054 2959 praecedunt

473 2981 690 3049 quidem
739 2979 1098 3049 cogitationes
1151 2980 1498 3050 pbautasias,
1557 2995 1861 3053 sequuntur
1923 3001 2052 3042 vero

2163 1770 2469 1842 πνεύματα,
2507 1770 2570 1824 τδ
2621 1769 2721 1840 μὲν
2769 1769 3167 1842 ἐπιθυμητικὸν
3217 1773 3491 1839 ἐκκαίουσι,
3533 1773 3580 1826 τὸ
3622 1774 3667 1825 δὲ

2120 1908 2124 1911 .
2157 1863 2518 1937 διανοητικδν,
2545 1864 2867 1936 συγχέοντες
2901 1905 2917 1932 ,
2989 1865 3297 1931 σκοτίζουσι
3347 1864 3439 1933 τῆς
3487 1863 3629 1934 ψυχῆς
3653 1875 3667 1894 '

2160 1955 2410 2019 καύσεως
2438 1955 2571 2025 γὰρ,
2602 1939 2868 2028 ταραᾶῆς,
2903 1957 2996 2010 καὶ
3019 1957 3246 2021 σκότους
3277 1955 3432 2021 αἰτία,
3458 1957 3487 2025 ἡ
3509 1952 3666 2025 κυρίως

2160 2048 2266 2101 τῶν
2292 2046 2480 2100 παθῶν
2502 2048 2685 2118 ἡδονή.

2231 2145 2329 2205 ογ’.
2359 2137 2476 2202 Νὺξ
2499 2138 2608 2192 τῶν
2635 2137 2848 2197 παθῶν.
2878 2140 2978 2205 τῆς
3010 2138 3233 2207 ἀγνοίας
3261 2139 3319 2192 τὸ
3351 2139 3517 2200 σκότος
3535 2137 3668 2200 ἐστὶν,

2165 2229 2197 2298 ἢ
2250 2229 2432 2292 πάλιν,
2491 2229 2587 2296 νύξ
2633 2231 2780 2282 ἐστιν
2807 2233 2839 2299 ἡ
2871 2231 3168 2301 γεννητικὴ
3235 2232 3337 2284 τῶν
3387 2230 3550 2284 παθῶν
3582 2231 3674 2282 ἐπι·

2162 2321 2410 2392 κράτεια,
2436 2323 2493 2373 ὲν
2591 2322 2867 2391 βασιλεύει
2925 2325 2953 2376 ὁ
2977 2322 3071 2375 τοῦ
3119 2323 3342 2386 σκότους
3364 2322 3577 2393 ἔξαρχος,
3601 2321 3672 2373 καὶ

2161 2416 2218 2467 ὲν
2256 2407 2301 2483 ᾧ
2329 2415 2395 2467 τὰ
2428 2413 2593 2484 θηρία
2641 2414 2734 2466 τοῦ
2767 2411 2986 2484 λὰγροῦ,
3021 2413 3120 2466 καὶ
3160 2414 3236 2469 τὰ
3268 2418 3481 2470 ταπεινὰ
3508 2413 3587 2466 τοῦ
3611 2412 3681 2465 οὐ·

2163 2506 2347 2579 ρανοῡ,
2403 2507 2496 2560 καὶ
2519 2507 2591 2560 τὰ
2622 2506 2831 2578 ἑρπετὰ
2881 2507 2981 2578 τῆς
3017 2507 3124 2578 γῆς
3155 2509 3424 2581 τροπικῶς
3455 2506 3675 2575 λεγόμενα

2163 2601 2449 2669 πνεύματα
2508 2598 2799 2672 ὼρυόμενα
2859 2600 3130 2670 ζητοῦντα
3183 2601 3422 2673 ἁρπάσαι
3467 2599 3592 2668 ἡμᾶς
3618 2595 3680 2657 εἰς

2165 2689 2366 2762 βρῶσιν
2392 2691 2591 2748 αὐτῶν.

2233 2783 2325 2838 οδ’.
2372 2785 2531 2839 Κατὰ
2593 2785 2784 2855 καιρὸν
2839 2787 2941 2856 τῆς
2990 2785 3097 2838 τῶν
3147 2786 3337 2839 παθῶν
3385 2782 3624 2852 ἐνεργείας
3644 2778 3681 2830 oi

2163 2876 2431 2945 λογισμοὶ,
2453 2876 2501 2928 οἱ
2533 2875 2632 2946 μὲν
2701 2877 3090 2945 προηγοῦνται,
3137 2879 3186 2930 οἱ
3237 2877 3294 2929 δὲ
3353 2877 3574 2928 ἕπονται·
3607 2869 3681 2921 καὶ

2165 2964 2534 3035 προηγοῦνται
2591 2965 2690 3035 μὲν
2720 2967 2768 3018 oi
2801 2965 3052 3034 λογισμοὶ
3079 2966 3191 3019 τῶν
3221 2963 3537 3035 φαντασιῶν,
3559 2961 3687 3014 ἕπον·

472 3071 796 3140 phautasias
823 3073 1132 3142 passiones.
1163 3073 1230 3128 Et
1257 3076 1536 3144 passiones
1586 3050 1900 3146 praecedunt
1946 3079 2056 3137 da:-

2167 3054 2364 3110 ται.δὲ
2411 3054 2518 3107 τῶν
2571 3055 2880 3122 φαντασιῶν
2934 3054 3043 3128 [ἵσ.
3101 3060 3226 3120 ταῖς
3289 3050 3598 3126 φαντασίαις]
3636 3051 3686 3100 τά

476 3163 751 3230 monibus,
777 3167 1056 3221 daemones
1087 3181 1216 3222 vero
1241 3170 1525 3236 passiones
1550 3180 1880 3238 sequuntur.

543 3343 636 3398 75.
666 3343 885 3399 initium
915 3354 969 3400 et
997 3360 1165 3401 causa
1198 3346 1454 3404 vitiorum
1487 3358 1576 3405 est
1619 3349 1824 3407 abusus
1851 3368 1866 3418 ;
1922 3353 2057 3409 abu-

474 3450 572 3492 sus
601 3443 804 3504 autem,
845 3436 1171 3506 inclinatio;
1201 3447 1256 3494 et
1313 3441 1712 3510 iuclinationis,
1764 3444 2057 3514 proclivior

475 3530 769 3598 voluntas;
805 3529 1096 3586 voluntatis
1132 3541 1318 3589 autem
1352 3535 1605 3604 probatio
1642 3547 1727 3592 est
1779 3540 2052 3607 tentatio;

472 3631 528 3676 et
559 3623 877 3680 tentationis
911 3633 1167 3681 auctores
1197 3635 1330 3682 sunt
1356 3627 1664 3695 dazmones,
1705 3633 2054 3700 permittente

383 3759 386 3762 .
473 3714 854 3782 Providentia,
890 3725 950 3771 ut
984 3714 1307 3773 ostendatur
1328 3730 1537 3790 quanta
1563 3723 1636 3778 sit
1671 3731 1859 3779 nostra
1888 3725 2057 3781 liber-

474 3818 577 3864 tas.

543 3920 632 3977 76.
660 3921 924 3980 Stimnlus
955 3927 1162 3994 peccati
1189 3936 1242 3982 et
1279 3928 1479 3999 sagitta
1517 3933 1713 3988 mortis
1771 3942 1857 3990 est
1889 3934 2055 3989 vitio-

472 4030 566 4071 sus
602 4019 798 4071 anima:
826 4018 1047 4074 habitus
1078 4037 1092 4074 :
1125 4036 1304 4091 neque
1335 4023 1482 4077 enim
1511 4026 1710 4081 mutari
1726 4035 1782 4081 et
1807 4029 2053 4083 converti

471 4118 671 4179 potest,
703 4112 794 4193 qui
819 4113 965 4166 vitiis
994 4113 1136 4169 ultro
1171 4117 1365 4172 servit.

544 4286 636 4340 77.
676 4288 742 4340 lit
771 4290 1144 4361 multipliciter
1188 4295 1607 4366 distinguuntur
1655 4301 1970 4370 passiones,
2002 4314 2056 4357 et

480 4378 802 4432 dividuntur
835 4382 886 4435 in
921 4380 1235 4453 corporales
1271 4397 1325 4442 et
1358 4391 1693 4459 spirituales.
1730 4395 2058 4465 Corporales

474 4470 900 4527 subdividuntur
932 4475 984 4528 in
1019 4475 1325 4535 doloriticas
1367 4491 1424 4537 et
1483 4487 1891 4552 peccaminosas
1923 4488 2055 4545 :do-

477 4561 712 4617 loriferae
776 4565 977 4620 iterum
1057 4567 1449 4628 discernuntur
1500 4576 1554 4630 in
1624 4579 1950 4639 morbil'eras
2004 4594 2059 4640 et

474 4662 740 4729 pmnales.
775 4663 1098 4736 Spirituales
1151 4669 1278 4724 item
1307 4671 1623 4729 dividuntur
1647 4677 1700 4731 in
1730 4679 2053 4751 irascibiles,

473 4757 926 4826 concupiseibiles
952 4769 1005 4813 et
1036 4761 1424 4820 rationabiles:
1455 4776 1508 4822 et
1536 4770 1896 4830 rationabiles
1929 4777 2059 4832 sub-

475 4845 794 4902 dividuntur
821 4850 872 4902 in
915 4851 1287 4919 phantasticas
1318 4867 1371 4911 et
1401 4861 1821 4919 intellectuales.
1866 4865 2056 4924 Adhuc

474 4937 595 4992 alia:
619 4951 746 4993 sunt
771 4943 1089 4999 voluntariae
1139 4961 1204 5000 ex
1238 4949 1435 5016 abusu,
1473 4953 1592 5006 alize
1637 4960 1963 5014 necessaria:
2003 4969 2057 5017 et

474 5028 1048 5100 im'olnntarize,sicm
1100 5041 1382 5106 passiones
1461 5046 1619 5100 dirue
1679 5050 2052 5122 inculpabiles.

478 5135 598 5192 qua:
625 5128 966 5180 consectaria
1001 5139 1055 5182 et
1088 5134 1454 5200 proprietates
1490 5150 1698 5196 naturze
1739 5158 1766 5196 a
1799 5144 2055 5203 Patribus

478 5226 770 5273 vocantur.

545 5329 634 5385 78.
673 5329 810 5385 Tum
838 5331 980 5387 aliud
1017 5337 1296 5404 passiones
1320 5352 1620 5410 corporeae,
1647 5356 1701 5400 et
1747 5346 1893 5404 aliud
1947 5351 2055 5421 spi-

471 5423 733 5490 rituales;
776 5434 884 5477 tum
924 5426 1072 5480 aliud
1123 5431 1594 5501 concupiscentia:
1644 5447 1699 5491 et
1756 5441 1904 5495 aliud
1938 5442 2053 5509 ire,

471 5517 614 5570 aliud
653 5520 880 5575 rationis
927 5531 982 5574 et
1020 5521 1168 5577 aliud
1226 5523 1538 5584 intellectus
1581 5545 1644 5585 ac
1711 5533 2056 5604 cogitationis

472 5611 773 5675 passiones.
817 5613 888 5668 At
919 5630 1104 5670 secum
1159 5617 1394 5674 invicem
1447 5635 1646 5678 coeunt
1693 5637 1744 5681 et
1775 5613 1895 5682 aliae
1935 5631 2055 5684 altis

475 5715 840 5770 cciipcrantur
871 5711 1152 5778 passiones
1181 5715 1434 5784 corporis
1461 5727 1515 5772 et
1557 5719 2047 5791 concupiscentia,

2169 3144 2338 3214 πάθη,
2369 3146 2461 3198 καὶ
2493 3145 2601 3197 τῶν
2631 3148 2727 3216 μὲν
2752 3147 3029 3217 δαιμόνων
3062 3148 3432 3220 προηγοῦνται
3456 3145 3518 3198 τὰ
3554 3140 3688 3209 πάθη,

2166 3236 2389 3290 ἕπονται
2420 3237 2476 3292 δὲ
2501 3239 2612 3301 τοῖς
2641 3240 2870 3294 πάθεσιν
2896 3241 2946 3293 οἱ
2973 3241 3251 3311 δαίμονες.

2239 3325 2337 3380 σε’.
2357 3327 2525 3398 Ἀρχὴ
2542 3328 2650 3381 τῶν
2669 3329 2858 3383 παθῶν
2884 3331 2976 3382 καὶ
2990 3331 3140 3384 αἰτία
3158 3333 3304 3385 ἐστὶν
3325 3333 3359 3402 ἡ
3378 3329 3686 3399 παράχρησις·

2168 3420 2568 3489 παραχρήσεως
2615 3421 2690 3486 δὲ,
2729 3423 2762 3492 ὴ
2801 3424 2976 3493 τροπή
3005 3439 3018 3452 ·
3054 3427 3272 3495 τροπῆς
3304 3426 3380 3490 δὲ,
3412 3427 3444 3494 ἡ
3474 3422 3592 3493 ῥοπὴ
3616 3417 3690 3483 τῆς

2169 3507 2460 3581 θελητικῆς
2508 3512 2695 3576 ἕξεως⁹
2756 3514 3024 3586 θελήσεως
3045 3518 3100 3570 δὲ
3158 3518 3425 3589 δοκίμιον,
3481 3517 3513 3585 ή
3557 3526 3692 3582 πέλω·

2171 3601 2302 3672 ϐολή
2341 3621 2356 3636 ο
2387 3605 2696 3676 προσϐολῆς
2757 3606 2836 3673 δὲ,
2870 3611 2919 3661 oi
2945 3608 3228 3679 δαίμονες,
3260 3611 3348 3664 διὰ
3365 3611 3458 3678 τῆς
3488 3603 3697 3676 προνοίας

2169 3695 2663 3766 παραχωρούμενον.
2739 3697 3010 3754 δεικνύειν
3065 3702 3130 3754 τὸ
3191 3702 3353 3774 ἡμῶν
3405 3694 3697 3764 αὐτεξούσιον

2163 3784 2351 3836 ὁποῖόν
2373 3786 2543 3840 ἐστιν.

2242 3931 2350 3989 σεῖ’.
2395 3927 2494 3991 Ἰὸς
2521 3928 2616 3982 τοῦ
2649 3929 2876 3999 κέντρου
2905 3932 3004 4002 τῆς
3034 3934 3322 4002 ἁμαρτίας
3357 3932 3486 4003 πρὶς
3519 3925 3706 3980 θάνατον

2167 4017 2200 4086 ἡ
2230 4017 2485 4089 ἐμπαθὴς
2538 4020 2651 4087 ἕξις
2845 4023 3024 4094 ψυχῆς
3048 4039 3062 4054 °
3097 4026 3364 4095 ἀκίνητον
3390 4026 3490 4093 γὰρ
3516 4021 3610 4089 ἔχει
3632 4013 3706 4065 καὶ

2167 4107 2547 4178 ἀμετάϐλητον
2613 4112 2706 4165 τὸν
2759 4114 2963 4182 τρόπον
3004 4117 3032 4168 ὁ
3071 4119 3187 4180 τοῖς
3239 4117 3441 4169 πάθεσι
3495 4106 3709 4164 tormini;

2169 4199 2452 4262 ἑκουσίως.

2241 4275 2336 4354 οξ.
2367 4292 2520 4364 Πάθη
2548 4294 2799 4361 λέγονται
2822 4279 3202 4371 πολυτρόπως,
3235 4297 3562 4369 διαιροῦνται
3588 4290 3634 4344 δὲ
3652 4288 3711 4348 εἰς

2173 4385 2489 4454 σωματικὰ,
2516 4389 2609 4440 καὶ
2637 4388 2869 4458 ψυχικά·
2905 4393 2974 4444 τὰ
3003 4391 3304 4462 σωματικὰ
3323 4383 3719 4456 ὑποδιαιροῦθται

2171 4474 2250 4535 είς
2300 4473 2544 4543 ἀλγεινὰ,
2577 4478 2674 4529 καὶ
2705 4479 3058 4549 ἁμαρτητικά
3079 4496 3091 4508 ·
3126 4479 3199 4532 τὰ
3231 4479 3465 4546 ἀλγεινὰ
3512 4471 3721 4526 ὑποδιαι-

2173 4568 2388 4638 ροῦνται
2414 4572 2490 4632 είς
2511 4573 2716 4641 νοσηρὰ
2735 4573 2829 4625 καὶ
2878 4572 3236 4625 παιδευτικά·
3274 4573 3348 4625 τὰ
3371 4569 3567 4640 duxi-451
3589 4563 3721 4615 πάλιν

2171 4661 2507 4731 διαιροῦνται
2529 4666 2610 4727 είς
2641 4663 2873 4734 θυμικά,
2903 4665 3297 4736 ὲπιθυμητικὰ
3325 4666 3424 4718 καὶ
3458 4652 3721 4728 λογιστικά·

2171 4751 2238 4806 τὰ
2256 4751 2541 4819 λογιστικὰ
2567 4755 3008 4825 ύποδιαιροῦνται
3033 4759 3112 4819 εἰς
3143 4754 3503 4824 φανταστικὰ
3532 4750 3617 4803 καὶ
3637 4746 3726 4797 δια·

2174 4845 2420 4913 νοητικὰ.
2488 4845 2708 4900 Τούτων
2759 4848 2828 4899 τὰ
2886 4848 2984 4917 μέν
3043 4850 3148 4901 εἰσι
3215 4849 3367 4900 κατὰ
3421 4843 3729 4916 «παράχρηω

2175 4933 2455 5004 θελητικὰ,
2511 4937 2581 4988 τὰ
2611 4937 2687 5002 δὲ,
2740 4939 2879 4991 κατὰ
2912 4940 3162 5010 ἀνάγκην
3219 4940 3491 5000 ἀκούσια,
3521 4937 3591 4996 ὡς
3612 4927 3728 4985 ἀδιά·

2175 5025 2345 5094 ϐλητα
2391 5027 2538 5096 πάθη
2601 5027 2890 5098 λεγόμενα,
2947 5028 2984 5083 ἃ
3039 5031 3133 5082 καὶ
3179 5025 3730 5099 παρακολουθήματα.

2178 5120 2270 5172 καὶ
2303 5120 2510 5186 φυσικὰ
2538 5119 2808 5187 ἰδιώματα
2830 5123 2882 5174 οἱ
2914 5121 3156 5191 Πατέρες
3185 5122 3493 5176 ἐκάλεσαν.

2229 5363 2333 5426 οη’.
2395 5358 2563 5411 Ἀλλα
2591 5357 2658 5412 τὰ
2713 5356 3004 5429 σωματικὰ
3049 5355 3222 5425 πάθη,
3259 5353 3362 5408 καὶ
3393 5349 3531 5409 ἄλλα
3552 5346 3617 5402 τὰ
3641 5343 3725 5414 ψυ-

2159 5451 2288 5521 χικά
2309 5468 2324 5481 ·
2354 5450 2423 5504 τὰ
2463 5451 2562 5520 τῆς
2592 5451 2892 5520 ἐπιθυμίας
2927 5451 3114 5521 ἕτερα,
3140 5449 3242 5501 καὶ
3270 5448 3415 5502 ἄλλα
3435 5445 3532 5500 τοῦ
3560 5436 3729 5510 Ouum?“

2158 5543 2322 5614 ἕτερα
2357 5541 2425 5596 τὰ
2463 5541 2557 5595 τοῦ
2609 5542 2944 5610 λογιστικοῦ,
2996 5540 3090 5594 καὶ
3112 5539 3254 5593 ἄλλα
3278 5539 3350 5592 τὰ
3377 5537 3472 5591 τοῦ
3514 5535 3628 5596 νοὸς
3656 5532 3730 5582 καὶ

2161 5634 2258 5703 τῆς
2323 5633 2597 5696 διανοίας·
2674 5631 2990 5687 κοινωνοῦσι
3015 5631 3070 5685 δὲ
3098 5630 3388 5699 ἀλλήλοις,
3441 5629 3534 5682 καὶ
3568 5637 3731 5691 συνερο

2160 5725 2315 5793 γοῦσι
2349 5725 2548 5796 θάτερα
2577 5726 2686 5788 τοῖς
2711 5723 2938 5794 ἑτέροις·
2972 5725 3037 5777 τὰ
3065 5724 3162 5794 μὲν
3179 5723 3510 5792 σωματικὰ,
3536 5717 3660 5785 πρὸς
3678 5713 3732 5763 τὰ
