3994 6206
402 294 526 356 1261

1436 288 1709 350 CAPITA
1754 286 1906 346 PER
1947 282 2608 346 ACROSTICUIDEM.

3518 271 3651 332 1262

382 422 479 490 τῆς
520 415 835 484 ἐπιθυμίας,
875 414 941 466 τά
969 412 1024 465 δὲ
1054 410 1285 480 ψυχικὰ,
1313 407 1444 477 πρὸς
1474 407 1539 459 τὰ
1566 404 1655 457 τοῦ
1699 404 1952 474 θυμικοῦ,

2092 400 2281 453 animat
2308 411 2362 453 et
2398 400 2514 460 irae,
2551 396 2778 451 rationis
2807 405 2857 449 et
2898 394 3222 457 intellectus,
3260 387 3569 443 intellectus
3602 375 3655 437 et

384 513 479 564 καὶ
510 510 675 563 πάλιν
698 508 768 559 τὰ
799 503 1106 573 λογιστικὰ,
1134 502 1266 572 πρὸς
1287 502 1355 553 τὰ.
1380 500 1561 569 νοερὰ,
1579 497 1753 551 καὶτὰ
1769 496 1954 566 νοερὰ,

383 606 522 676 πρὸς
552 604 619 656 τὰ
648 602 749 670 τῆς
804 599 1043 661 διανοίας
1076 598 1168 651 καὶ
1197 597 1292 665 τῆς
1353 596 1569 664 μνήμης
1636 592 1954 661 παθήματα.

452 695 549 748 00'.
582 691 767 763 Θυμοῦ
820 691 917 761 μέν
941 692 1046 743 εἰσι
1074 688 1242 757 πάθη,
1268 689 1425 755 όργὴ,
1458 685 1671 754 πικρία,
1717 682 1958 751 κραυγὴ,

383 786 657 857 ὀξυχολία,
692 784 913 853 θράσος,
946 780 1136 848 τύφος,
1171 777 1465 841 ἀλαζωνία,
1493 777 1584 828 καὶ
1618 776 1719 827 είτι
1752 773 1956 843 ἕτερον*

383 877 681 947 ἐπιθυμίας
710 874 790 935 δὲ.
827 871 1132 937 πλεονεξία,
1165 868 1451 930 ἀκολασία,
1479 864 1734 935 ἀκρασία,
1792 862 1964 929 ἀπλη-

385 969 534 1032 στία,
596 965 896 1036 φιληδονία,
951 963 1305 1034 φιλαργυρία,
1376 959 1635 1026 φιλαυτία
1681 954 1965 1025 ἡπάντων

383 1059 764 1131 χαλεπωτέρα·
792 1057 860 1109 τὰ
892 1056 947 1109 δὲ
978 1055 1079 1124 τῆς
1126 1053 1348 1123 σαρκὸς,
1409 1050 1657 1118 πορνεία,
1723 1044 1960 1114 μοιχεία,

384 1150 716 1221 ἀκαθαρσία,
766 1147 996 1210 ἀσωτία,
1032 1144 1235 1210 ἀδικία,
1268 1140 1706 1211 γαστριμαργία,
1739 1136 1962 1221 ἀκηδία,

386 1204 758 1315 περπερότης,
788 1204 1137 1309 φιλοκοσμία,
1175 1204 1459 1307 φέλὸζωῖᾷ,
1477 1204 1728 1286 -καὶ-είτι
1754 1204 1960 1297 ἑτερο)

387 1336 454 1390 τὰ
492 1337 548 1389 δὲ
570 1335 663 1389 τοῦ
691 1331 1005 1402 λογιστικοῦ
1040 1330 1238 1401 μέρους
1257 1330 1416 1387 εἰσὶν,
1446 1324 1693 1390 ἀπιστία,
1723 1323 1966 1393 βλασφη-

392 1428 490 1497 μία
514 1432 534 1491 ,⁸
576 1425 834 1495 πονηρία.
890 1421 1227 1491 πανουργία,
1284 1417 1641 1488 περιέργεια,
1700 1411 1962 1483 διψυχία,

388 1519 648 1589 λοιδορία,
696 1514 1020 1577 καταλαλιὰ,
1070 1512 1414 1582 κατάκρισις,
1480 1507 1848 1573 ἐξουδένωσις,
1882 1502 1968 1555 εὑ·

389 1607 684 1681 τραπελία,
720 1607 1033 1675 ὑπόκρισις,
1070 1602 1288 1672 ψεῦδος,
1318 1597 1693 1670 αἰσχρολογία,
1731 1596 1971 1665 μωρολο-

388 1704 511 1771 γία,
544 1700 869 1769 ὑπουλότης,
894 1697 1136 1765 είρωνία,
1169 1694 1428 1764 φανητία,
1452 1688 1967 1761 ἁνθρωπαρέσκεια,

392 1793 793 1865 μετεωρισμὸς,
857 1787 1156 1859 ἐπιορκίαι,
1191 1782 1531 1855 ἀργολογίαι,
1561 1782 1655 1834 καὶ
1688 1780 1756 1832 τὰ
1786 1777 1969 1830 λοιπά’

386 1858 457 1940 τὰ
483 1887 540 1938 δὲ
568 1858 826 1945 τοῦ-νοὸς,
881 1858 1081 1950 οἴησις,
1123 1878 1376 1946 ἔπαρσις,
1407 1872 1795 1943 μεγαλαυχίαι,
1829 1870 1968 1939 ἔρις,
2018 1858 2058 1916 Β

389 1977 577 2045 ζῆλος,
605 1972 997 2044 αὐταρέσκεια,
1024 1965 1328 2034 ἀντιλογία,
1388 1964 1642 2034 ἀνηκοῒα,
1676 1960 1967 2031 φαντασία,

389 2064 765 2134 ἀναπλασμοὶ,
802 2061 1175 2131 φιλενδειξίαι,
1239 2055 1537 2125 φιλοδοξία,
1592 2052 1968 2124 ὑπερηφανία,

385 2158 447 2210 τὸ
477 2156 692 2227 πρῶτον
746 2155 841 2207 καὶ
894 2156 1121 2220 ἔσχατον
1166 2152 1385 2205 πάντων
1414 2145 1526 2200 τῶν
1556 2145 1742 2202 κακῶν
1766 2160 1779 2173 ο
1826 2142 1895 2213 τά
1917 2141 1973 2192 δὲ

387 2252 485 2315 τῆς
536 2245 781 2309 διανοίας
808 2246 918 2298 εἰσὶ
987 2243 1182 2307 ταῦτα,
1208 2242 1541 2314 ρεμὸασμοὶ,
1578 2233 1972 2309 μετεωρισμοὶ,

386 2341 779 2411 αἰχμαλωσίαι,
814 2339 1097 2402 σκότωσις,
1124 2336 1421 2405 τύφλωσις,
1456 2335 1774 2401 ἁπαγωγαῖ,
1806 2346 1973 2398 προσε-

389 2435 565 2501 ϐολαὶ,
599 2430 1060 2499 συγκαταθέσεις.
1094 2429 1281 2501 ῥοπαὶ,
1313 2427 1537 2499 τροπαὶ,
1565 2422 1970 2495 παραρῤισμοὶ,

387 2530 483 2580 καὶ
511 2530 578 2581 τὰ
607 2528 770 2596 ὃμοια
817 2524 1046 2588 τούτων,
1111 2523 1187 2585 ὡς
1212 2522 1271 2573 ὲν
1321 2522 1431 2590 ὅρῳ
1460 2520 1516 2573 δὲ
1553 2519 1743 2587 φάναι,
1797 2516 1976 2569 πάντα

386 2620 455 2670 τά
487 2619 638 2686 παρὰ
696 2617 861 2685 φύσιν
907 2615 1056 2669 κακὰ
1109 2618 1233 2678 ταῖς
1260 2614 1408 2683 τρισὶ
1437 2613 1703 2681 δυνάμεσι
1742 2609 1840 2680 τῆς
1875 2608 1976 2677 ψυ-

391 2716 494 2783 χῆς
529 2711 927 2781 συνεμίγησαν,
980 2710 1170 2776 ὥσπερ
1221 2708 1317 2760 καὶ
1340 2706 1408 2757 τὰ
1452 2704 1633 2772 ἁγαθὰ
1683 2705 1741 2755 ἐν
1787 2702 1975 2761 αὑταῖς

391 2802 573 2857 πάντα
604 2802 1014 2871 συνυπάρχουσι
1044 2800 1185 2852 κατὰ
1210 2797 1386 2867 φύσιν.

468 2896 623 2950 π’.Ὢ
640 2896 735 2965 τῆς
762 2895 857 2947 τοῦ
880 2893 1043 2947 Δαϐὶδ
1076 2892 1212 2963 πρὸς
1232 2892 1323 2943 τὸν
1350 2891 1485 2943 Θεὸν
1517 2887 1633 2959 μετ’
1663 2884 1979 2953 ἐκπλήξεως

403 2989 833 3062 μεγαληγορίας,
879 2984 1306 3058 ἐθαυμαστώθη,
1360 2983 1630 3053 λέγοντος,
1680 2981 1744 3032 Ἡ
1776 2977 1977 3047 γνῶσίς

401 3098 495 3133 σου
527 3079 586 3144 ἐξ
614 3079 774 3149 ἐμοῦ,
823 3078 886 3131 οὐ
914 3077 1024 3147 γὰρ
1057 3076 1296 3146 δύναμαι
1328 3075 1463 3146 πρὸς
1493 3071 1664 3141 αὐτὴν
1699 3068 1976 3140 ἰσχυροτέ-

2085 491 2436 563 cogitationis
2470 489 2855 557 mctnorizeque
2887 487 3188 553 passiones.

2152 690 2243 748 79.
2284 692 2423 747 Vitia
2448 691 2735 747 irascihilis
2777 690 2968 743 animae
3019 698 3147 744 sunt
3187 690 3289 750 ira,
3330 683 3649 747 acrimonia,

2077 786 2419 856 jurgiositas,
2470 784 2832 847 irritabilitas,
2883 782 3130 848 audacia,
3176 780 3506 847 arrogantia,
3545 777 3655 845 glo-

2084 881 2263 943 riatio,
2317 890 2605 944 etcetera;
2664 877 3352 945 concupiscibilis.autem,
3404 869 3654 930 avaritia,

2083 972 2503 1030 incontinentia.
2529 969 2963 1036 intemperantia,
2990 966 3289 1025 insatiatus,
3318 960 3654 1029 voluptatum

2085 1064 2306 1132 cupido,
2343 1065 2457 1115 auri
2494 1062 2685 1124 l'atnes,
2738 1060 2821 1113 sui
2862 1058 3032 1127 ipsius
3082 1071 3253 1119 amor,
3287 1052 3378 1122 qui
3411 1061 3491 1105 est
3543 1066 3654 1101 Olll-

2087 1155 2235 1208 nium
2257 1154 2523 1221 pessimus
2551 1168 2565 1217 ;
2589 1161 2640 1204 et
2660 1152 2840 1204 carnis
2864 1147 3144 1217 passiones
3183 1156 3307 1199 sunt
3350 1139 3653 1199 foruicatic,

2087 1245 2343 1309 mmcltia,
2377 1243 2733 1311 impudicitia,
2787 1239 3131 1301 connissatio,
3166 1235 3449 1304 iniustitia,
3481 1231 3648 1300 inglu-

2088 1341 2231 1402 vies,
2262 1338 2470 1397 acedia,
2515 1335 2759 1401 fatuitas,
2784 1332 2967 1395 luxus,
2997 1332 3194 1385 nimius
3238 1330 3359 1381 vitae
3404 1341 3578 1388 amor,
3608 1335 3663 1379 et

2087 1432 2225 1496 alia;
2261 1440 2316 1485 et
2354 1427 2602 1488 rationis,
2624 1425 3001 1488 incredulitas,
3034 1421 3391 1489 blasphemia,
3427 1417 3657 1485 malitia,

2082 1518 2270 1586 'dolus,
2297 1520 2610 1583 curiositas,
2644 1516 2954 1586 duplicitas,
3014 1512 3355 1573 detrectatio,
3408 1508 3661 1562 dillama—

2093 1614 2600 1682 tio,condemnatio,
2656 1609 3008 1681 vituperatio,
3032 1606 3311 1670 dicacitas,
3332 1601 3661 1672 hypocrisis,

2089 1707 2454 1770 mendacium,
2486 1703 2897 1773 turpiloquium,
2926 1699 3255 1761 scurrilitas,
3274 1692 3658 1751 dissimulatio,

2093 1802 2293 1867 ironia,»
2316 1796 2632 1859 ostentatio,
2668 1790 3296 1864 placentiajnsolentia,
3339 1786 3659 1857 periurium,

2091 1894 2484 1963 vaniloquium,
2536 1899 2591 1945 et
2651 1888 2899 1958 reliqua;
2947 1898 3000 1940 et
3036 1885 3360 1945 intellectus,
3407 1894 3663 1949 pra-sum-

2089 1991 2218 2059 ptio,
2252 1985 2438 2050 elatio,
2478 1981 2763 2052 iactantia,
2799 1979 3100 2042 contentio,
3136 1976 3355 2036 invidia,
3387 1972 3661 2027 sullicieu-

2089 2086 2183 2145 tia,
2238 2077 2627 2142 contradictio,
2671 2072 3074 2134 inobedi-entia,
3105 2069 3411 2139 phantasia,
3462 2065 3660 2126 illusio,

2087 2173 2319 2235 vanitas,
2338 2169 2585 2239 gloriola,
2601 2166 2877 2233 superbia,
2904 2178 3025 2232 qua;
3041 2170 3121 2216 est
3139 2164 3370 2229 primum
3390 2160 3664 2211 ultimum-

2086 2282 2189 2336 que
2237 2264 2477 2317 manium
2539 2260 2844 2345 malorum;
2898 2265 2953 2309 et
3022 2254 3391 2322 cogitationis,
3462 2249 3661 2302 distra«

2086 2359 2318 2420 ctiones,
2350 2362 2567 2407 tumens
2625 2339 2872 2418 Spiriius,
2925 2345 3214 2409 servilitas,
3271 2339 3663 2401 obtenebratio,

2087 2444 2401 2509 obcaecatio,
2433 2441 2807 2510 evagatioues,
2835 2439 3184 2500 teutationes,
3204 2448 3521 2494 consensus,
3540 2446 3663 2500 pro-

2089 2538 2406 2608 pensiones.
2441 2533 2848 2595 inclinationes,
2867 2529 3227 2599 repulsiones,
3271 2534 3325 2581 et
3376 2522 3666 2578 httl‘ttlllsl-

2090 2632 2257 2693 milia,
2289 2630 2361 2682 ita
2392 2637 2472 2691 ut,
2537 2640 2645 2679 uno
2679 2625 2866 2686 verbo,
2932 2620 3116 2675 omnia
3172 2628 3356 2672 contra
3409 2626 3656 2669 natumut

2090 2724 2231 2775 mala
2262 2722 2316 2774 in
2345 2719 2521 2775 tribus
2558 2717 2750 2769 animae
2798 2714 3002 2766 viribus
3052 2711 3334 2765 commista
3366 2710 3497 2771 sint,
3522 2708 3665 2759 sicut

2092 2824 2143 2866 et
2171 2812 2353 2867 omnia
2375 2811 2528 2879 juxta
2569 2817 2813 2861 naturam
2833 2805 2969 2856 bona
3006 2804 3056 2855 in
3086 2801 3167 2856 eis
3182 2811 3307 2855 sunt
3328 2798 3662 2852 consociata.

2172 2906 2262 2958 80.
2312 2903 2370 2956 In
2425 2900 2624 2954 mentis
2675 2911 2899 2951 excessu
2930 2894 3099 2947 cﬂusa
3139 2908 3170 2947 ο
3211 2890 3663 2959 t'nagniloqnt-ntia

2092 2996 2309 3051 Davidis
2363 2997 2429 3047 ad
2527 2992 2689 3043 Dcttnt
2752 2987 2978 3042 dicentis
3014 2988 3034 3016 ’
3074 3001 3090 3041 ;
3133 3003 3149 3035 ι
3205 2982 3465 3036 Mirabilis
3526 2979 3665 3033 facta

2092 3100 2175 3143 est
2229 3086 2453 3142 scientia
2504 3095 2594 3138 tua
2650 3099 2713 3135 ex
2763 3088 2968 3147 meget
3019 3092 3121 3131 non
3187 3086 3376 3145 potero
3408 3074 3473 3127 ad
3521 3088 3663 3134 eam,

402 3188 503 3242 ραν
565 3170 729 3224 οὖσαν
757 3167 876 3222 ’καὶ
928 3168 1219 3237 ἀνέφικτον
1279 3166 1418 3235 ὑπὲρ
1469 3164 1566 3233 τὴν
1604 3161 1743 3232 ἐμὴν
1774 3157 1972 3226 ἀσθενῆ

2092 3181 2213 3249 quia
2278 3176 2579 3232 confortata
2639 3183 2761 3236 est,
2801 3190 2819 3221 ›
2876 3182 2932 3224 et
2996 3170 3306 3231 inaccessa,
3370 3173 3427 3219 et
3503 3178 3664 3229 supe-

398 3265 602 3332 γνῶσιν
628 3264 721 3315 καὶ
764 3262 995 3333 δύναμιν
1034 3261 1131 3331 τὴν
1159 3248 1270 3313 ἐπ”
1303 3259 1461 3327 ἑμοί·
1498 3256 1611 3318 πῶς
1648 3255 1744 3308 καὶ
1775 3257 1807 3323 ἡ
1842 3252 1981 3323 σὰρξ

400 3355 787 3423 ἀκατάληπτος
841 3353 982 3421 αὓτη
1032 3352 1175 3405 κατὰ
1209 3351 1309 3418 τὴν
1342 3348 1592 3403 σύνθεσιν
1632 3348 1733 3416 τῆς
1754 3345 1981 3398 διαπλά-

402 3463 540 3507 σεως
609 3443 762 3507 οὖσα,
816 3444 1099 3512 τριαδικὴν
1144 3443 1202 3495 ἑν
1254 3441 1472 3511 ἑκάστῳ
1521 3440 1671 3501 εῖδει,
1722 3439 1815 3490 καὶ
1847 3438 1977 3508 μίαν

400 3540 632 3609 ἔχουσαν
669 3538 766 3605 τὴν
800 3536 1068 3605 ἁρμονίαν
1095 3535 1205 3587 τῶν
1241 3534 1388 3587 ἰδίων
1418 3532 1594 3603 μελῶν
1640 3532 1733 3585 καὶ⁸
1775 3529 1977 3600 μερῶν,

401 3631 497 3683 καὶ
548 3626 770 3697 ἀριθμῷ
825 3626 1165 3695 ἑϐδοματικῷ
1193 3625 1431 3693 δευτέρῳ
1471 3624 1811 3692 τιμωμένην,
1843 3622 1979 3690 ὅπερ

400 3708 593 3791 χρόνον
620 3720 712 3773 καὶ
743 3718 904 3788 φύσιν
926 3718 1065 3771 κατὰ
1097 3719 1223 3779 τοὺς
1272 3715 1671 3786 ἀριθμητικοὺς
1705 3712 1978 3783 ἑμφαίνει,

399 3812 476 3874 ὼς
505 3808 646 3865 εἶναι
694 3813 785 3865 καὶ
814 3811 945 3863 αὐτὸ
973 3813 1056 3872 εἰς
1089 3810 1248 3876 δόξαν
1282 3808 1418 3862 Θεοῦ
1454 3810 1686 3876 ὄργανον
1718 3810 1980 3874 ἐκφαντο-

406 3905 559 3976 ρικὸν
608 3906 894 3976 τριαδικῆς
947 3903 1432 3975 μεγαλοπρεπείας
1466 3898 1976 3970 φυσιολογούμενον,

401 3997 546 4048 κατὰ
580 3997 704 4058 τοὺς
729 3997 974 4065 ἑνεργεῖς
999 3995 1198 4065 νόμους
1228 3994 1464 4062 φύσεως.

474 4086 589 4140 πα’.
625 4087 796 4156 Νόμοι
828 4086 1041 4155 φύσεώς
1065 4087 1201 4138 εἰσιν
1233 4088 1288 4137 αἱ
1326 4084 1476 4137 ποιαὶ
1508 4082 1618 4135 τῶν
1649 4081 1976 4151 ἐνεργουμέ-

404 4195 513 4231 νων
558 4177 734 4248 μελῶν
782 4178 1093 4242 συνθέσεις,
1134 4176 1200 4239 ἃς
1244 4178 1337 4229 καὶ
1384 4175 1711 4244 ἑτερότητας
1752 4174 1779 4225 ὁ
1823 4173 1979 4238 λόγος

401 4271 684 4336 ἐκάλεσεν,
728 4270 803 4333 ὡς
835 4270 1343 4341 πολυμερείας,τῶν
1386 4269 1529 4323 ἰδίων
1569 4267 1866 4336 ίδιοτήτων.
1912 4267 1979 4317 Ἢ

403 4365 602 4429 πάλιν,
638 4364 801 4434 νόμος
847 4365 1074 4433 φυσικός
1131 4365 1276 4417 ἐστιν
1312 4364 1345 4434 ἡ
1379 4365 1611 4416 ἑκάστου
1668 4363 1842 4425 εἴδους
1887 4363 1980 4414 καὶ

406 4456 606 4524 μέλους
636 4457 888 4526 ἐνέργεια
923 4458 979 4509 ἑν
1009 4456 1257 4525 δυνάμει.
1290 4456 1500 4523 Ὥσπερ
1534 4454 1642 4524 γὰρ
1671 4456 1698 4506 ὁ
1727 4453 1858 4514 Θεὸς
1883 4453 1979 4521 τὴν

399 4548 623 4601 ἃπασαν
655 4550 853 4612 κτίσιν,
889 4548 1061 4611 οὕτως
1089 4550 1122 4618 ἡ
1162 4547 1307 4619 ψυχὴ
1333 4548 1400 4599 τὰ
1434 4548 1527 4599 τοῦ
1559 4548 1808 4616 σώματος
1845 4548 1974 4615 μέλη

402 4642 499 4693 καὶ
537 4643 770 4711 ἐνεργεῖ,
804 4640 896 4693 καὶ
926 4643 1065 4692 κινεί
1095 4641 1325 4693 ἑκαστον
1360 4638 1495 4710 πρὸς
1536 4639 1634 4710 τὴν
1673 4638 1807 4692 ίδίαν
1839 4636 1985 4701 ἐνέρ-

400 4751 580 4801 γειαν.
634 4732 907 4802 Ζητητέον
952 4733 1007 4786 δὲ
1056 4734 1161 4785 τίνι
1213 4735 1355 4803 λόγῳ
1395 4733 1484 4785 τὸν
1529 4733 1699 4802 θυμὸν
1747 4732 1838 4784 καὶ
1880 4731 1979 4799 τὴν

403 4824 724 4893 ἐπιθυμίαν,
757 4824 888 4876 ποτὲ
926 4825 1021 4894 μὲν
1052 4826 1100 4877 oi
1128 4824 1375 4894 θεοφόροι
1406 4825 1616 4895 ἄνδρες,
1652 4826 1748 4894 τῆς
1777 4824 1978 4891 σαρκὸς

400 4914 546 4970 εἶναι
595 4917 898 4984 φάσκουσι,
936 4917 1065 4969 ποτὲ
1094 4917 1181 4981 δὲ,
1215 4919 1296 4970 ὅτι
1323 4916 1422 4985 τῆς
1451 4917 1627 4987 ψυχῆς
1670 4918 1777 4969 εἱσι
1816 4914 1978 4967 δυνά-

403 5025 546 5077 μεις.
589 5008 697 5061 Καί
727 5026 938 5078 φαμεν,
972 5010 1054 5062 ὃτι
1089 5010 1347 5078 οὐδεμίαν
1378 5009 1735 5078 ἁσυμφωνίαν
1765 5008 1979 5078 ἔχουσιν

399 5102 451 5153 οἱ
491 5100 640 5168 λόγοι
679 5100 786 5154 τῶν
832 5102 1003 5169 ἁγίων
1034 5102 1188 5171 παρὰ
1219 5105 1332 5163 τοῖς
1372 5102 1615 5171 ἀκριόὡς
1648 5101 1844 5153 εἰδόσιν
1885 5100 1979 5152 αὐ-

401 5192 550 5259 τοὺς,
582 5191 697 5244 ἀλλ’
737 5194 1036 5262 ἀμφότεροι
1069 5192 1413 5262 ἀληθεύουσι,
1438 5195 1691 5246 καὶκατὰ
1714 5193 1775 5246 τὸ
1810 5210 1980 5263 προσ-

401 5286 539 5355 ῆκον
580 5288 678 5349 τὰς
721 5289 1094 5357 ποοσηγορίας
1147 5289 1535 5341 ἑναλλάσσουσι
1586 5289 1728 5342 πάνυ
1762 5289 1938 5357 σοφῶς
1963 5328 1976 5351 ,

404 5378 494 5430 διὰ
522 5379 620 5448 τὴν
649 5382 905 5451 ἀρρήτως
932 5381 1097 5449 ἄμφω
1122 5382 1336 5448 γένεσιν
1368 5384 1445 5445 είς
1473 5383 1532 5434 τὸ
1559 5379 1698 5435 εἶναι
1727 5382 1867 5435 κατὰ
1889 5382 1980 5434 τὸν

403 5470 503 5539 τῆς
563 5472 951 5543 συνυπάρξεως
997 5473 1198 5543 τρόπον
1224 5492 1236 5505 ο
1276 5473 1352 5537 ὡς
1402 5471 1541 5528 εἶναι
1586 5475 1684 5544 μὲν
1727 5473 1907 5527 τελεία
1946 5475 1977 5543 ἡ

406 5562 555 5633 ψυχὴ
604 5565 700 5618 ἀπ’
749 5565 1040 5629 ἐντεῦθεν,
1093 5568 1281 5631 ἀτελὲς
1324 5569 1379 5621 δὲ
1429 5570 1489 5620 τδ
1524 5568 1713 5638 σῶμα,
1754 5567 1841 5620 διὰ
1880 5567 1979 5638 τὴν

408 5656 710 5730 θρεπτικὴν
745 5658 994 5726 αὔξησιν.
1056 5660 1116 5712 'll
1166 5660 1312 5729 ψυχὴ
1345 5660 1451 5728 γὰρ
1505 5660 1827 5729 καθἀὑτὴν
1868 5660 1979 5729 ἔχει

493 5849 518 5881 ⁹
539 5848 682 5904 Psal.
710 5866 946 5915 cxxsvtt,
967 5857 1024 5910 6.

2094 3275 2207 3329 rior
2235 3272 2399 3326 debili
2438 3270 2663 3324 scientia
2696 3282 2815 3320 mea
2847 3274 2901 3319 et
2952 3264 3159 3319 viribus
3191 3263 3347 3323 meis,
3396 3259 3663 3325 quomodo

2093 3374 2146 3420 et
2183 3365 2354 3434 ipsius
2382 3362 2565 3415 carnis
2600 3359 2758 3427 hujus
2789 3353 3359 3425 incomprehensibilis
3397 3361 3481 3405 est
3531 3366 3664 3402 con—

2092 3455 2441 3512 formatiouis
2491 3450 2835 3520 compositio,
2863 3464 2979 3516 quae
3006 3442 3202 3501 trin‘am
3257 3447 3306 3498 in
3342 3457 3664 3511 unoquoque

2095 3562 2292 3616 genere
2337 3556 2391 3599 et
2445 3544 2658 3598 unicam
2718 3543 2884 3595 habet
2912 3555 3133 3593 suorum
3203 3537 3567 3589 membrorum
3604 3550 3664 3587 ac

2098 3639 2332 3706 partium
2375 3636 2739 3695 harmoniam,
2790 3642 3012 3699 septeno
3066 3638 3120 3681 et
3167 3628 3294 3681 hino
3343 3628 3663 3678 mstituatam

2095 3742 2342 3791 numero,
2376 3725 2465 3794 qui
2528 3735 2737 3791 tempus
2777 3731 2831 3775 et
2880 3730 3127 3774 naturam
3169 3716 3466 3771 secundum
3497 3716 3666 3767 arith-

2093 3820 2325 3874 melicos
2370 3817 2702 3886 signiﬁcant,
2736 3815 2808 3867 ita
2843 3823 2902 3866 ut
2955 3820 3011 3865 et
3044 3812 3143 3880 ipsi
3206 3812 3270 3863 ad
3309 3810 3530 3876 gloriam
3574 3807 3664 3858 Det

2096 3911 2384 3966 conferant
2416 3917 2699 3975 augustam
2722 3906 3043 3959 Trinitatem
3072 3904 3290 3971 physice
3310 3903 3667 3961 oszeutlendo,

2091 4004 2240 4070 juxta
2272 4000 2517 4054 efﬁcaces
2548 4008 2758 4052 natura:
2794 3996 2956 4066 leges.

2167 4096 2254 4149 8|.
2309 4094 2512 4161 Repnta
2549 4092 2690 4160 leges
2730 4096 2936 4143 naturae
2982 4101 3105 4140 esse
3140 4084 3494 4155 particularcs
3555 4100 3669 4135 mn-

2097 4198 2273 4242 tornm
2339 4185 2706 4241 membrorum
2763 4181 3219 4249 compositiones,
3300 4193 3433 4247 quas
3501 4180 3664 4230 etiam

2095 4294 2278 4333 sermo
2314 4287 2469 4330 vocat
2516 4276 2872 4338 differentias,
2944 4274 3069 4341 quia
3119 4281 3246 4326 sunt
3295 4272 3457 4323 varia:
3490 4280 3668 4339 partes

2097 4372 2437 4440 propriorum
2494 4368 2903 4421 attributorum.
2937 4364 3032 4419 Vel
3095 4379 3283 4418 rursus
3320 4363 3404 4415 lex
3458 4372 3665 4415 naturm

2105 4475 2188 4517 est
2254 4464 2519 4529 cujusque
2594 4462 2810 4529 generis
2869 4469 2962 4513 aut
3029 4458 3257 4512 membri
3312 4460 3556 4529 Operatio
3617 4457 3667 4508 in

2030 4532 2070 4585 ί)
2104 4556 2364 4624 potentia.
2443 4552 2510 4607 Ut
2571 4554 2716 4606 enim
2775 4550 2915 4604 Deus
2967 4564 3158 4604 omnes
3217 4560 3532 4612 creaturas,
3590 4550 3669 4601 sic

2098 4647 2279 4698 anima
2307 4645 2555 4712 c0rp0ri5
2596 4654 2745 4697 artus
2798 4655 2995 4704 movet,
3033 4652 3083 4694 ct
3116 4642 3263 4694 dttcit
3313 4657 3670 4709 unumquem-

2098 4754 2201 4806 que
2230 4737 2292 4790 ad
2329 4734 2597 4804 propriam
2632 4735 3025 4802 operationem.
3060 4733 3448 4798 [inquirendum
3486 4742 3663 4784 autem

2095 4841 2179 4885 est
2206 4846 2314 4899 quo
2356 4843 2519 4881 sensu
2550 4836 2752 4894 partem
2785 4826 3107 4879 irascihilem
3130 4825 3666 4894 etconcupiscihilem

2096 4925 2203 4979 divi
2241 4922 2433 4978 Patres
2460 4921 2622 4975 modo
2654 4920 2861 4981 carnis.
2925 4920 3085 4973 modo
3136 4918 3333 4971 anith
3390 4919 3662 4986 putentias

2100 5024 2434 5083 nuncupent.
2469 5015 2532 5067 lit
2590 5012 2823 5066 dicimus
2860 5012 3060 5064 nullam
3113 5011 3167 5064 in
3215 5008 3524 5065 Sanctorum
3556 5027 3670 5063 ser-

2098 5110 2345 5163 monibus
2380 5107 2771 5161 dissonantium
2811 5104 3042 5157 inveniri
3092 5106 3159 5156 ab
3187 5105 3267 5156 his
3297 5105 3389 5171 qui
3421 5118 3515 5156 eos
3546 5117 3671 5167 pet--

2095 5202 2316 5263 callent,
2353 5200 2443 5251 sed
2498 5200 2642 5265 ipsos
2699 5198 2951 5262 utrinque
3004 5211 3189 5249 verum
3228 5194 3432 5255 dicere,
3471 5202 3526 5245 et
3567 5208 3664 5260 pro

2096 5292 2445 5359 congruentia
2501 5291 2803 5345 locutiones
2860 5301 3071 5342 mutare
3136 5288 3293 5339 Valde
3358 5286 3659 5354 Sapienter,

2096 5386 2218 5453 quia
2284 5398 2482 5451 corpus
2537 5392 2590 5436 et
2646 5384 2822 5435 anima
2889 5380 3237 5433 inelTabilitcr
3268 5389 3391 5447 apta
3444 5387 3569 5431 sunt
3596 5382 3663 5431 ad

2096 5486 2334 5528 mutuam
2371 5474 2834 5544 conjunctionem,
2863 5474 2934 5525 ita
2981 5480 3038 5523 ut
3072 5468 3308 5538 perfecta
3360 5469 3471 5535 jam’
3521 5482 3665 5521 nunc

2092 5568 2159 5620 sit
2221 5567 2423 5630 anima,
2483 5568 2859 5636 imperfectum
2917 5580 3046 5616 veto
3096 5578 3313 5630 corpus,
3344 5571 3527 5629 utpote
3568 5576 3668 5630 per

2090 5662 2448 5714 nutritioncm
2482 5676 2757 5715 crescens.
2791 5656 3033 5713 Numa-ue
3058 5659 3237 5709 anima
3264 5654 3665 5727 concupiscibi-
