3960 6190
493 233 642 324 ιεδξι

1730 248 2114 328 GREGORII
2156 249 2484 311 SlNAlT/E

3517 258 3610 324 lilii

490 371 597 423 lem
631 368 927 438 appetitum
980 375 1034 421 et
1080 365 1182 419 vim
1225 362 1554 419 irascibilcm
1587 379 1692 433 qua
1722 375 1965 420 movetur
1993 363 2052 419 ad

2159 363 2242 419 καὶ
2267 355 2496 434 δύναμιν
2526 364 2818 436 όρεκτικῆς
2844 364 3152 435 ἐπιθυμίας,
3185 365 3271 419 καὶ
3293 364 3489 437 θυμικὴν
3511 373 3609 437 πρὸς

492 459 866 515 fortitudinem
925 473 1094 521 amor,
1152 456 1206 508 in
1239 455 1412 524 seipsa
1443 455 1602 508 habet
1651 472 1680 508 a
1729 454 2056 510 formatione

491 569 608 618 sua,
644 549 926 604 rationalis
955 557 1139 601 creata
1169 554 1224 601 et
1260 547 1661 603 intellectualis.
1693 546 1878 617 Neque
1908 549 2052 602 enim

489 648 777 698 concreata
827 648 912 694 est
941 640 1042 707 ipsi
1076 639 1404 694 irrationalis
1433 639 1509 693 ira
1541 649 1596 694 et
1647 654 1835 695 amens
1862 655 2055 695 concu-

492 730 775 803 piscentia,
809 728 949 782 sicut
979 743 1078 784 nec
1106 729 1158 783 in
1189 743 1415 798 corpore
1455 729 1609 800 prius
1644 747 1660 795 ;
1697 731 1792 786 sed
1847 731 2056 801 plasma

493 820 902 890 incorruptibile
957 831 1076 874 erat
1113 819 1315 890 absque
1366 821 1684 876 humoribus
1743 837 1812 876 ex
1857 823 2056 893 quibus

489 913 926 984 concupiscentia
961 921 1019 966 et
1053 912 1131 965 ira
1170 912 1416 968 bestiolis
1473 922 1672 968 secuta
1727 922 1876 970 sunt.
1953 913 2053 969 Ubi

488 1005 631 1058 enim
679 1021 773 1075 per
807 1005 1228 1059 inobedicntiam
1292 1005 1452 1059 homo
1523 1005 1808 1060 brutorum
1860 1024 2052 1062 corru-

487 1097 663 1165 ptioni
694 1108 750 1151 et
779 1097 1123 1150 crassitudini
1157 1096 1428 1163 subjectus
1451 1106 1552 1162 est,
1573 1099 1880 1152 neceSsario
1902 1102 1978 1153 ira
2003 1111 2057 1154 et

488 1189 931 1258 concupiscentia
986 1189 1037 1243 in
1069 1203 1133 1242 eo
1158 1189 1644 1252 degeneraverunt.
1681 1190 1805 1243 ldeo
1835 1191 2057 1247 mortale

489 1294 684 1348 corpus
713 1277 906 1333 aninia:
936 1279 1198 1332 voluntati
1250 1295 1350 1347 per
1381 1283 1515 1333 iram
1563 1290 1616 1333 et
1665 1282 2056 1351 concupiscen-

495 1372 626 1424 tiam
676 1371 899 1435 resistit,
927 1386 1050 1425 cum
1072 1371 1422 1437 dominatur;
1471 1384 1595 1424 cum
1643 1383 1822 1426 autem
1854 1374 2052 1428 rationi

490 1463 753 1532 subjacet,
779 1463 1014 1516 animam
1038 1463 1090 1517 in
1111 1463 1267 1518 bonis
1286 1464 1538 1532 operibus
1556 1465 2055 1532 sequitur.Quando

491 1555 640 1608 enim
682 1555 967 1609 commista
1025 1566 1078 1610 et
1113 1557 1338 1611 confusa
1373 1568 1497 1611 sunt
1527 1560 1818 1614 adventitia
1873 1563 2054 1615 Carnis

489 1663 612 1701 cum
639 1647 832 1703 anima:
851 1649 1291 1716 proprietatibus,
1319 1660 1444 1704 tunc
1469 1652 1664 1706 similis
1689 1663 1767 1706 est
1791 1652 2054 1720 jumentis

2146 467 2397 540 ἀνδρείαν
2447 467 2646 536 ἔρωτος
2703 466 3014 536 κινητικὴν,
3067 464 3169 516 ἀπὸ
3223 465 3312 534 τῆς
3349 467 3610 534 διαπλάσεως

2145 557 2335 626 αὐτῆς,
2358 555 2579 624 λογικῆς
2609 553 2923 623 κτισθείσης
2953 552 3046 604 καὶ
3089 555 3287 622 νοερᾶς.
3315 553 3381 605 Οὐ
3417 554 3505 625 γὰρ
3529 574 3612 610 συν.

2145 646 2371 716 εκτίσθη
2418 645 2554 716 αὐτῇ
2591 644 2762 714 θυμὸς
2809 644 3034 710 ἄλογος,
3090 644 3181 695 καὶ
3211 642 3357 706 ἄνους
3383 644 3614 716 ἐπιθυμία·

2145 738 2334 808 ὥσπερ
2367 737 2488 790 οὐδέ
2529 738 2587 790 ἐν
2629 738 2697 807 τῇ
2739 736 2905 805 σαρκὶ
2947 736 3234 804 πρότερον·
3266 736 3388 790 ἀλλὰ
3418 739 3616 804 πλασθὲν,

2145 825 2421 899 ἄφθαρτον
2445 821 2514 896 ἦν
2542 827 2714 895 χωρὶς
2745 823 2958 894 χυμῶν,
2997 823 3055 887 ἐξ
3079 817 3151 877 ὧν
3175 827 3206 894 ή
3243 826 3473 896 ἐπιθυμία
3515 829 3624 882 καὶὸ

2148 913 2315 984 θυμὸς
2357 915 2385 967 6
2441 911 2710 984 θηριώδης
2763 911 3186 982 ἐπηκολούθησε.
3250 914 3389 967 Μετὰ
3433 916 3519 986 γὰρ
3553 917 3623 988 τήν

2146 1005 2432 1076 παρακοήν
2479 1003 2814 1058 ὑποπεσόντι
2848 1005 2913 1074 τῇ
2966 1004 3142 1074 φθορᾷ
3184 1005 3272 1058 καὶ
3309 1008 3368 1076 τῇ
3413 1007 3626 1080 παχύτητι

2144 1095 2254 1150 τῶν
2305 1095 2514 1163 ἀλόγων
2535 1135 2550 1160 ,
2604 1093 2665 1159 ἐξ
2696 1095 2944 1164 ἀνάγκης
2977 1096 3075 1147 καὶ
3114 1096 3142 1147 6
3175 1094 3330 1165 θυμὸς
3366 1098 3445 1148 καὶ
3475 1100 3501 1166 ή
3539 1101 3628 1152 ἐπι.

2147 1186 2316 1257 θυμία
2362 1179 2430 1238 ἐν’
2471 1186 2620 1256 αὐτῷ
2647 1185 2896 1254 ἐνέκυψε.
2937 1186 3036 1239 Διὰ
3079 1184 3232 1239 τοῦτο
3272 1186 3370 1256 γάρ
3401 1188 3480 1240 καὶ
3515 1189 3631 1241 ἐναν-

2145 1279 2356 1332 τιοῦται
2386 1278 2466 1350 τῷ
2494 1278 2794 1348 βουλήματι
2822 1279 2923 1348 τῆς
2959 1276 3136 1347 ψυχῆς
3161 1279 3293 1332 κατά
3323 1295 3376 1330 τε
3407 1279 3481 1331 τὸν
3506 1279 3631 1349 θυμὸν

2145 1371 2242 1424 καὶ
2270 1371 2368 1442 τὴν
2397 1369 2717 1439 ἐπιθυμίαν,
2749 1371 2838 1422 ὅτε
2870 1369 3138 1440 κυριεύει.
3177 1369 3334 1423 Ἐπὰν
3367 1369 3417 1421 δέ
3443 1371 3634 1441 ὑποταγῇ

2147 1461 2208 1515 τὸ
2247 1459 2439 1530 θνητὸν
2473 1460 2552 1531 τῷ
2589 1459 2812 1530 λογικῷ,
2853 1460 3049 1514 ἕπεται
3079 1458 3208 1528 πρὸς
3231 1459 3324 1530 τήν
3352 1459 3445 1512 τῶν
3470 1461 3635 1527 ἀγαθῶν

2150 1554 2433 1624 ἐνέργειαν
2464 1556 2530 1623 τῇ
2555 1552 2719 1622 ψυχῇ.
2755 1553 2887 1605 Ὅτε
2919 1551 3031 1621 γὰρ
3063 1551 3419 1622 συνεφύρησαν
3444 1553 3521 1604 καὶ
3541 1553 3638 1604 ἀνα-

2151 1642 2248 1713 μὶξ
2297 1645 2546 1712 ἐγένοντο
2597 1645 2665 1696 τὰ
2711 1644 2810 1708 τῆς
2847 1641 3056 1712 σαρκὸς
3097 1641 3378 1694 ἐπείσακτα
3419 1640 3531 1710 μετὰ
3567 1643 3638 1708 τῆς

492 1740 674 1806 homo,
705 1740 808 1809 legi
838 1741 1044 1810 peccati
1084 1756 1116 1794 η
1138 1745 1409 1797 ecessario
1438 1754 1492 1797 et
1523 1753 1712 1798 natura
1751 1746 2052 1816 subjacens,

2159 1735 2323 1806 {auxi};
2354 1735 2622 1807 ίδιὼματα
2643 1775 2658 1800 ,
2695 1735 2816 1788 τότε
2856 1734 3117 1804 ὡμοιώθη
3163 1735 3267 1797 τοῖς
3296 1734 3515 1802 κτήνεσιν
3545 1732 3640 1784 ὑπο-

491 1842 651 1895 alque
681 1836 872 1887 brutus
900 1849 962 1886 ex
996 1834 1242 1889 rationali
1270 1843 1321 1888 et
1343 1849 1504 1904 pecus
1523 1851 1589 1890 ex
1617 1837 1833 1892 homine
1852 1837 2050 1892 lactus.

560 2092 651 2147 82.
677 2094 814 2150 Tum
843 2111 965 2152 cum
989 2093 1169 2153 anima
1196 2100 1293 2170 per
1315 2101 1548 2157 amatum
1579 2104 1857 2162 rationalis
1873 2117 1925 2162 et
1958 2124 2052 2176 per

494 2187 824 2253 spiraculum
879 2190 1002 2244 vita
1050 2191 1438 2249 intellccmalis
1467 2205 1650 2250 creata
1687 2207 1792 2264 est,
1830 2200 1965 2253 iram
1998 2213 2052 2255 et

485 2280 980 2348 concupiscentiam
1010 2283 1290 2338 bestialem
1319 2299 1426 2340 non
1457 2289 1769 2343 concreavit
1799 2291 1848 2344 ei
1882 2291 2044 2356 Deus,

486 2371 580 2424 sed
615 2373 717 2424 vim
751 2373 999 2442 cupiendi
1033 2377 1384 2445 appetitivam
1418 2387 1473 2434 et
1525 2394 1647 2434 cum
1680 2395 1744 2436 ea
1776 2380 2054 2437 fortitudi-

488 2476 611 2514 nem
644 2466 927 2520 suavitatis
952 2469 1290 2523 amatricem.
1325 2469 1403 2524 Ita
1433 2485 1534 2527 nec
1565 2473 1777 2543 corpori
1823 2474 2053 2530 formato

494 2551 630 2604 iram
665 2562 720 2606 et
743 2557 1233 2624 concupiscentiam
1261 2560 1628 2616 irrationalem
1665 2564 1733 2619 ab
1785 2563 1938 2619 initio
1967 2566 2052 2619 in-

494 2642 666 2706 didit;
695 2646 786 2698 sed
833 2648 1101 2713 posterius
1134 2663 1230 2719 per
1269 2649 1692 2708 inobedientiam
1742 2652 1944 2710 factum
1971 2668 2054 2712 est

492 2735 737 2800 mortale,
786 2738 1142 2806 corruptibile
1177 2755 1238 2795 ac
1273 2743 1522 2808 bestiale,
1549 2744 1602 2797 in
1643 2745 1730 2799 illa
1789 2756 2052 2802 mutatum

491 2825 690 2891 quibus
709 2826 1061 2882 assimilatum
1082 2837 1183 2884 est.
1209 2829 1342 2886 Nam
1361 2849 1582 2902 corpus,
1619 2837 1772 2892 aiunt
1794 2839 2053 2910 theologi,

489 2917 626 2971 licet
708 2919 1073 2989 corruptionis
1127 2937 1314 2992 capax,
1373 2924 1785 2997 incorruptibile
1816 2943 2052 2985 creatum

487 3014 596 3072 est,
629 3006 770 3062 sicut
795 3022 846 3064 et
877 3012 1056 3064 anima
1087 3012 1456 3082 impassibilis.
1494 3019 1598 3074 Sed
1628 3035 1749 3075 cum
1783 3023 1881 3077 sibi
1915 3024 2055 3078 invi-

491 3113 608 3152 cem
639 3100 1027 3155 coordioentur
1075 3113 1130 3157 et
1188 3110 1594 3163 communicent
1652 3114 2052 3169 naturalissima

492 3189 610 3258 lege
634 3190 811 3244 anima
839 3200 896 3247 et
953 3208 1164 3263 corpus,
1217 3200 1378 3252 ambo
1425 3210 1676 3271 corrupta
1735 3211 1790 3258 et
1828 3204 2054 3260 confusa

491 3291 638 3345 sunt,
683 3283 797 3337 hare
826 3285 1166 3351 passionibus
1212 3303 1306 3344 seu
1349 3292 1527 3360 potius
1575 3295 1908 3352 daemonibus
1948 3311 2058 3352 tra-

489 3374 623 3440 dita,
651 3373 780 3428 illud
814 3377 1222 3434 irrationalibus
1251 3380 1512 3448 iumentis
1537 3385 1898 3442 assimilatum
1921 3390 1970 3444 vi
2001 3399 2056 3446 et

493 3467 692 3520 robore
725 3475 899 3522 status
939 3470 1024 3523 sui
1059 3472 1322 3526 mortalis.
1359 3471 1422 3527 Et
1460 3475 1741 3532 amborum
1775 3479 1915 3535 vires
1947 3496 2054 3536 una

490 3558 816 3628 conjuncta
857 3562 1305 3620 uuamhestiam
1367 3565 1444 3621 ira
1503 3579 1558 3622 et
1612 3572 2052 3642 concupiscentia

487 3648 856 3706 irrationalem
924 3663 980 3707 et
1028 3666 1293 3711 amentem
1345 3659 1656 3724 eﬂ'eceruut,
1699 3671 1752 3717 et
1778 3665 1857 3718 sic
1909 3675 2055 3722 totus

490 3746 652 3796 homo
693 3753 1036 3812 comparatus
1084 3755 1171 3800 est
1223 3748 1484 3818 iumentis
1507 3791 1523 3818 ,
1559 3761 1616 3805 ut
1647 3751 1722 3808 ait
1750 3751 2053 3825 Scriptura,

485 3845 538 3889 ct
571 3837 764 3892 similis
794 3837 966 3894 lactus
995 3848 1076 3894 est
1104 3837 1235 3895 illis.

2149 1824 2327 1895 κύψας
2361 1824 2440 1896 τῷ
2474 1825 2627 1898 νόμῳ
2666 1825 2768 1896 τῆς
2798 1825 3079 1896 ἁμαρτίας
3109 1824 3195 1877 διὰ
3224 1825 3315 1894 τήν
3345 1823 3550 1891 ἀνάγκην
3568 1822 3641 1890 τῆς

2151 1917 2384 1987 φύσεως,
2416 1917 2610 1988 κτῆνος
2645 1919 2709 1970 ἐκ
2742 1916 2984 1986 λογικοῦ,
3014 1916 3113 1970 καὶ
3139 1915 3395 1988 θηρίονοέξ
3421 1912 3643 1984 ἀνθρώπου

2149 2010 2459 2078 γενόμενος.

2221 2100 2332 2171 πβ’.
2391 2102 2660 2173 Καθάπερ
2718 2105 2783 2173 τῇ
2842 2101 2989 2172 ψυχῇ
3053 2101 3138 2154 διὰ
3184 2099 3276 2152 τοῦ
3327 2097 3644 2169 ἐμφυσήματος

2151 2195 2624 2267 δημιουργηθείσῃ
2660 2197 2878 2266 λογικῇ,
2914 2195 3008 2248 καὶ
3043 2195 3205 2264 νοερᾷ
3242 2193 3323 2245 δια
3347 2193 3434 2260 τῆς
3469 2187 3646 2254 ζωτικῆς

2152 2286 2504 2355 ἐμπνεύσεως
2522 2326 2537 2350 ,
2576 2286 2749 2357 θυμὸν
2779 2287 2876 2342 καὶ
2901 2285 3204 2356 ἐπιθυμίαν
3243 2279 3466 2352 κτηνὼδη
3487 2281 3536 2333 οὐ
3557 2296 3647 2331 σνν-

2153 2379 2366 2433 έκτισεν
2410 2380 2547 2448 αὑτῇ
2581 2381 2609 2432 6
2637 2379 2792 2444 Θεὸς,
2821 2379 2936 2432 ἀλλ’
2979 2377 3223 2448 ἐφέσεως
3249 2375 3460 2444 δύναμιν
3489 2372 3649 2442 ὀρεκτι-

2153 2471 2278 2542 κὴν,
2325 2473 2420 2524 καὶ
2467 2470 2604 2542 πρὺς
2652 2471 2790 2540 αὐτῇ
2844 2468 3084 2534 θέλξεως
3128 2468 3369 2539 ἀνδρείαν
3413 2463 3649 2536 ἐρωτικήν

2154 2559 2327 2624 οὕτως
2354 2559 2474 2613 οὐδὲ
2509 2559 2589 2631 τῷ
2633 2560 2868 2631 σώματι,
2910 2559 3382 2631 πλαστουργήσας,
3412 2555 3554 2624 θυμὸν
3586 2552 3653 2605 καὶ

2155 2652 2451 2722 ἐπιθυμίαν
2481 2652 2676 2720 ἄλογον
2705 2653 2856 2725 παρά
2895 2653 2994 2718 τὰς
3027 2655 3208 2725 ἀρχὰς
3230 2652 3481 2718 ἐνέθηκεν.
3503 2647 3654 2700 Ὕστε-

2159 2762 2252 2817 ρον
2305 2745 2413 2817 γάρ
2466 2745 2642 2800 ταῦτα
2697 2747 2787 2799 διὰ
2831 2747 2930 2817 τῆς
2977 2746 3272 2817 παρακοῆς
3315 2740 3574 2815 προσέλαϐε
3611 2736 3656 2790 τὸ

2161 2836 2392 2906 θνητὸν,
2445 2835 2538 2890 καὶ
2593 2837 2858 2909 φθαρτὸν,
2907 2837 3002 2892 καὶ
3063 2836 3361 2907 κτηνῶδες,
3405 2835 3455 2888 ἐν
3496 2825 3558 2894 οἷς
3588 2828 3656 2882 καὶ

2158 2928 2416 2999 ὡμοιώθη
2448 2928 2760 2999 γενόμενον.
2803 2929 2877 2982 Τὸ
2913 2929 3024 3001 γὰρ
3055 2932 3236 3001 σῶμα,
3285 2927 3431 2996 φασὶν
3462 2926 3502 2976 οι
3525 2919 3656 2974 050M-

2160 3041 2246 3093 γοι
2269 3064 2284 3088 ,
2327 3025 2602 3095 ἄφθαρτον
2647 3025 2871 3096 ἐκτίσθη
2893 3065 2908 3089 ,
2949 3019 3066 3079 οἷον
3093 3027 3188 3079 καὶ
3219 3022 3556 3091 ἀναστήσεται,
3583 3015 3657 3066 κᾶν

2160 3115 2405 3169 δεκτικὸν
2437 3116 2544 3188 [ιον.
2575 3116 2700 3170 add.
2734 3115 2989 3188 φθορᾶς],
3027 3117 3222 3186 ὥσπερ
3249 3116 3337 3169 καὶ
3363 3109 3532 3183 ήψυχή
3557 3109 3658 3159 ἀπα-

2165 3204 2285 3276 θής·
2347 3206 2698 3278 Ἐφθάρησαν
2759 3207 2803 3260 δ’
2847 3208 3143 3277 ἀμφότερα
3186 3208 3280 3260 καὶ
3328 3198 3659 3271 συνεκράθήσαν

2163 3299 2252 3352 διὰ
2279 3298 2368 3352 τὸν
2398 3299 2777 3366 φυσικώτατον
2805 3298 3009 3367 θεσμὸν
3043 3300 3143 3368 τῆς
3171 3299 3251 3360 εἰς
3279 3295 3463 3364 ἄλληλα
3485 3302 3660 3358 περικω-

2168 3391 2384 3462 ρὴσεώς
2406 3409 2464 3444 τε
2493 3393 2586 3445 καὶ
2615 3391 2972 3461 μεταδόσεως,
3001 3391 3042 3460 ἦ
3073 3407 3135 3442 τε
3160 3387 3306 3459 ψυχὴ
3334 3385 3420 3440 καὶ
3439 3383 3489 3436 τὸ
3513 3377 3660 3446 arbitr

2171 3482 2205 3553 ἡ
2258 3481 2358 3550 μὲν
2401 3484 2512 3545 τοῖς
2547 3481 2778 3546 πάθεσι,
2822 3480 3026 3550 μᾶλλον
3068 3480 3128 3534 δέ
3163 3480 3372 3548 δαίμοσι
3402 3471 3662 3527 ποιωθεῖσα·

2172 3555 2236 3627 τό
2265 3574 2322 3626 δὲ
2376 3576 2488 3638 τοῖς
2526 3574 2741 3640 ἀλόγοις
2780 3574 3039 3642 κτήνεσιν
3079 3571 3486 3641 ἐξομοιούμενον,
3518 3563 3572 3632 τῇ
3596 3557 3665 3625 τῆς

2170 3666 2556 3727 καταστάσεως
2599 3665 2867 3735 ἐνεργείᾳ,
2908 3665 3001 3716 καὶ
3036 3665 3105 3735 τῇ
3142 3657 3448 3731 ἐπικρατείᾳ
3475 3655 3553 3722 τῆς
3580 3649 3664 3718 φθθ

2172 3757 2292 3826 ρᾶς.
2346 3756 2456 3810 Καὶ
2488 3757 2567 3818 εἰς
2611 3754 2668 3808 ἓν
2705 3754 2813 3809 τῶν
2854 3754 3194 3824 ἀμφοτέρων
3226 3753 3281 3806 αἱ
3312 3749 3536 3815 δυνάμεις
3559 3735 3668 3808 γενό-

2176 3866 2353 3919 μεναι,
2393 3845 2452 3899 ἓν
2489 3846 2685 3915 κτῆνος
2716 3845 2909 3914 ἄλογον
2940 3846 3040 3897 καὶ
3076 3845 3240 3899 ἄνουν
3270 3842 3344 3911 τῷ
3369 3834 3507 3907 θυμῷ
3529 3831 3598 3885 καὶ
3623 3830 3667 3894 τῇ

481 3942 750 4013 ἐπιθυμίᾳ
788 3939 1083 4009 γενόμενον
1135 3931 1515 3986 ἀπετέλεσανο
1575 3931 1672 3983 καὶ
1718 3927 1863 4007 οὕτω
1903 3945 1921 3979 ι
1962 3929 2422 4000 παρασυνξόλήθη
2478 3933 2595 3993 τοῖς
2649 3933 2890 4002 κτήνεσι,
2953 3936 3105 3988 κατὰ
3178 3937 3277 4007 τὴν
3319 3935 3536 4006 Γραφὴν,
3592 3925 3664 3977 καὶ

482 4034 744 4108 ὡμοιώθη
764 4033 972 4094 αὐτοῖς,
1005 4046 1022 4079 ι
1054 4027 1200 4080 κατὰ
1221 4025 1400 4078 πάντα
1419 4022 1642 4093 τρόπον.

555 4133 645 4185 83.
682 4127 750 4183 Ut
795 4130 1008 4182 initium
1063 4137 1119 4182 et
1165 4131 1317 4200 origo
1357 4134 1611 4185 virtutum
1645 4144 1728 4188 est
1769 4133 1910 4188 bona
1954 4151 2051 4190 vo-

486 4220 688 4287 luntas,
713 4219 921 4274 scilicet
968 4220 1186 4273 virtutis
1220 4223 1571 4286 desiderium,
1599 4223 1678 4277 sic
1713 4223 1850 4276 Deus
1881 4239 2039 4278 causa

489 4324 572 4366 est
607 4323 660 4367 ct
695 4313 814 4366 fons
838 4313 1014 4366 omnis
1048 4313 1200 4366 boni.
1251 4312 1482 4368 Virtutis
1510 4316 1685 4368 adhuc
1717 4315 1925 4368 initium
1969 4327 2052 4371 est

492 4405 648 4466 lides,
713 4401 798 4455 vel
861 4403 1039 4470 petius
1103 4402 1371 4466 Christus,
1439 4403 1530 4472 qui
1583 4415 1666 4457 est
1715 4415 1864 4474 petra
1904 4404 2049 4473 ﬁdei,

489 4504 545 4546 ct
575 4492 900 4562 principium
956 4491 1470 4562 fundamentumque
1506 4493 1660 4549 nobis
1695 4505 1778 4548 est
1807 4497 2048 4550 omnium

2231 4124 2339 4194 πγ’.
2409 4125 2576 4196 Ἀρχὴ
2628 4125 2737 4179 τῶν
2784 4125 2997 4196 ἀρετῶν
3056 4126 3152 4178 καὶ
3217 4128 3437 4192 γένεσις,
3473 4118 3501 4186 ἡ
3531 4107 3666 4181 ἀγαθὴ

2164 4217 2454 4288 πρόθεσις,
2499 4218 2598 4270 εἶτ’
2640 4213 2735 4270 οὖν
2785 4219 2818 4286 ή
2870 4215 3061 4285 ἔφεσις
3112 4214 3206 4268 τοῦ
3244 4211 3433 4267 καλοῦ·
3473 4201 3668 4270 ὥσπερό

2162 4309 2292 4369 Θεὸς
2345 4309 2494 4361 αἰτία
2552 4309 2648 4362 καὶ
2696 4307 2846 4376 πηγὴ
2905 4307 3112 4368 παντὸς
3162 4302 3388 4372 ἀγαθοῦ.
3425 4291 3579 4352 Καλοῦ
3629 4288 3670 4342 δὲ

2164 4402 2306 4472 ἀρχή
2361 4403 2393 4471 ή
2443 4400 2644 4465 πίστις,
2694 4400 2974 4469 μᾶλλονδὲ
3002 4401 3031 4452 ό
3064 4397 3324 4468 Χριστὸς,
3359 4396 3390 4464 ή
3429 4392 3574 4458 πέτρα
3601 4383 3671 4449 τῆς

2165 4494 2429 4558 πίστεως,
2461 4493 2522 4546 ὃν
2560 4493 2635 4556 ὡς
2677 4491 2852 4564 ἀρχὴν
2883 4494 2975 4545 καὶ
3019 4489 3276 4561 θεμέλιον
3307 4487 3486 4557 ἐχομεν
3507 4480 3671 4532 πάντων

488 4587 772 4648 virtutum,
831 4584 884 4637 iu
937 4600 1046 4652 quo
1093 4583 1385 4640 fundamus
1431 4593 1484 4639 et
1533 4585 1859 4642 mdilicamus
1887 4603 2048 4641 omne

2165 4585 2272 4639 τῶν
2306 4585 2539 4657 ἀρετῶν,
2565 4587 2622 4639 ἐν
2710 4585 3045 4655 βεϐήκαμεν,
3083 4583 3183 4636 καὶ
3207 4573 3331 4655 ἐν
3355 4568 3672 4660 οίκοδομοξιιεν

486 4677 707 4730 bonum.
753 4676 851 4731 llic
889 4688 972 4732 est
1001 4676 1139 4744 lapis
1185 4677 1462 4746 angularis
1514 4691 1611 4732 nos
1656 4678 1874 4733 sibimet
1920 4694 2051 4734 con-

479 4769 730 4837 jungens,
762 4779 812 4823 et
850 4770 1082 4838 pretiosa
1132 4770 1446 4838 margarita,
1493 4785 1656 4837 quam
1689 4785 1939 4841 quaerens
1968 4773 2050 4826 in-

487 4874 704 4927 gressus
730 4859 1045 4912 altissimam
1092 4859 1460 4928 quietudinem
1499 4866 1832 4928 monachus,
1863 4880 2052 4919 omnes

485 4965 616 5004 suas
650 4952 950 5004 voluntates
975 4953 1155 5004 vendit
1195 4967 1257 5005 ac
1299 4955 1564 5007 mandatis
1588 4955 1792 5022 subdit,
1837 4965 1897 5010 ut
1928 4958 2052 5012 inde

484 5044 629 5097 illam
661 5047 922 5112 acquirat.

557 5225 643 5277 85.
694 5223 904 5277 Tenent
966 5222 1372 5276 similitudinem
1427 5223 1565 5277 inter
1605 5237 1665 5277 se
1693 5223 1946 5290 Virtutes,
1999 5239 2053 5282 ct

485 5335 672 5375 Omnes
746 5321 797 5374 in
866 5335 1032 5372 unum
1091 5319 1446 5382 conveniunt,
1525 5329 1577 5374 et
1638 5335 1808 5391 genus
1885 5338 2048 5376 unum

497 5429 764 5483 unamque
792 5413 1083 5467 coniiciunt
1116 5412 1375 5482 speciem.
1402 5410 1540 5467 Sunt
1570 5413 1714 5468 enim
1741 5415 1970 5471 virtutes
2001 5426 2056 5470 et

487 5510 730 5566 virtutes,
773 5516 827 5559 et
879 5505 997 5559 alia;
1039 5505 1162 5559 aliis
1217 5504 1467 5573 majores,
1503 5516 1689 5575 utp0te
1719 5506 1920 5561 multas
1965 5510 2051 5566 vel

485 5598 650 5650 etiam
685 5607 904 5650 cunctas
928 5597 1450 5667 comprehendcutes
1493 5614 1557 5652 ac
1581 5599 2002 5666 complectentes
2036 5620 2050 5656 :

488 5688 628 5741 sicut
654 5703 807 5740 amor
839 5689 954 5754 Dei,
988 5691 1283 5757 humilitas,
1319 5703 1373 5744 ct
1402 5693 1584 5746 divina
1615 5693 1902 5761 patientia.
1965 5693 2052 5749 Di-

489 5775 567 5828 cit
603 5775 742 5827 eaim
775 5777 841 5831 de
869 5779 970 5832 hac
1023 5779 1284 5852 Dominus
1324 5797 1340 5838 :
1395 5800 1413 5833 ι
1448 5782 1505 5836 ln
1565 5783 1826 5852 patientia
1871 5795 2049 5839 vestra

487 5862 840 5935 possidebitis
913 5849 1146 5924 animas:
1174 5879 1384 5926 vestras
1449 5849 1609 5941 (Luc.
1668 5870 1964 5942 “1,49):
1999 5883 2051 5928 at

2166 4679 2274 4732 πᾶν
2296 4678 2518 4746 ἀγαθόν.
2544 4658 2711 4742 Οὗτος
2734 4679 2761 4731 6
2794 4677 2938 4738 λίθος
2963 4678 2989 4728 6
3013 4674 3428 4745 ἀκρογωνιαῖοςν
3453 4668 3478 4720 δ
3499 4658 3674 4746 συνδέων

2163 4771 2312 4842 ἡμᾶς
2346 4745 2575 4839 ἐαυτῷ,
2634 4770 2728 4822 καὶ
2791 4770 2819 4822 6
2882 4767 3190 4836 πολύτιμος
3250 4758 3590 4834 μαργαρίτης·
3632 4745 3673 4796 ὃν

2165 4862 2343 4934 ζητῶν
2374 4863 2402 4915 ὁ
2440 4865 2521 4926 εἰς
2553 4862 2647 4917 τδν
2680 4861 2844 4931 βυθὸν
2880 4859 2980 4929 τῆς
3011 4858 3254 4928 ἡσυχίας
3292 4851 3525 4908 εἰσδύνων
3551 4856 3674 4934 prva-

2165 4927 2281 5021 χδς.
2320 4951 2498 5004 πάντα
2529 4949 2598 5003 τὰ
2628 4927 2947 5019 ὑπάρχοντα
2979 4944 3139 5014 αὺτῷ
3193 4943 3480 5012 θελήματα,
3518 4927 3675 5021 πιπρά-

2135 5078 2139 5082 -
2167 5018 2287 5096 σκει
2317 5043 2404 5096 διὰ
2433 5043 2532 5112 τῆς
2563 5040 2810 5111 ὑπακοῆς
2837 5038 2944 5111 τῶν
2970 5035 3234 5099 ἐντολῶν,
3270 5034 3355 5087 ἵνα
3379 5028 3464 5086 ἀπ’
3489 5018 3676 5079 ὲντευθεν

2169 5136 2329 5189 αὑτὸν
2361 5135 2653 5202 κτήσηται.

2240 5226 2345 5280 πδ’.
2395 5225 2636 5293 Ἰσότητα
2665 5221 2798 5290 πρὸς
2836 5219 3073 5290 ἀλλήλας
3107 5221 3167 5272 αἱ
3211 5217 3400 5288 ἀρεταὶ
3429 5213 3676 5302 κέκτηνται,

2170 5321 2263 5374 καὶ
2314 5319 2484 5371 πᾶσαι
2531 5318 2611 5378 είς
2661 5315 2717 5366 ἓν
2769 5315 3122 5382 συνάγονται,
3184 5312 3278 5363 καὶ
3322 5309 3414 5361 ἕνα
3455 5306 3578 5373 ὅρον,
3615 5309 3678 5346 "'-

2169 5411 2307 5476 εἶδος
2341 5412 2543 5482 ἀρετῆς
2591 5407 3025 5480 συμπληροῦσιν.
3068 5407 3198 5461 Εἰσὶ
3241 5407 3348 5476 γὰρ
3392 5398 3577 5472 ἀρεταὶ,
3609 5388 3672 5441 καὶ

2168 5507 2304 5560 είσίν
2349 5481 2560 5574 ἀρετῶν
2602 5501 2797 5572 ἀρεταὶ
2833 5501 3092 5572 μείζους,
3141 5500 3221 5562 ὡς
3275 5481 3672 5584 erepturum-1'11

2170 5595 2482 5650 συνεκτικαὶ
2513 5593 2621 5646 τῶν
2663 5592 2944 5658 πλειόνων,
2973 5591 3004 5662 ῆ
3041 5592 3139 5646 καὶ
3184 5592 3418 5645 πάντων
3449 5583 3562 5650 ὡςή
3591 5578 3673 5676 Θειέξ

2168 5688 2376 5757 αγάπη,
2404 5685 2496 5738 καὶ
2527 5686 2558 5756 ἡ
2589 5683 2934 5743 ταπείνωσις.
2965 5683 3064 5736 καὶ
3100 5685 3135 5753 ἡ
3165 5682 3286 5735 θεία
3316 5669 3673 5772 timum???"-

2151 5784 2260 5855 γὰρ
2295 5783 2324 5837 ό
2356 5780 2561 5850 Κύριος
2607 5779 2736 5846 περὶ
2761 5776 2953 5844 αὐτῆς·
2991 5793 3011 5826 ι
3076 5777 3169 5830 Ἐν
3203 5777 3267 5846 τῇ
3300 5770 3522 5842 ὑπομονῇ
3551 5765 3670 5855 ὑμῶν

2155 5873 2429 5946 κτήτασθε
2478 5874 2574 5934 τᾶς
2621 5871 2797 5941 ψυχὰς
2827 5870 3015 5934 ὑμῶν’
3079 5889 3097 5921 ι
3136 5869 3228 5922 καὶ
3273 5868 3369 5920 οὐκ
3409 5861 3568 5917 εἶπεν·
3601 5850 3666 5904 Ἕν
