3994 6206
1598 237 1689 253 αηης,

386 392 523 458 1265

1411 395 1495 451 CA
1512 391 1683 451 PlTA
1732 388 1881 448 l’Ell
1924 377 2391 444 ACROSTICHI
2406 377 2584 438 DEM.

3476 372 3612 438 1206

356 507 422 573 τῇ
446 497 667 569 νηστείᾳ
692 495 868 565 ὑμῶν,
901 497 957 566 ἢ,
985 494 1063 564 Τῇ
1096 491 1375 562 ἀγρυπνίᾳ
1404 489 1577 560 ὑμῶν.
1622 487 1934 559 ’Υπομονῆς

2084 506 2149 543 οη
2213 490 2349 543 dixit
2392 487 2492 543 ειη
2553 484 2759 557 jejunio
2812 492 3014 550 vestro,
3042 493 3134 539 aut
3187 485 3241 539 in
3280 485 3476 555 vigiliis
3532 504 3622 543 ve-

356 595 412 648 δὲ
443 593 588 659 λέγω
608 629 623 653 ,
658 588 757 657 τῆς
802 587 946 639 κατά
987 585 1118 637 Θεὸν
1149 580 1483 651 γινομένης,
1513 580 1611 651 τῆς
1666 578 1936 648 βασιλίδος

356 686 466 739 τῶν
513 680 755 754 ἀρετῶν,
802 678 899 731 τοῦ
952 674 1205 746 θεμελίου
1249 672 1357 726 τῶν
1407 669 1936 741 ἀνδραγαθημάτων.

357 773 506 843 Α’ύτη
551 771 661 841 γάρ
692 771 862 835 ἐστιν,
897 766 1058 835 αὕτη,
1090 766 1122 833 ἠ
1167 766 1225 817 ὲν
1257 761 1516 832 πολέμοις
1554 760 1768 831 εἰρήνη,
1807 760 1841 828 ἡ
1881 759 1942 811 ὲν

358 864 501 937 ζάλῃ
536 863 769 933 γαλήνη,
806 861 839 930 ἡ
875 861 933 912 ἐν
980 859 1091 921 τοῖς
1126 854 1534 925 κατορθωκόσιν
1589 854 1763 924 αὐτὴν
1806 853 1942 906 ἀπε-

364 958 652 1028 ρίτρεπτος
708 954 956 1024 ἵδρυσιςο
1006 949 1074 1020 ἢν
1122 947 1224 1017 ούχ
1274 945 1415 999 ὅπλα
1461 945 1555 998 καὶ
1600 943 1835 1015 δόρατα,
1878 943 1941 997 ού

362 1046 701 1119 στρατόπεδα
755 1042 1066 1113 ἀφιέμενα,
1120 1040 1220 1109 οὐχ
1263 1036 1403 1107 αὓτη
1450 1039 1483 1105 ἡ
1528 1034 1637 1089 τῶν
1672 1036 1943 1106 δαιμόνων

362 1138 706 1211 παράταξις,
757 1135 855 1206 ούχ
911 1135 946 1204 ἡ
998 1132 1206 1201 ζοφερά
1262 1129 1369 1183 τῶν
1422 1128 1680 1182 ἐναντίων
1731 1126 1944 1197 φάλαγξ

366 1231 566 1302 βλάψαι
602 1229 923 1298 δυνήσονται
960 1224 1051 1278 τὸν
1089 1224 1296 1293 ταύτην
1339 1221 1684 1291 κτησάμενον
1721 1221 1779 1273 ὲν
1812 1220 1947 1291 Χρι-

367 1323 478 1394 στῷ
524 1319 725 1391 Ἰησοῦ.

435 1413 541 1469 πέ.
601 1413 668 1466 Δί
723 1409 957 1482 ἀρεταὶ,
1007 1407 1113 1460 κᾶν
1160 1405 1409 1476 ἀλλήλων
1453 1404 1562 1457 εἰσί
1595 1400 1948 1474 γεννητικαί,

366 1508 483 1563 ἀλλ’
512 1508 577 1559 ὲκ
603 1505 712 1558 τῶν
739 1502 909 1574 τριῶν
942 1500 1229 1568 δυνάμεων
1258 1500 1357 1569 τῆς
1395 1497 1572 1568 ψυχῆς
1613 1496 1712 1567 τὴν
1737 1495 1951 1564 γένεσιν

369 1600 606 1670 ἔχουσιν,
646 1595 776 1650 ἄνευ
818 1592 927 1646 τῶν
971 1592 1156 1647 θείων.
1192 1590 1351 1644 Αἰτία
1388 1589 1497 1659 γὰρ
1535 1588 1627 1641 καὶ
1661 1588 1804 1657 ἁρχὴ
1844 1586 1953 1640 τῶν

368 1689 650 1757 τεσσάρων
679 1683 914 1755 γενικῶν
954 1686 1011 1736 ὲν
1042 1685 1155 1744 τοῖς
1190 1681 1583 1751 φυσικοῖςικαί
1626 1678 1786 1732 θείων
1823 1678 1954 1748 ἀρε-

2053 583 2201 636 suis.
2244 581 2565 637 Patientiam
2626 588 2803 633 autem
2853 578 2972 633 dico
3021 592 3139 647 quae
3191 588 3274 635 est
3328 581 3619 635 secundum

2054 674 2247 738 Deum,
2282 689 2402 744 qute
2429 674 2613 744 regina
2644 682 2729 729 est
2764 671 3055 736 virtutum,
3099 674 3474 739 bonorumque
3495 687 3623 738 ope-

2056 783 2174 822 rum
2210 766 2635 821 fundamentum.
2663 763 2788 819 Haec
2815 771 2899 819 est
2921 762 3064 818 enim
3096 763 3151 816 in
3187 762 3326 817 bello
3362 778 3484 832 pax,
3510 763 3623 815 Ιιίεε

2055 863 2456 933 intempestate
2510 860 2799 924 serenitas,
2836 860 2951 915 haec
3004 858 3408 929 possidentibus
3450 859 3621 927 ipsam

2056 953 2383 1009 inconcussa
2437 953 2618 1019 sedes,
2651 967 2815 1021 quam
2869 952 2914 1007 si
2967 951 3090 1021 quis
3137 952 3190 1005 in
3234 950 3453 1005 Christo
3494 948 3626 1004 Jesu

2055 1046 2285 1116 adeptus
2312 1056 2419 1109 est,
2508 1061 2618 1100 non
2668 1045 2747 1100 illi
2807 1059 2957 1099 artua
2983 1053 3037 1100 et
3081 1044 3209 1109 tela,
3246 1060 3354 1099 non
3398 1044 3625 1097 militum

2056 1137 2310 1207 impetus,
2343 1155 2454 1193 non
2486 1138 2598 1208 ipsa
2647 1138 2956 1193 daemonum
2986 1137 3153 1202 acies,
3188 1152 3293 1192 non
3329 1136 3630 1192 tenebrosa:

2058 1230 2294 1285 hostium
2324 1240 2556 1285 catervae
2587 1245 2784 1285 nocere
2815 1240 3064 1299 possunt.

2128 1410 2219 1465 85.
2259 1410 2491 1465 Invicem
2549 1409 2798 1479 quamvis
2849 1424 2909 1465 se
2958 1419 3219 1481 generent
3258 1411 3506 1475 virtutes,
3561 1427 3628 1465 ex

2057 1502 2231 1556 tribus
2284 1511 2463 1557 tamen
2540 1501 2737 1557 animae
2809 1502 3019 1557 viribus
3101 1503 3370 1573 originem
3424 1507 3631 1560 ducunt

2066 1595 2313 1665 exceptis
2345 1595 2681 1668 theologicis.
2728 1596 2864 1653 Nam
2927 1606 3160 1666 quatuor
3195 1598 3426 1652 virtutes
3450 1599 3629 1652 cardi-

2060 1687 2229 1753 nales,
2253 1702 2372 1756 qua:
2403 1688 2678 1744 naturales
2707 1700 2834 1744 sunt
2888 1704 2952 1744 ac
2991 1690 3207 1753 divinae,
3236 1700 3290 1745 et
3327 1704 3392 1743 ex
3427 1691 3623 1759 quibus

369 1783 499 1849 τῶν,
532 1780 592 1844 ἐξ
619 1773 695 1834 ὧν
722 1778 819 1831 καὶ
868 1779 925 1829 ἐν
956 1769 1043 1839 αἷς
1075 1776 1127 1826 αί
1158 1772 1347 1825 λοιπαὶ
1372 1770 1743 1835 συνίστανται,
1770 1769 1870 1839 τῆς
1895 1787 1956 1822 τε

2076 1791 2111 1834 ιι
2142 1781 2193 1834 iu
2228 1780 2421 1849 quibus
2448 1792 2660 1836 caetera:
2693 1784 3022 1847 consistunt,
3070 1783 3284 1837 scilicet
3321 1786 3629 1853 prudentia,

374 1876 712 1945 φρονήσεως,
769 1870 865 1924 καὶ
910 1867 1189 1940 ἀνδρείας,
1249 1864 1607 1934 σωφροσύνης
1645 1881 1703 1916 τε
1746 1864 1843 1916 καὶ
1876 1862 1957 1915 δι-

2076 1872 2338 1939 ὀιυιίιιιάο,
2366 1875 2721 1942 temperantia
2769 1884 2824 1930 et
2858 1875 3091 1945 justitia,
3124 1892 3345 1930 causam
3382 1888 3435 1931 et
3464 1879 3631 1946 origi-

377 1952 700 2034 καιοσύνης,
734 1962 882 2016 ἔστιν
930 1962 963 2031 ἡ
1000 1958 1121 2012 θεία
1145 1957 1255 2010 τῶν
1293 1954 1559 2022 θεολόγων
1590 1952 1959 2025 πνκευματοκίο

374 2074 536 2127 νητος
569 2054 753 2123 σοφία,
791 2052 932 2106 κατά
970 2050 1096 2104 νοῦν
1144 2048 1425 2118 τετραχῶς
1471 2045 1792 2115 κινουμένη.
1826 2044 1963 2114 ,Ούχ

377 2148 496 2215 ἅμα
530 2145 585 2198 δὲ
622 2143 801 2206 πάσας
838 2141 1073 2210 ἐνεργεῖ,
1118 2137 1235 2192 ἀλλ’
1275 2136 1382 2206 ἰδίᾳ
1412 2134 1651 2203 ἑκάστην
1693 2135 1751 2185 ὲν
1782 2131 1963 2202 καιρῷ

380 2236 552 2303 αὐτῆς
596 2232 779 2295 καθὼς
830 2229 1079 2300 βούλεται
1109 2244 1123 2281 τ
1160 2226 1257 2280 καὶ
1293 2225 1391 2295 τὴν
1422 2223 1543 2293 μὲν,
1575 2222 1650 2286 ὡς
1680 2222 1795 2291 φῶς
1819 2238 1833 2252 ·
1864 2220 1964 2290 τὴν

379 2327 462 2389 δὲ,
511 2326 586 2389 ὡς
632 2323 863 2392 δύναμιν
912 2320 1094 2387 ὀξεῖαν
1140 2319 1237 2372 καὶ
1280 2318 1595 2386 ἀεικίνητον
1624 2315 1958 2385 ἔμπνευσινο

380 2417 480 2485 τὴν
504 2415 583 2477 δὲ,
610 2413 685 2476 ὡς
717 2411 1046 2480 ἀγιαστικὴν
1082 2410 1313 2479 δύναμιν
1336 2408 1431 2461 καὶ
1458 2407 1798 2478 καθαρτικήν
1821 2422 1835 2435 '
1866 2405 1966 2475 τὴν

378 2507 457 2571 δὲ,
510 2507 586 2568 ὡς
615 2503 806 2574 δρόσον
850 2500 1076 2569 ἁγνείας
1107 2498 1517 2569 εύφραντικὴν,
1566 2497 1661 2550 καὶ
1689 2495 1783 2548 τοῦ
1830 2493 1967 2547 καύ-

383 2616 554 2662 σωνος
621 2596 731 2651 τῶν
803 2592 995 2648 παθῶν
1077 2591 1604 2662 ἀναψυχαγωγικήν.
1696 2588 1969 2659 Ἐκάστην

382 2693 630 2761 ἑκάστῳ,
696 2689 773 2752 ὡς
837 2684 1199 2758 προείρηται,
1236 2683 1426 2753 τελείῳ
1478 2681 1695 2735 τελείαν
1730 2681 1827 2734 καὶ
1868 2681 1969 2749 τὴν

382 2785 668 2856 ἐνέργειαν
697 2780 839 2836 κατὰ
863 2780 961 2851 τὴν
992 2776 1261 2849 τροπικὴν
1285 2775 1489 2830 δίδωσι.

452 2871 575 2939 πς¹.
619 2870 817 2927 Ῥῶσιν
847 2869 1063 2923 τελείαν
1091 2868 1273 2939 ψυχῆς
1294 2867 1355 2920 ού
1389 2861 1676 2935 χαρίζεται
1705 2864 1814 2918 τῶν
1841 2865 1968 2936 ἀρε-

383 2966 492 3019 τῶν
540 2964 599 3029 ἐξ
631 2965 767 3026 ἰδίας
792 2963 1031 3032 σπουδῆς
1061 2963 1131 3015 τά
1157 2959 1567 3031 ἐπιτηδεύματα
1590 2998 1605 3024 ,
1637 2961 1685 3013 εἰ
1711 2960 1785 3029 μὴ
1813 2953 1972 3013 αὗται

384 3060 662 3122 ούσιωδῶς
689 3059 746 3111 ὲν
777 3059 845 3129 τῇ
879 3056 993 3123 ἕξει
1021 3054 1108 3109 διά
1132 3054 1233 3123 τῆς
1266 3054 1489 3125 χάριτος
1518 3052 1969 3129 παραγένωνται.

2060 1978 2182 2018 nem
2206 1965 2407 2020 habent
2434 1964 2673 2019 divinam
2709 1966 3012 2020 divinarum
3039 1982 3216 2021 rerum
3249 1968 3566 2038 sapientiam
3601 1986 3630 2024 a

2063 2057 2270 2126 Spiritu
2326 2059 2378 2113 in
2424 2066 2606 2112 mente
2634 2060 3062 2129 quadrupliciter
3092 2072 3312 2117 motam.
3351 2063 3482 2128 Quae
3524 2080 3630 2119 nou

2057 2166 2247 2207 omnes
2268 2151 2428 2207 simul
2460 2152 2576 2207 illas
2600 2153 2871 2221 producit,
2910 2154 3002 2208 sed
3026 2170 3267 2211 seorsum
3309 2157 3549 2228 singulas
3578 2159 3631 2212 in

2065 2248 2305 2309 tempore
2333 2252 2639 2310 opportuno
2680 2253 2838 2312 prout
2869 2245 2981 2299 vult
3011 2262 3025 2301 :
3054 2255 3108 2300 et
3141 2246 3302 2302 aliam
3332 2250 3547 2316 quidem
3576 2260 3635 2303 ut

2059 2331 2258 2397 lucem,
2290 2333 2450 2387 aliam
2484 2342 2542 2388 ut
2609 2336 2773 2390 robur
2832 2339 3155 2393 acerrimqu
3206 2351 3634 2410 perpetuumque

2066 2424 2384 2494 impulsum,
2415 2426 2577 2481 aliam
2608 2436 2667 2481 ut
2715 2429 2825 2482 vim
2860 2429 3287 2486 sanctificantem
3311 2442 3364 2485 et
3397 2448 3636 2501 purgau-

2066 2526 2194 2583 tem,
2228 2518 2391 2572 aliam
2421 2518 2654 2588 denique
2687 2528 2746 2572 ut
2775 2535 2950 2575 rorem
2982 2522 3236 2591 puritatis
3266 2522 3534 2579 ltetiiicum
3578 2534 3635 2579 et

2063 2608 2315 2663 vitiorum
2347 2610 2595 2665 flammas
2642 2611 3091 2683 refrigerantem;
3125 2622 3180 2669 et
3224 2616 3466 2683 singulas
3519 2618 3635 2673 siu-

2064 2700 2205 2771 gulis
2247 2701 2679 2771 perfectionibus
2742 2704 3110 2772 perfectiones
3168 2716 3225 2762 et
3293 2710 3639 2777 operationes

2064 2808 2336 2861 congruas
2369 2794 2622 2863 largitur,
2654 2804 2712 2847 ut
2746 2795 2952 2850 dictum
2980 2807 3085 2851 est.

2138 2884 2233 2941 86.
2287 2883 2558 2940 Bonorum
2610 2886 2904 2956 perfectam
2968 2888 3271 2944 firmitatem
3343 2907 3448 2946 non
3513 2891 3644 2948 dant

2067 2978 2261 3032 anima:
2312 2979 2517 3047 proprii
2542 2978 2627 3035 sui
2653 2992 2909 3044 conatus,
2964 2981 3068 3035 nisi
3118 2982 3202 3036 illa
3234 2983 3300 3035 ad
3324 2984 3642 3038 substantim

2071 3069 2311 3123 habitum
2358 3069 2535 3140 gratia
2572 3071 2943 3139 pervenerint.
2977 3069 3187 3141 Quippe
3216 3088 3335 3141 qua:
3360 3074 3640 3142 proprium

398 3150 636 3220 Ἐκάστη
690 3148 799 3219 γὰρ
820 3126 964 3216 *ἔχει
1030 3147 1277 3218 χάρισμα
1317 3146 1468 3209 ῐδιον,
1515 3145 1800 3217 ἐνέργειαν
1848 3126 1968 3197 καθ1

2076 3177 2412 3232 unaquaeque
2439 3164 2599 3219 habet
2631 3164 2903 3219 charisma
2961 3165 3401 3236 peculiaremque
3449 3126 3643 3237 opera-

387 3241 581 3310 αύτὴν,
632 3240 774 3292 ὥστε
822 3237 1080 3291 δύνασθαι
1111 3238 1209 3291 καὶ
1263 3237 1339 3306 μὴ
1390 3234 1974 3308 βουλομένουςηέλκειν

387 3332 517 3395 τοὺς
551 3332 811 3401 μετόχους
838 3330 1009 3399 αὐτῆς
1036 3329 1172 3399 πρὸς
1209 3327 1407 3399 ἑαυτὴν
1432 3330 1499 3397 τῇ
1527 3327 1638 3394 έξει
1674 3326 1771 3380 καί⁸
1811 3326 1974 3394 φύσει

390 3422 488 3475 τοῦ
520 3420 747 3490 ἀγαθοῦ.
782 3421 892 3475 Καὶ
944 3421 1033 3472 ὅτε
1067 3420 1198 3490 ημῖν
1248 3417 1411 3488 δοθῇ,
1470 3416 1832 3470 ἀναλλοίωτον
1879 3415 1976 3469 καὶ

392 3519 666 3587 ἄτρεπτον
725 3514 911 3568 ἔκτοτε
970 3512 1339 3583 συντηρεῖται.
1393 3509 1584 3564 Ζῶσαν
1628 3509 1738 3579 γάρ
1785 3508 1976 3579 ὥσπερ

392 3608 572 3680 ψυχὴν
604 3609 662 3661 ὲν
697 3607 845 3669 ἰδίοις
879 3606 1097 3676 μέλεσιν
1130 3604 1336 3674 ἔχουσι,
1378 3602 1476 3655 τοῦ
1508 3603 1752 3672 ἐνεργεῖν
1782 3601 1976 3666 αύτάς,

393 3703 492 3771 τὴν
540 3700 701 3771 χάριν
745 3698 839 3752 τοῦ
894 3696 1231 3767 [Ινεύματος.
1284 3695 1375 3747 Διὸ
1408 3695 1502 3746 καὶ
1534 3693 1728 3763 νεκρὸς
1757 3692 1901 3755 ἅπας
1940 3696 1969 3747 ὁ

395 3793 507 3845 τῶν
549 3792 763 3862 ἀρετῶν
804 3789 990 3860 ὅμιλος
1026 3788 1196 3858 χωρὶς
1233 3786 1403 3854 αὐτῆς
1450 3784 1692 3852 πέφυκε’
1738 3783 1980 3846 καὶτοῖς

398 3882 616 3937 δοκοῦσι
670 3881 893 3945 τελείως
948 3880 1092 3951 ἔχειν
1145 3878 1178 3947 ἢ
1225 3875 1583 3947 κατορθοῦσιν
1628 3873 1827 3936 αύτάς,
1885 3876 1980 3926 καὶ

401 3968 561 4028 αῦται
599 3971 776 4043 ἐαυτῷ
818 3972 998 4042 μόναι,
1034 3970 1314 4034 σκιαὶκαὶ
1338 3968 1497 4021 τύποι
1530 3965 1625 4019 τοῦ
1658 3965 1847 4030 καλοῦ,
1880 3967 1977 4021 καὶ

401 4068 503 4121 οὐκ
532 4065 788 4137 ἀληθείας
824 4066 1143 4133 ἰνδάλματα.
1639 4055 1650 4067 ”

470 4159 578 4223 πζν.
614 4158 767 4213 Εἰσὶν
792 4155 883 4210 οῦν
918 4156 1181 4225 τέσσαρες
1217 4154 1314 4225 μὲν
1357 4155 1413 4206 αἰ
1443 4152 1731 4206 καθολικαί
1761 4154 1978 4224 ἀρεταὶ,

395 4248 639 4320 ἀνδρεία,
665 4248 946 4319 φρόνησις,
978 4247 1331 4315 σωφροσύνης
1349 4247 1442 4298 καὶ
1460 4245 1773 4317 δικαιοσύνη
1795 4261 1808 4276 ’
1835 4245 1981 4299 ὀκτὼ

395 4343 474 4403 δὲ,
525 4344 581 4394 αἰ
634 4340 756 4394 καθ’
804 4339 1114 4411 ὑπερϐολὴν
1163 4337 1260 4391 καί
1314 4336 1550 4407 ἔλλειψιν
1602 4337 1780 4391 αὐτῶν
1815 4338 1981 4406 ἐγγὺς

399 4434 819 4503 παρεπόμεναι·
883 4430 1073 4485 κακίαι
1129 4429 1227 4500 μὲν
1283 4429 1413 4498 παρ’
1465 4430 1625 4499 ἡμῖν,
1678 4429 1873 4501 ἀρεταὶ
1921 4427 1978 4482 δὲ

2073 3254 2292 3321 tionem,
2325 3269 2431 3325 qua
2464 3256 2634 3325 possit
2677 3255 2839 3309 etiam
2890 3255 3125 3310 invictos
3148 3257 3230 3310 sui
3252 3267 3530 3326 compotes
3562 3265 3646 3311 at-

2070 3347 2286 3402 trahere
2328 3348 2394 3402 ad
2440 3349 2675 3417 seipsam
2718 3347 2906 3404 habitu
2939 3359 2992 3404 et
3026 3358 3217 3405 natura
3250 3349 3398 3407 boni.
3426 3351 3493 3407 Et
3522 3367 3644 3408 cum

2070 3439 2227 3493 nobis
2266 3440 2388 3493 data
2412 3450 2515 3506 est,
2544 3442 2771 3495 firmiter
2802 3450 2858 3496 et
2896 3442 3321 3497 immutabiliter
3360 3459 3649 3501 conserva—

2072 3541 2178 3583 tur.
2215 3530 2311 3585 Est
2335 3531 2476 3585 enim
2503 3533 2790 3587 virtutibus
2814 3535 2969 3601 quasi
3005 3535 3183 3587 anima
3214 3536 3403 3589 vivens
3431 3540 3649 3604 propria

2071 3625 2525 3699 earum‘membra
2561 3624 2835 3678 vivificaris
2861 3627 3034 3695 gratia
3052 3625 3295 3695 spiritus.
3320 3625 3499 3693 Quare
3531 3630 3649 3683 sine

2074 3715 2173 3768 hac
2197 3723 2306 3767 tota
2337 3714 2593 3767 virtutum
2611 3714 2805 3769 cohors
2831 3726 2916 3771 est
2945 3727 3177 3783 mortua,
3199 3726 3253 3772 et
3279 3718 3333 3771 in
3358 3718 3423 3772 iis
3448 3720 3537 3788 qui
3571 3720 3649 3772 vi-

2074 3811 2265 3860 dentur
2282 3821 2374 3861 eas
2392 3806 2591 3861 habere
2605 3822 2667 3861 ac
2684 3808 2979 3876 possidere,
2999 3810 3134 3865 nihil
3154 3818 3239 3865 est
3274 3812 3380 3866 nisi
3396 3813 3509 3868 sola
3536 3827 3651 3865 um-

2075 3899 2169 3951 bra
2192 3909 2244 3954 et
2275 3899 2449 3968 imago
2469 3898 2620 3966 boui,
2644 3914 2751 3955 non
2782 3910 2962 3957 autem
2992 3905 3105 3972 ipsa
3128 3917 3215 3959 res
3236 3919 3395 3972 quam
3425 3903 3655 3973 eﬂiugit.

2146 4235 2236 4291 87.
2272 4236 2341 4292 Ut
2372 4247 2500 4291 sunt
2528 4244 2762 4307 quatuor
2807 4237 3040 4294 virtutes
3072 4238 3398 4304 cardinales,
3437 4238 3653 4295 fortitu-

2080 4329 2168 4395 do,
2206 4330 2514 4400 prudentia,
2552 4331 2937 4401 temperantia,
2966 4331 3198 4400 justitia,
3230 4343 3356 4388 oeto
3381 4343 3506 4388 sunt
3528 4333 3653 4389 illas

2086 4438 2180 4492 per
2210 4423 2481 4479 defectum
2516 4434 2606 4478 aut
2639 4438 2922 4482 excessum
2954 4425 3202 4494 proxime
3241 4427 3655 4496 consequentia,

398 4525 552 4593 παρά
580 4526 693 4587 τοῖς
734 4524 792 4575 ὲν
821 4523 1034 4592 κόσμῳ,
1066 4521 1163 4575 καὶ
1200 4519 1515 4591 λεγόμεναι,
1552 4520 1645 4573 καὶ
1670 4520 1968 4591 νιειούμενοιι⁴

2089 4533 2211 4587 quae
2237 4534 2265 4572 a
2289 4519 2447 4574 nobis
2477 4518 2640 4584 mala,
2666 4533 2694 4571 a
2724 4518 3075 4574 saecularibus
3124 4531 3253 4572 vero
3298 4518 3434 4572 bona
3465 4519 3656 4574 dicun-

400 4615 513 4668 Kal.
557 4616 658 4684 τῆς
718 4614 817 4683 μὲν
866 4613 1135 4683 ἀνδρείας,
1194 4611 1470 4683 θρασύτης
1508 4612 1602 4666 καὶ
1633 4612 1836 4666 δειλία*
1882 4614 1981 4682 τῆς

401 4706 717 4775 φρονήσεως
740 4704 819 4770 δὲ,
855 4703 1090 4775 πονηρία
1114 4705 1207 4757 καὶ
1239 4704 1426 4772 ἄγνοια
1456 4721 1468 4734 ’
1497 4703 1594 4773 τῆς
1627 4704 1981 4774 σωφροσύνης

401 4796 480 4862 δὲ,
528 4796 792 4850 ἀκολασία
844 4796 939 4849 καὶ
993 4794 1310 4866 ἠλιθιότης·
1367 4796 1467 4865 τῆς
1514 4794 1571 4848 δὲ
1611 4794 1976 4861 δικαιοσύνης,

403 4887 684 4952 πλεονεξία
713 4887 808 4941 καὶ
837 4885 1041 4949 ἀδικία,
1079 4886 1175 4937 εἴτ’
1211 4882 1304 4939 οῦν
1338 4885 1629 4956 μειονεξία.
1663 4886 1842 4939 Μέσαι
1872 4888 1981 4956 γάρ

404 4982 542 5034 εἰσιν
585 4981 801 5049 ἀρεταὶ,
833 4980 895 5033 ού
949 4979 1112 5050 μόνον
1153 4979 1208 5033 αἰ
1241 4978 1526 5031 καθολικαί¹
1550 5017 1565 5041 ,
1599 4978 1694 5032 καὶ
1722 4977 1977 5047 φυσικαὶ,

405 5074 502 5125 καὶ
555 5071 739 5141 πάσης
808 5070 1099 5140 ἐλλείψεως
1161 5069 1255 5121 καὶ
1311 5068 1615 5138 ὑπερϐολῆς
1673 5066 1979 5138 ἀνώτεραι,

405 5164 542 5217 ἀλλὰ
572 5163 667 5216 καὶ
694 5164 750 5216 αἰ
784 5162 1110 5233 πρακτικαί.
1148 5163 1256 5215 Καὶ
1282 5162 1339 5214 αἰ
1381 5161 1477 5231 μὲν
1511 5158 1610 5229 τὴν
1641 5158 1981 5230 προαίρεσιν,

406 5257 472 5326 τῇ
499 5254 601 5323 τῆς
630 5253 855 5325 γνώμης
886 5254 1141 5324 εύθύτητι
1165 5269 1177 5282 ·
1207 5254 1262 5305 αἱ
1290 5252 1366 5318 δὲ,
1402 5252 1503 5322 τὴν
1528 5250 1735 5322 τροπὴν
1764 5249 1859 5303 καὶ
1884 5247 1983 5321 τὴν

408 5346 584 5416 ρίησιν
643 5347 903 5417 συνεργὸν
954 5346 1268 5413 κέκτηνται.
1333 5344 1469 5415 Περί
1514 5342 1623 5413 γὰρ
1667 5341 1845 5396 αὐτῶν
1903 5343 1983 5395 ὅτι

413 5437 576 5507 μέσαι
602 5437 741 5491 είσίν
772 5438 969 5508 ἀρεταὶ
997 5437 1095 5504 τῆς
1123 5436 1438 5507 εὐθύτητος,
1482 5435 1691 5505 μάρτυς
1722 5435 1755 5505 ἡ
1789 5450 1983 5505 παροι-

414 5529 511 5597 μία
552 5529 753 5582 ούτωσὶ
801 5528 1115 5597 φάσκουσα·
1154 5545 1172 5579 ι
1213 5528 1319 5580 Καὶ
1360 5525 1731 5596 κατορθώσεις
1772 5524 1983 5587 πάντας

410 5620 606 5685 ἄξονας
635 5619 895 5688 ἀγαθούς.
931 5639 948 5671 ι
989 5621 1169 5674 Πᾶσαι
1197 5619 1289 5673 οῦν
1320 5620 1377 5672 ἐν
1400 5621 1519 5681 ταῖς
1544 5619 1693 5690 τρισί
1723 5608 1986 5690 δυνάμεσι

408 5712 506 5782 τῆς
532 5710 711 5779 ψυχῆς
744 5707 1153 5774 συνιστάμεναι,
1188 5705 1243 5757 ὲν
1284 5700 1372 5767 αἷς
1410 5703 1686 5759 τίκτονται
1716 5706 1811 5758 καί
1839 5707 1987 5760 οἰκο-

412 5800 739 5872 δημοῦντηι,
804 5802 876 5859 ὡς
944 5796 1194 5864 θεμέλιον
1261 5794 1357 5857 τάς
1433 5796 1707 5865 τέσσαρας
1771 5801 1995 5869 γενικὰς

2084 4620 2171 4663 tur
2199 4619 2254 4664 et
2278 4611 2643 4665 aestimantur.
2682 4610 2749 4665 Et
2776 4609 2992 4680 quidem
3022 4608 3392 4663 fortitudinem
3421 4625 3657 4678 sequun-

2079 4710 2169 4754 tur
2195 4700 2423 4755 audacia
2452 4710 2505 4755 et
2535 4701 2737 4767 timor;
2770 4702 3141 4768 prudentiam,
3186 4702 3386 4756 astutia
3417 4712 3472 4756 et
3503 4704 3658 4770 igno-

2080 4792 2294 4858 rantia;
2327 4794 2768 4861 temperantiam,
2800 4792 3200 4846 incontinentia
3236 4801 3291 4847 et
3320 4792 3613 4860 stupiditas
3640 4810 3656 4860 ;

2077 4886 2368 4955 justitiam,
2396 4884 2627 4940 avaritia
2649 4892 2708 4939 et
2745 4883 3037 4954 iniustitia,
3073 4893 3337 4954 quatenus
3386 4894 3468 4939 est
3509 4883 3659 4940 defe‘

2084 4990 2221 5031 ctus.
2259 4977 2393 5031 Nam
2429 4977 2677 5043 virtutes,
2711 4992 2815 5030 non
2851 4978 3024 5030 solum
3060 4977 3364 5031 cardinales
3409 4987 3461 5031 et
3502 4987 3660 5032 uatu-

2083 5070 2224 5125 rales
2256 5107 2272 5134 ,
2325 5070 2421 5124 sed
2492 5078 2547 5124 et
2594 5071 2843 5140 practica:
2873 5111 2888 5135 ,
2949 5070 3005 5124 in
3056 5070 3233 5124 medio
3281 5081 3451 5137 stant,
3498 5086 3660 5139 supra

2086 5178 2300 5218 omnem
2347 5163 2616 5219 defectum
2691 5173 2746 5218 et.
2796 5177 3101 5219 excessum.
3168 5162 3231 5217 Et
3274 5162 3393 5216 alia:
3443 5161 3660 5231 quidem

2088 5272 2211 5311 cum
2271 5257 2436 5310 animi
2491 5254 2815 5309 rectitudine
2855 5256 3279 5324 c00peratrieem
3319 5253 3525 5306 habent
3565 5267 3666 5307 vo-

2089 5351 2401 5409 luntatem,
2465 5348 2585 5401 alia:
2644 5362 2773 5402 vero
2852 5346 3252 5400 inclinationem
3333 5352 3387 5397 et
3475 5358 3665 5413 super-

2091 5441 2256 5497 biant.
2321 5439 2497 5507 Atque
2528 5439 2756 5493 virtutes
2820 5438 2873 5491 in
2897 5436 3077 5489 medio
3131 5436 3470 5490 rectitudinis
3519 5445 3671 5489 stare

2093 5539 2326 5587 testatur
2378 5529 2731 5584 Provet'bium
2783 5528 2973 5581 dicens
3018 5544 3033 5580 :
3074 5546 3092 5578 ι
3134 5527 3199 5580 Ει
3228 5528 3434 5596 diriges
3478 5542 3667 5581 omnes

2094 5628 2263 5680 bonas
2296 5623 2537 5678 semitas.
2574 5642 2593 5676 ι
2619 5621 2820 5677 Omnes
2846 5621 3009 5689 igitur
3041 5622 3093 5674 in
3131 5619 3302 5674 tribus
3353 5620 3545 5674 anima:
3577 5637 3670 5689 po-

2096 5719 2280 5772 tentiis
2301 5717 2575 5783 stabilitae,
2600 5724 2863 5785 generata:
2884 5722 2937 5767 et
2966 5711 3246 5767 atdificata:
3270 5721 3326 5767 ut
3347 5711 3667 5769 fundamen-

2098 5818 2209 5862 tum
2239 5823 2347 5863 sua:
2385 5804 2810 5861 constructionis
2846 5802 3045 5859 habent
3070 5811 3303 5872 quatuor
3337 5802 3691 5865 cardinales...

3074 5930 3128 5959 ν»
