3994 6206
359 366 497 431 1269

1389 367 1666 429 CAPITA
1713 367 1860 425 PER
1898 367 2561 429 ACROSTICHIDENI.

3471 362 3634 429 1270‘

336 473 432 526 καὶ
464 468 672 539 ἑτέροις
698 466 792 520 τὸν
827 469 1108 539 φωτισμὸν
1133 466 1226 520 τοῦ
1257 468 1517 538 Χριστοῦ.
1555 470 1766 538 Ὥσπερ
1798 470 1917 523 τινὰ

2052 476 2269 531 Iliristi.
2327 477 2464 532 Nam
2522 489 2828 532 sermonem
2884 473 3050 530 divini
3078 473 3251 529 instar
3301 473 3526 530 seminis
3554 475 3611 559 in

337 563 540 634 σπόρον
564 562 708 615 θεῖον
733 560 825 613 τὸν
853 560 1012 628 λόγον
1044 562 1104 614 ἐν
1125 562 1247 624 ταῖς
1268 560 1530 631 ψυχικαῖς
1557 561 1666 616 τῶν
1690 564 1920 616 ἀκουόν-

333 673 441 709 των
474 653 739 724 ἀρούραις
776 653 940 706 αὐτὸν
971 651 1203 722 ἐνίησιν.
1247 671 1269 703 ι
1317 653 1376 704 ’0
1402 651 1561 720 λόγος
1601 651 1778 722 ὑμῶν,
1815 670 1920 723 φη-

335 749 445 807 civ,
478 747 618 798 ἔστω
666 745 727 798 ἐν
771 744 956 814 χάριτι
983 745 1289 813 ἠρτυμένος
1329 742 1480 805 θείας
1519 743 1911 813 χρηστότητος,

335 841 424 892 ἵνα
465 837 539 907 δῷ
585 836 747 907 χάριν
780 837 896 898 τοῖς
935 836 992 887 ἐν
1033 834 1214 888 πίστει
1255 832 1531 887 ἀκούουσι.
1584 851 1601 881 ι
1639 832 1923 904 Γεωργοὺς

334 931 390 984 δὲ
439 929 639 994 πάλιν,
690 929 786 982 καὶ
834 926 1144 996 γεώργιον,
1206 925 1336 988 τοὺς
1389 923 1774 989 διδασκάλους,
1829 923 1924 977 καὶ

335 1021 754 1091 διδασκομένους
794 1017 986 1083 εἰπὼν,
1040 1018 1299 1088 ἐμφαίνει
1342 1016 1489 1087 μάλα
1531 1015 1746 1085 σοφῶς,
1794 1015 1924 1079 τοὺς

340 1115 439 1186 μὲν
476 1113 554 1177 ὡς
619 1112 897 1184 ἀροτῆρας
955 1111 1052 1165 καὶ
1104 1113 1324 1182 σπορεῖς
1372 1106 1467 1163 τοῦ
1518 1109 1662 1162 θείου
1725 1108 1924 1176 λόγου,

337 1207 468 1279 τοὺς,
499 1206 557 1260 δὲ
611 1205 689 1269 ὼς
748 1205 858 1259 τῶν
915 1203 1130 1275 ἀρετῶν
1174 1205 1280 1272 γῆν
1325 1205 1486 1266 πίαν,
1539 1202 1925 1272 καρποφόρον,

339 1298 432 1349 καὶ
480 1294 772 1364 εὖσταχυν.
843 1294 1147 1367 Ἱερουργία
1197 1293 1306 1364 γὰρ
1340 1295 1544 1364 κυρίως
1573 1291 1825 1362 ἀληθινὴ,
1865 1292 1926 1345 ού

343 1389 504 1458 μόνον
553 1390 588 1459 ἡ
616 1387 726 1440 τῶν
767 1387 927 1439 Θεῐων
969 1388 1238 1458 ἐνέργεια,
1275 1387 1412 1440 ἀλλὰ
1461 1384 1621 1455 καὶὴ
1669 1381 1930 1456 μετουσία

341 1482 449 1537 τῶν
482 1480 703 1543 ἀγαθῶν
739 1479 834 1533 καὶ
866 1479 1174 1549 μετάδοσις.

413 1572 514 1639 ιβ’.
551 1571 817 1641 Διάφορός
851 1572 1001 1623 ἐστιν
1036 1572 1063 1622 6
1094 1571 1182 1622 διὰ
1225 1571 1506 1640 προφορᾶς
1541 1568 1676 1640 πρὸς
1707 1569 1932 1639 διδαχην

345 1663 754 1736 προερχόμενος
798 1661 956 1731 λόγος
977 1704 991 1727 ,
1032 1664 1125 1714 καὶ
1153 1661 1428 1731 διαφόρως
1463 1662 1529 1713 ἐκ
1563 1659 1778 1712 πολλῶν
1806 1659 1931 1729 τρό-

343 1775 462 1812 πων
502 1756 800 1824 συνάγεται
843 1756 908 1806 ἐκ
951 1753 1239 1824 τεσσάρων
1290 1751 1448 1805 εἰδῶν
1473 1767 1488 1781 ·
1524 1752 1552 1803 6
1598 1751 1697 1822 μὲν
1733 1752 1798 1805 ἐκ
1832 1768 1937 1822 μα-

2032 569 2373 624 audientium
2395 569 2606 623 animos
2629 567 2777 623 velut
2796 569 2849 622 in
2873 581 3060 637 agrum
3090 565 3361 621 immittit:
3388 566 3618 624 «Sermo

2033 670 2232 727 vester,
2258 662 2474 726 dicitur,
2502 662 2574 715 sit
2619 661 2670 714 in
2705 660 2876 730 gratia
2927 657 3178 714 conditus
3217 657 3417 713 divinae
3456 658 3611 713 boni.

2037 755 2186 820 tatis,
2211 753 2371 808 utdet
2401 755 2630 821 gratiam
2655 751 3001 808 audientibus
3025 752 3079 805 in
3111 750 3235 805 lide.
3265 767 3284 800 ι
3335 749 3617 821 Agricolas

2033 846 2160 902 alibi
2191 856 2244 901 et
2289 846 2672 915 agriculturam
2690 857 2892 900 vocans
2924 843 3220 914 Apostolus
3250 844 3535 911 magistros
3562 853 3619 898 et

2034 938 2352 1008 discipulos,
2380 936 2682 993 manifeste
2735 935 2974 992 ostendit
3033 936 3168 990 alios
3207 936 3424 1004 quidem
3491 951 3617 991 esse

2035 1041 2095 1088 ut
2124 1032 2357 1086 cultores
2390 1039 2443 1084 ot
2470 1039 2679 1086 satores
2710 1029 2876 1084 divini
2911 1028 3085 1097 verbi,
3131 1026 3271 1086 alios
3291 1042 3424 1084 vero
3463 1028 3617 1095 quasi

2035 1139 2222 1195 agrum
2247 1124 2518 1192 pinguem,
2550 1121 2863 1190 frugiferum
2888 1129 2942 1177 et
2971 1133 3153 1190 segete
3179 1123 3419 1176 uberem.
3479 1119 3616 1174 Nam

2035 1230 2164 1270 vere
2191 1225 2240 1270 et
2267 1215 2480 1284 proprie
2498 1213 2854 1268 sanctillcatio
2873 1220 2978 1280 est,
3010 1226 3118 1267 non
3143 1211 3302 1266 modo
3323 1225 3505 1265 rerum
3529 1209 3617 1263 di-

2036 1308 2285 1362 Vinnrum
2319 1306 2583 1374 operatio,
2626 1306 2722 1362 sed
2759 1305 2923 1360 etiam
2964 1304 3229 1360 bonorum
3280 1303 3622 1374 participatio

2038 1408 2091 1453 et
2119 1397 2557 1452 communicatio.

2112 1556 2200 1610 94.
2243 1554 2338 1610 Est
2369 1556 2552 1611 varius
2579 1570 2760 1610 sermo
2789 1555 2856 1610 ad
2885 1555 3191 1610 doctrinam
3220 1570 3316 1610 ore
3344 1555 3618 1627 prolatus,

2039 1660 2092 1703 et
2130 1649 2278 1702 varie
2323 1663 2390 1702 ex
2433 1647 2806 1717 quadruplicis
2845 1645 3050 1716 speciei
3089 1646 3332 1702 fontibus
3379 1635 3641 1714 emanat,

2041 1743 2250 1797 scilicet
2280 1740 2417 1795 alius
2447 1757 2512 1794 ex
2547 1740 2797 1805 scientia,
2829 1739 2969 1794 alius
2998 1753 3066 1794 ex
3096 1738 3354 1805 lectione,
3383 1739 3529 1794 alius
3557 1755 3628 1796 ex

346 1851 590 1921 θήσεως,
631 1851 658 1902 6
690 1849 747 1901 δὲ
799 1850 861 1902 ἐκ
910 1850 1010 1918 τῆς
1057 1844 1452 1914 ἀναγνώσεως·
1488 1845 1646 1908 ἄλλος
1695 1846 1761 1897 ἐκ
1794 1843 1935 1914 πρά.-

2052 1833 2294 1895 actibus,
2346 1832 2487 1886 alius
2539 1846 2606 1886 ex
2661 1832 2857 1900 gratia.
2917 1829 3386 1897 Quemadmodum
3441 1842 3628 1888 autem

347 1941 504 2009 ξεως,
547 1941 644 1993 καὶ
667 1940 854 2010 ἕτερος
885 1940 948 1990 ἐκ
973 1940 1071 2008 τῆς
1101 1938 1346 2008 χάριτος.
1382 1936 1594 2005 Ὠσπερ
1616 1935 1674 1989 δὲ
1701 1934 1762 1986 τὸ
1791 1932 1936 2003 ὓδωρ

346 2033 404 2086 ἓν
436 2035 551 2084 ἐστι
579 2034 646 2101 τῇ
669 2029 850 2099 φύσει,
879 2032 1252 2100 μεταποιεῖται
1287 2028 1344 2081 δὲ
1382 2029 1474 2081 καὶ
1510 2026 1932 2098 μεταϐάλλεται,

348 2126 491 2178 κατὰ
530 2124 631 2194 τὴν
671 2123 1045 2192 ὑποκειμένην
1092 2121 1352 2193 διάφορον
1379 2121 1474 2174 τοῦ
1503 2121 1627 2191 χοὸς
1672 2119 1825 2190 ὓλην,
1861 2121 1940 2182 εἰς

349 2215 559 2269 οἰκείαν
601 2215 885 2284 ποιότητα,
921 2213 995 2276 ὡς
1023 2216 1090 2285 τῇ
1122 2213 1308 2283 γεύσει
1353 2214 1644 2282 νοούμενον
1679 2207 1820 2265 εἶναι
1877 2211 1939 2263 τὸ

353 2309 451 2377 μὲν
503 2306 733 2378 πικρὸν,
774 2306 834 2359 τὸ
871 2306 927 2359 δέ
988 2306 1199 2374 γλυκὺ,
1239 2306 1333 2360 καὶ
1372 2305 1500 2361 ἄλλο
1548 2303 1794 2376 ἁλμυρὸν
1843 2305 1940 2356 καὶ

349 2399 548 2463 ὸζῶδες
597 2398 709 2471 [ἵσ.
762 2399 1019 2470 όξῶδες]·
1071 2397 1216 2452 οὕτω
1261 2398 1405 2452 κατὰ
1449 2398 1548 2470 τὴν
1583 2396 1781 2468 ἠθικὴν
1825 2396 1942 2462 ἐξιν

353 2491 587 2545 ἑκάστου
646 2492 1049 2563 προερχόμενος
1096 2490 1124 2542 6
1177 2489 1337 2560 λόγος
1385 2491 1481 2545 καὶ
1518 2489 1938 2565 ἀλλοιούμενος,

351 2585 602 2658 ἐνεργείᾳ
628 2585 958 2653 γινώσκεται
989 2586 1084 2639 καὶ
1112 2586 1211 2656 τὴν
1236 2585 1510 2654 ὠφέλειαν
1538 2585 1774 2639 δίδωσιν.

424 2685 528 2749 με’.
591 2680 810 2750 Ἐπειδὴ
867 2681 923 2734 δὲ
970 2682 997 2733 6
1034 2681 1193 2749 λόγος
1250 2683 1331 2744 είς
1383 2680 1684 2734 ἀπόλαυσιν
1733 2678 1944 2734 δέδοται

353 2775 537 2846 πάσης
564 2774 790 2845 λογικῆς
820 2772 1058 2842 φύσεως,
1089 2772 1280 2845 ὥσπερ
1312 2774 1586 2844 ἐδέσματά
1617 2790 1742 2828 τινα
1771 2773 1944 2827 πολλά

355 2865 619 2936 διάφορα,
665 2865 764 2936 τὴν
805 2865 998 2935 ἡδονὴν
1031 2865 1210 2919 αὐτῶν
1255 2866 1532 2937 διαφόρως
1561 2865 1769 2938 ἡψυχὴ
1809 2866 1946 2919 ἁπο-

356 2957 713 3028 λαμϐάνουσα
761 2956 1098 3012 αἰσθάνεται.
1151 2959 1305 3028 Ἔχει
1350 2957 1458 3030 γὰρ
1511 2958 1604 3012 τὸν
1646 2959 1945 3029 ἐπιστημο-

355 3049 506 3102 νικὸν
540 3049 698 3118 λόγον
723 3091 736 3115 ,
785 3048 862 3114 ὡς
916 3049 1266 3119 παιδαγωγὸν
1309 3051 1446 3122 πρὸς
1489 3046 1623 3122 ἦθος
1671 3048 1946 3104 τυποῦντα

355 3141 528 3212 αὐτὴν
551 3158 565 3173 '
621 3144 710 3195 τὸν
740 3141 797 3195 δέ
841 3143 940 3212 τῆς
976 3140 1367 3211 ἀναγνώσεως,
1397 3143 1472 3206 ὡς
1505 3142 1649 3214 ὕδωρ
1697 3143 1948 3198 ἀναπαύ-

359 3250 497 3297 σεως
535 3233 907 3306 ἐκτρέφοντα·
948 3235 1040 3288 τὸν
1086 3235 1143 3288 δὲ
1190 3236 1290 3306 τῆς
1333 3235 1621 3307 πράξεως,
1667 3237 1743 3300 ὡς
1780 3236 1945 3289 τόπον

357 3325 518 3396 χλόης
550 3326 834 3380 πιαίνοντα
858 3343 872 3358 ⁸
915 3327 1006 3380 τὸν
1052 3327 1108 3381 δέ
1139 3327 1240 3397 τῆς
1280 3327 1536 3399 χάριτος,
1576 3328 1652 3391 ὡς
1683 3329 1945 3399 ποτήριον

362 3412 702 3489 μεθύσκοντα
732 3419 902 3490 αὐτὴν
934 3420 1028 3473 καὶ
1063 3420 1423 3492 εὐφραίνοντα
1446 3437 1458 3451 ³
1491 3421 1589 3490 τὴν
1619 3420 1674 3473 δὲ
1707 3420 1946 3492 ἄρρητον

359 3511 532 3582 αὐτῆς
570 3512 930 3582 ἀγαλλίασιν,
983 3513 1058 3577 ῶς
1108 3513 1287 3567 ἔλαιον
1323 3514 1617 3584 πρόσωπον
1663 3512 1939 3585 ίλαρύνου-

362 3619 460 3654 σαν
480 3642 496 3664 ,
525 3603 621 3656 καὶ
647 3603 878 3676 φαιδρὰν
920 3604 1319 3675 ἐργαζομένην.

430 3692 550 3762 Lg'.
599 3696 824 3767 Κυρίως
875 3697 936 3750 ού
976 3697 1136 3767 μόνον
1177 3699 1235 3750 ἐν
1279 3697 1414 3766 αὐτῇ
1441 3696 1515 3759 ὡς
1550 3696 1758 3768 ζωὴνὴ
1799 3696 1945 3767 ψυχὴ

357 3787 530 3840 ταῦτα
580 3789 883 3856 κέκτηται,
936 3789 1052 3842 ἀλλ’
1093 3789 1183 3842 ὅτε
1229 3789 1322 3841 καὶ
1364 3788 1494 3860 παρ’
1541 3787 1724 3851 ἄλλοις
1758 3787 1947 3841 ἀκούει

359 3879 532 3934 ταῦτα
560 3880 697 3951 πρὸς
722 3881 946 3952 διδαχὴν
977 3880 1296 3936 αἰσθάνεται
1319 3898 1333 3913 ·
1365 3881 1606 3951 ὁπηνίκα
1637 3881 1948 3951 προηγῆται

360 3971 688 4043 ἀμφοτέρων
741 3973 931 4046 ἀγάπη
993 3973 1086 4027 καὶ
1141 3973 1358 4037 πίστις·
1417 3975 1511 4027 καὶ
1556 3973 1585 4026 6
1624 3973 1723 4044 μὲν
1765 3974 1946 4026 πίστει

363 4061 598 4128 ἀκούων,
625 4063 652 4116 'o
677 4062 734 4115 δὲ
762 4064 951 4135 ἀγάπῃ
985 4064 1278 4131 παιδεύων,
1309 4065 1436 4119 ἄνευ
1464 4065 1635 4134 τύφου
1667 4065 1758 4118 καὶ
1789 4064 1948 4136 δόξης

372 4155 491 4218 τοὺς
528 4154 722 4222 λόγους
763 4154 871 4208 τῶν
919 4157 1131 4230 ἀρετῶν
1176 4156 1519 4228 ποιούμενος.
1557 4157 1662 4211 Τὸν
1697 4157 1794 4226 μὲν
1842 4157 1951 4230 γὰρ

369 4247 434 4297 ἐκ
483 4246 777 4317 μαθήσεως
815 4248 975 4316 λόγον
1025 4250 1099 4313 ὼς
1153 4249 1502 4318 παιδαγωγὸν
1570 4250 1824 4322 δέχεταιέ
1861 4250 1952 4304 τὸν

366 4339 422 4391 δὲ
469 4341 570 4409 τῆς
613 4338 991 4408 ἀναγνώσεως,
1038 4340 1110 4404 ῶς
1160 4343 1360 4415 τροφόν
1386 4360 1400 4373 ο
1444 4342 1534 4395 τδν
1574 4343 1632 4394 δὲ
1665 4343 1764 4412 τῆς
1806 4343 1948 4414 πρά-

367 4429 524 4494 ξεως,
556 4429 631 4492 ὡς
671 4431 996 4494 ἐνδιάθετον,
1032 4433 1107 4496 ῶς
1135 4433 1503 4503 νυμφοστόλον
1529 4432 1792 4503 ἡδύτατον
1820 4451 1832 4462 ⁸
1861 4433 1954 4486 τὸν

365 4519 418 4572 δὲ
457 4520 550 4574 τοῦ
607 4521 926 4591 Πνεύματος
985 4525 1347 4592 φωτιστικὸν,
1382 4524 1457 4587 ὡς
1514 4523 1748 4593 νυμφίον
1797 4523 1954 4592 λόγον

366 4610 624 4665 ἑνωτικὴν
668 4612 876 4682 αὐτῆς,
913 4613 1002 4667 τὸν
1050 4614 1434 4688 εὐφραίνοντα.
1487 4616 1601 4668 Πᾶν
1646 4616 1754 4686 γάρ
1803 4614 1955 4686 ῥῆμα

365 4702 800 4775 ἐκπορευόμενον
837 4706 925 4759 διὰ
959 4707 1246 4778 στόματος,
1287 4707 1424 4760 Θεοῦ
1461 4709 1631 4770 ἐστιν,
1664 4709 1710 4760 οί
1742 4705 1832 4760 διὰ
1858 4705 1954 4760 τοῦ

364 4794 688 4866 Πνεύματος
754 4799 820 4851 ἐκ
871 4800 1140 4870 στόματος
1194 4799 1304 4852 τῶν
1368 4800 1540 4868 ἁγίων
1599 4799 1957 4869 προελθόντες

365 4883 550 4953 λόγοι,
600 4889 634 4958 ή
679 4885 746 4942 δι’
804 4889 1086 4960 ἐνέργειαν
1130 4891 1446 4962 γλυκυτάτη
1493 4891 1589 4946 τοῦ
1639 4891 1957 4963 Πνεύματος

367 4976 662 5044 ἐπίπνοια,
718 4982 786 5052 ἢν
829 4983 1108 5052 τρυφῶσιν
1163 4984 1224 5036 ού
1266 4985 1506 5049 πάντες,
1555 4984 1689 5039 ἀλλὰ
1727 4984 1877 5055 μόνοι
1907 4986 1956 5038 οί

368 5069 530 5134 ἄξιοι.
596 5073 817 5144 Ἐπειδὴ
857 5075 913 5128 δὲ
962 5077 1054 5128 καὶ
1102 5077 1314 5148 τρυφὴν
1367 5076 1550 5146 έχουσι
1588 5077 1680 5129 τὸν
1718 5076 1876 5146 λόγον
1907 5078 1956 5132 οἱ

369 5159 603 5230 λογικοὶ,
631 5167 861 5220 ἐνταῦθα
895 5167 996 5237 μὲν
1030 5169 1079 5220 οί
1115 5167 1223 5221 τῶν
1248 5169 1340 5221 τοῦ
1374 5169 1688 5240 Πνεύματος
1712 5169 1959 5241 ἐναργῶς

352 5252 814 5326 εὐφραινόμενοι,
867 5259 1039 5328 ὀλίγοι
1091 5259 1213 5314 λίαν
1253 5260 1420 5314 εἰσίν·
1476 5263 1602 5325 τοὺς
1647 5261 1853 5325 τύπους
1900 5261 1958 5315 δὲ

375 5343 536 5413 μόνον
585 5348 633 5398 οἱ
685 5348 874 5401 πολλοὶ
920 5350 1030 5403 τῶν
1077 5353 1471 5423 πνευματικῶν
1517 5353 1691 5422 λόγων
1735 5354 1824 5407 διὰ
1860 5353 1960 5426 τῆς

374 5437 597 5507 μνήμης
648 5439 742 5501 καὶ
789 5441 1120 5509 γινώσκουσι
1177 5447 1267 5499 καὶ
1312 5445 1622 5518 μετέχουσι,
1662 5447 1754 5500 τὸν
1794 5447 1961 5518 ἄρτον

371 5525 526 5580 οὔπω
555 5527 644 5581 τὸν
678 5529 933 5602 ἀληθινὸν
984 5535 1078 5590 τοῦ
1119 5537 1406 5607 μέλλοντος
1452 5539 1510 5593 ἐν
1540 5537 1793 5611 αἰσθήσει
1824 5539 1962 5594 Θεοῦ

371 5616 530 5684 λόγον
563 5625 946 5694 μετασχόντες.
995 5629 1171 5693 Μόνος
1203 5629 1312 5700 γάρ
1338 5628 1501 5694 αὐτὸς
1527 5630 1705 5684 ἐκεῖσε
1738 5637 1954 5704 πρόκει-

2043 1941 2184 1996 aqua
2224 1940 2332 1979 una
2378 1932 2460 1981 est
2494 1935 2715 1990 natura,
2745 1923 3162 1979 discriminatur
3194 1939 3326 1980 vero
3353 1940 3418 1980 ac
3451 1934 3631 1982 trans-

2043 2029 2304 2084 mutatur,
2339 2032 2438 2088 pro
2470 2017 2692 2072 diverso
2729 2018 2880 2072 bumi
2924 2015 3258 2087 subiacentis
3298 2017 3541 2090 ingenio,
3573 2019 3628 2076 in

2043 2113 2375 2183 peculiarem
2432 2111 2794 2182 qualitatem,
2852 2112 2927 2166 ita
2978 2119 3040 2165 ut
3093 2119 3254 2180 gustu
3306 2111 3632 2178 aestimetur,

2045 2208 2158 2260 haec
2194 2219 2402 2268 amara,
2445 2204 2534 2260 illa
2577 2204 2777 2272 dulcis,
2811 2204 2917 2259 alia
2953 2203 3097 2259 salsa
3132 2213 3186 2258 et
3219 2204 3409 2272 acida;
3444 2205 3526 2262 sic
3561 2207 3630 2260 ad

2045 2296 2480 2367 uniuscujusque
2557 2297 2794 2352 indolem
2863 2296 3310 2352 accommodatus
3373 2306 3431 2353 et
3494 2312 3630 2354 con-

2045 2404 2236 2444 versus
2302 2403 2522 2457 sermo,
2585 2405 2748 2460 opere
2811 2389 3156 2462 dignoscitur
3219 2401 3273 2447 et
3341 2391 3630 2449 utilitatem

2045 2482 2220 2538 aﬂ'crt.

2117 2686 2206 2741 95.
2251 2684 2558 2741 Rationalis
2611 2683 2911 2756 cujuslibet
2955 2695 3162 2741 naturae
3214 2687 3280 2742 ad
3343 2689 3636 2746 utilitatem

2048 2794 2168 2834 cum
2203 2777 2365 2833 datus
2395 2778 2467 2832 sit
2498 2792 2702 2842 sermo,
2728 2793 2790 2833 ex
2826 2793 2890 2834 eo
2920 2779 3067 2834 velut
3092 2794 3157 2834 ex
3188 2779 3371 2836 multis
3402 2782 3634 2850 dapibus

2048 2871 2217 2926 variis
2271 2871 2480 2925 variam
2540 2871 2722 2924 anima
2773 2871 3008 2947 percipit
3055 2886 3119 2927 ac
3159 2883 3341 2943 gustat
3388 2877 3653 2930 suavita-a

2051 2975 2180 3021 tem.
2218 2963 2392 3020 Habet
2424 2963 2568 3018 enim
2601 2964 2846 3019 scientias
2879 2979 3186 3020 sermonem
3223 2979 3279 3020 ut
3313 2969 3634 3037 magistrum

2051 3073 2230 3113 mores
2277 3071 2407 3112 suos
2459 3055 2887 3122 informantem;
2930 3069 2985 3112 et
3037 3055 3310 3123 lectionis,
3345 3069 3403 3112 nt
3437 3075 3634 3127 aquam

2053 3150 2387 3207 reficientem
2425 3161 2479 3204 et
2513 3150 2884 3219 nutrientem;
2931 3161 2984 3206 et
3029 3151 3286 3216 actionis,
3323 3161 3378 3205 ut
3417 3161 3631 3221 pratum

2051 3243 2217 3298 herba
2267 3243 2508 3313 pingue;
2545 3251 2599 3296 et
2642 3243 2849 3314 gratim,
2888 3250 2945 3296 ut
2991 3253 3174 3311 potum
3216 3257 3318 3310 qua
3357 3243 3468 3311 ipsa
3515 3244 3634 3300 ine-

2049 3334 2260 3389 briatur
2292 3343 2347 3388 et
2381 3318 2707 3398 laétillcatur,
2733 3343 2788 3388 et
2808 3332 3138 3388 ineﬁabilem
3169 3333 3287 3404 ejus
3316 3335 3636 3392 exsultatio-

2048 3443 2210 3493 nem,
2255 3436 2314 3481 ut
2361 3426 2566 3492 oleum,
2625 3426 2817 3481 faciem
2875 3425 3119 3482 hilarans
3150 3436 3204 3480 et
3261 3427 3488 3483 nitidam
3552 3428 3640 3482 fa-

2049 3535 2217 3575 ClCllS.

2123 3695 2214 3750 96.
2255 3693 2486 3758 Deinde,
2523 3693 2641 3748 haec
2679 3708 2786 3747 non
2826 3692 3000 3748 solum
3047 3693 3100 3746 in
3142 3695 3321 3763 seipsa
3372 3705 3430 3749 ut
3472 3697 3632 3751 vitam

2052 3788 2232 3842 anima
2282 3785 2558 3857 possidet,
2597 3783 2691 3839 sed
2735 3783 2896 3838 etiam
2945 3785 3240 3854 aliquando
3272 3787 3340 3841 ab
3378 3787 3500 3844 aliis
3541 3790 3636 3844 do-

2052 3878 2300 3935 centibus
2332 3877 2560 3934 audiens
2586 3875 2807 3942 ediscit,
2841 3891 2961 3930 cum
2995 3878 3147 3932 ducit
3177 3886 3469 3948 utrumque
3500 3879 3638 3937 ﬁdes

2053 3983 2105 4027 et
2144 3972 2383 4026 cbaritas
2420 3987 2435 4037 ;
2472 3984 2610 4025 unus
2659 3983 2854 4038 nempe
2902 3969 2955 4022 in
2995 3968 3103 4024 ﬁde
3129 3971 3298 4036 audit,
3338 3972 3474 4027 alter
3508 3986 3639 4030 vero

2055 4067 2108 4120 in
2145 4063 2413 4120 cbaritate
2460 4062 2641 4129 docet,
2672 4062 2792 4118 sine
2838 4061 2978 4116 fastu
3013 4073 3106 4116 aut
3137 4061 3399 4132 iactantia
3433 4065 3499 4121 de
3525 4067 3640 4122 vir-

2057 4161 2258 4215 tutibus
2297 4159 2697 4214 sermocinans.
2733 4156 2887 4210 Tunc
2927 4157 3070 4210 enim
3107 4158 3289 4214 anima
3325 4174 3632 4216 sermonem

2055 4251 2296 4310 scientia:
2329 4262 2388 4305 ut
2425 4249 2741 4320 magistrum
2784 4248 3018 4318 accipit;
3054 4257 3109 4304 et
3150 4249 3423 4316 lectionis,
3460 4260 3520 4307 ut
3556 4253 3638 4308 ci-

2057 4345 2221 4408 bum;
2255 4349 2310 4396 et
2349 4353 2655 4396 sermonem
2697 4353 2883 4408 opere,
2919 4354 3025 4393 non
3073 4353 3167 4394 ore
3205 4353 3542 4410 expressum,
3573 4350 3637 4397 ut

2058 4434 2424 4507 gratissimum
2468 4431 2940 4503 paranymphum;
2977 4441 3030 4485 et
3070 4431 3487 4488 illuminativum
3523 4433 3642 4505 spi-

1985 4555 2030 4610 ο
2062 4527 2203 4581 ritus
2241 4538 2573 4588 sermonem,
2606 4531 2666 4575 ut
2703 4521 2914 4576 laetiﬁca
2949 4521 3112 4576 verba
3148 4536 3400 4592 sponsam
3436 4539 3636 4594 sponso

2061 4617 2326 4673 unienlia.
2376 4613 2511 4670 Nam
2566 4629 2846 4670 sermones
2895 4628 2960 4666 ex
3000 4628 3097 4668 ore
3144 4613 3236 4668 Dei
3283 4617 3640 4686 procedentes

2060 4721 2187 4765 sunt
2231 4710 2412 4764 omnia
2459 4710 2621 4763 verba
2659 4721 2756 4777 per
2787 4705 3049 4776 Spiritum
3087 4721 3152 4759 ex
3196 4721 3291 4760 ore
3323 4721 3638 4764 sanctorum

2060 4802 2295 4873 prolata,
2334 4809 2390 4855 et
2447 4814 2612 4868 opera
2673 4797 2989 4851 dulcissimo
3025 4794 3264 4865 Spiritus
3300 4797 3489 4871 .aﬂlata
3546 4800 3638 4854 in-

2061 4895 2290 4958 stinctu,
2317 4906 2424 4962 quo
2452 4906 2560 4944 non
2591 4903 2800 4952 omnes,
2833 4889 2927 4943 sed
2956 4888 3102 4957 digni
3136 4897 3339 4943 tantum
3366 4889 3639 4951 fruuntur.

2060 4986 2196 5042 Cum
2248 4994 2430 5038 autem
2482 4997 2733 5036 sermone
2771 4979 3026 5035 fruantur
3057 4981 3376 5053 quicunque
3404 4985 3644 5039 rationa-

2062 5079 2160 5144 les,
2196 5091 2336 5129 nunc
2369 5073 2679 5145 paucissimi
2711 5083 2837 5127 sunt
2865 5088 3002 5143 quos
3034 5072 3268 5144 Spiritus
3300 5076 3474 5148 reipsa
3509 5077 3644 5132 laeti-

2063 5173 2218 5238 licat,
2260 5169 2354 5224 sed
2415 5166 2636 5238 plurimi
2692 5165 2908 5234 species
2960 5163 3232 5221 duntaxat
3278 5167 3640 5236 spiritualium

2062 5277 2375 5321 sermonum
2405 5258 2667 5315 memoria
2694 5268 3030 5327 cognoscunt
3053 5267 3106 5312 et
3130 5259 3481 5327 participant,
3510 5275 3643 5313 non-

2063 5361 2190 5414 dum
2230 5355 2392 5411 cibati
2429 5367 2558 5407 vero
2592 5365 2730 5422 pane
2763 5351 2940 5405 divini
2973 5349 3125 5405 verbi
3159 5365 3322 5419 quem
3359 5350 3414 5405 in
3457 5350 3643 5407 futuro

2063 5447 2378 5520 gustabunt,
2409 5451 2463 5499 et
2504 5444 2598 5513 qui
2649 5442 2799 5497 solus
2845 5441 2956 5496 illic
2996 5441 3319 5509 proponitur
3354 5440 3421 5495 ad
3468 5442 3645 5498 laetiti-

2064 5538 2268 5595 candos
2302 5549 2493 5590 omnes
2529 5533 2747 5604 dignos,
2786 5545 2889 5585 nec
2921 5543 3156 5599 unquam
3189 5531 3511 5597 comeditur,
3547 5547 3648 5589 nec

2065 5631 2388 5688 absorbetur
2425 5637 2516 5683 aut
2549 5627 2910 5682 consumitur.

380 5718 472 5755 ται
505 5704 586 5768 είς
622 5707 802 5764 πᾶσαν
835 5713 946 5775 τοῖς
971 5713 1145 5775 ἀξίοις
1173 5712 1375 5776 ἱκανῶς
1404 5713 1602 5780 ἡδονήν
1627 5731 1639 5744 ’
1671 5716 1809 5784 μήτε
1837 5714 2172 5782 ἐσθιόμενος,
2209 5711 2349 5780 μήτε
2373 5708 2846 5780 δαπανώμενος,ἢ
2877 5709 3142 5780 θυόμενος
3175 5705 3421 5761 πώποτε.
