3960 6190
375 352 517 421 12τ3

1405 366 1490 428 CA
1505 368 1680 428 PITA
1720 366 1869 429 PER
1911 368 2235 429 ACROSTI
2245 370 2344 430 CH
2354 368 2574 434 IDEM.

3477 367 3613 433 ιεηι

361 474 508 543 ὥρας
537 471 596 537 ἓξ
618 471 722 535 ἕως
752 490 897 544 πρω.
922 489 934 503 ·
967 472 1086 526 είτα
1118 470 1345 541 ψάλλειν
1370 471 1469 543 τὴν
1504 470 1735 541 πρώτην
1777 472 1929 542 ὥραν

2042 493 2095 539 et
2138 487 2190 539 in
2236 486 2450 541 silentio
2494 487 2705 552 sedere,
2742 494 2799 539 ut
2853 500 3018 556 supra
3071 484 3272 539 dictum
3313 492 3415 549 est,
3445 495 3496 536 et
3536 485 3617 539 vel

359 564 453 615 καὶ
496 562 823 626 καθέζεσθαι
868 563 1231 633 ἡσυχάζοντα,
1270 562 1346 625 ὼς
1375 562 1740 633 προείρηται·
1776 563 1933 634 καὶὴ

356 654 483 716 τοὺς
512 654 671 723 ὄρους
700 653 809 707 τῶν
841 653 1118 725 ἐργασιῶν
1165 653 1456 721 φυλάττειν
1498 653 1586 707 διά
1616 654 1725 706 τῶν
1756 654 1937 724 ὡρῶν,

357 747 389 815 ἡ
421 746 520 817 τὴν
564 746 846 816 συνέχειαν
880 745 1081 816 δηλαδὴ
1117 746 1215 815 τῆς
1264 745 1577 815 προσευχῆς
1616 746 1939 799 ἀδιάστατον

355 841 564 909 τηρεῖν,
623 840 691 892 δι’
743 835 812 910 ἧς
866 839 899 909 ἡ
955 837 1069 903 ἕξις
1119 838 1213 891 τὸν
1269 837 1710 907 πολιτευόμενον.
1764 838 1830 890 Ἡ
1881 838 1938 891 δὲ

2042 592 2205 645 opera
2249 577 2394 632 horis
2425 579 2690 648 regulare.
2720 580 2803 632 vel
2835 592 3149 647 permanere
3182 577 3381 645 jugiter
3402 577 3454 629 in
3494 591 3619 628 ora-

2045 671 2189 724 tione
2247 671 2539 732 continua,
2594 685 2692 738 pro
2752 669 2999 723 monachi
3066 668 3341 721 facultate.
3398 666 3619 720 Tertius

2042 760 2275 829 denique
2324 760 2515 815 modus
2557 770 2640 815 est
2695 770 2862 815 tctam
2912 770 3123 814 noctem
3171 763 3369 814 ducere
3413 760 3618 813 insom-

2044 867 2189 905 nem.

354 932 513 999 τρίτη
556 931 822 995 πολιτεία,
861 930 1154 1001 παννύχιον
1204 929 1317 999 ἔχει
1357 929 1455 1000 τὴν
1489 930 1678 984 στάσιν
1714 930 1810 984 καὶ
1840 932 1939 1005 τὴν
1970 935 2327 1006 ἐγρήγορσιν.

429 1015 535 1086 ρᾷ,
574 1015 707 1068 Ἰδοὺ
738 1016 848 1085 γὰρ
878 1016 971 1070 καὶ
1006 1016 1136 1087 περὶ
1163 1014 1423 1086 βρώσεὼς
1446 1032 1646 1083 φαμεν,
1676 1014 1758 1067 ὅτι
1780 1013 1937 1083 λίτρα

360 1109 524 1179 ἄρτου
553 1110 716 1178 ἀρκεῖ
754 1108 918 1162 παντ1⁵
960 1109 1039 1180 τῷ
1076 1108 1465 1179 ἀγωνιζομένῳ
1505 1106 1643 1178 πρὸς
1677 1107 1934 1178 ἡσυχίαν,

359 1202 453 1253 καὶ
488 1201 631 1253 οῖνου
667 1199 765 1270 μὲν
803 1199 914 1253 δύω
940 1200 1206 1270 βαυκάλια
1237 1201 1479 1271 ἀκράτου
1505 1197 1699 1263 πίνειν,
1743 1195 1935 1260 ὓδατος

357 1291 412 1343 δὲ
452 1290 578 1358 τρία
601 1305 614 1319 ⁸
652 1290 747 1341 καὶ
785 1288 894 1341 ἀπὸ
933 1289 1042 1341 τῶν
1072 1288 1477 1359 εὑρισκομένων
1513 1286 1697 1340 σιτίων
1734 1287 1931 1356 τρέφε-

360 1382 503 1447 σθαι,
532 1384 629 1452 οὑχ
654 1384 753 1436 ὅσα
785 1382 938 1453 ζητεῖ
968 1384 1000 1451 ἡ
1035 1382 1197 1449 φύσις
1226 1381 1658 1450 ἐπιθυμητικῶς,
1692 1380 1804 1433 ἀλλ’
1835 1380 1933 1432 ὅσα

357 1477 388 1544 ἡ
442 1474 668 1543 πρόνοια
704 1476 998 1543 οἰκονομεῖ,
1034 1473 1268 1543 χρᾶσθαι
1329 1473 1633 1543 ἐγκρατῶς.
1679 1474 1932 1539 ’Ἄριστος

357 1566 467 1639 [ῑσ.
523 1565 744 1638 ἀρίστη]
795 1561 888 1620 οὖν
938 1567 1032 1619 καὶ
1081 1566 1348 1635 σύντομος
1398 1567 1601 1637 εἴδησις
1652 1566 1783 1636 περὶ
1822 1565 1929 1618 τῶν

355 1658 598 1729 ἀκριϐῶς
651 1657 1033 1711 πολιτεύεσθαι
1091 1658 1452 1727 βουλομένων,
1506 1657 1605 1719 τὰς
1636 1660 1785 1727 τρεῖς
1820 1657 1931 1709 τῶν

355 1749 564 1818 ἀρετῶν
582 1747 935 1818 περιεκτικὰς
961 1748 1221 1819 ἐργασίας
1246 1749 1453 1817 τηρεῖν,
1478 1748 1732 1816 νηστείαν
1761 1747 1926 1816 φημὶ,

2110 1034 2233 1086 102.
2276 1035 2421 1088 Talia
2482 1034 2549 1087 de
2602 1034 2877 1087 alimentis
2934 1033 3245 1089 statuimus.
3289 1034 3402 1088 Una
3456 1033 3614 1101 panis

2037 1124 2171 1178 libra
2226 1128 2357 1181 satis
2406 1136 2491 1180 est
2537 1126 2761 1178 cuilibet
2807 1125 2871 1177 ad
2917 1127 3287 1195 quietudinem
3340 1126 3613 1190 tendenti;

2037 1217 2185 1271 bibat
2214 1232 2340 1272 vero
2368 1219 2477 1272 duo
2502 1218 2612 1271 vini
2640 1219 2773 1272 meri
2805 1220 3019 1286 pocula,
3047 1228 3101 1271 et
3129 1233 3281 1286 aqua:
3310 1218 3437 1270 tria.
3467 1218 3613 1269 Cibis

2035 1309 2446 1363 oecurrentibus
2492 1308 2693 1372 alatur,
2735 1324 2835 1363 nec
2881 1310 2947 1363 iis
2992 1325 3126 1376 quos
3170 1318 3366 1362 natura
3415 1308 3615 1376 cupide

2033 1399 2259 1466 appetit,
2302 1402 2395 1453 sed
2448 1414 2585 1469 quos
2637 1400 2795 1454 oﬁ'ert
2846 1400 3219 1461 Providentia,
3270 1407 3469 1451 utatur.
3522 1398 3615 1451 llis

2030 1490 2196 1560 igitur
2234 1491 2323 1560 qui
2372 1491 2605 1559 perfecte
2636 1491 2814 1546 vivere
2856 1490 3083 1554 volunt,
3149 1500 3292 1561 recta
3338 1498 3388 1541 et
3436 1487 3613 1541 brevis

2033 1582 2116 1635 via
2161 1592 2484 1637 estservare
2549 1584 2649 1635 tria
2693 1598 2854 1650 Opera
2890 1582 3083 1649 quibus
3137 1582 3361 1633 virtutes
3394 1594 3617 1634 conser-

2033 1682 2251 1740 vantur,
2304 1690 2497 1742 nempe
2550 1674 2970 1737 abstinentiam,
3024 1674 3329 1725 orationem
3386 1682 3437 1725 et
3482 1672 3614 1739 vigi-

2032 1765 2198 1829 liam,
2247 1781 2369 1835 quze
2415 1776 2639 1820 cunctas
2695 1766 3007 1819 firmissimo
3076 1764 3359 1818 stabiliuut
3417 1763 3612 1816 funda-

354 1839 689 1909 ἀγρυπνίαν,
722 1840 817 1892 καὶ
850 1838 1184 1912 προσευχὴν,
1209 1840 1271 1893 τὸ
1304 1840 1536 1907 ἔρεισμα
1582 1840 1799 1892 πάντων
1840 1838 1930 1909 βεο
1962 1828 1999 1879 Β
2036 1828 2242 1914 meum,

355 1931 610 1994 ϐαιούσας
640 1932 1028 2003 κραταιότατα.

426 2020 531 2090 ργ’.
567 2021 649 2104 ,Ἠ
691 2021 891 2090 ἡσυχία
924 2021 1032 2091 πρὸ
1085 2020 1305 2075 πάντων
1351 2022 1588 2083 πίστεως
1625 2021 1795 2074 δεῖται
1835 2023 1929 2075 καὶ

354 2113 631 2181 ὑπομονῆς
652 2154 666 2176 ,
697 2112 793 2164 καὶ
822 2112 916 2181 τῆς
952 2113 1009 2178 ἐξ
1038 2112 1165 2182 ὅλης
1188 2111 1433 2181 καρδίας,
1477 2114 1571 2163 καὶ
1604 2109 1807 2179 ἰσχύος,
1835 2109 1929 2162 καὶ

352 2204 653 2273 δυνάμεως,
708 2204 949 2273 ἀγάπης,
1004 2206 1098 2257 καὶ
1129 2204 1365 2267 ἐλπίδος.
1425 2203 1482 2255 ὐ
1537 2204 1633 2272 μὲν
1685 2203 1791 2272 γὰρ
1836 2220 1928 2255 πι-

355 2295 580 2357 στεύων,
629 2294 733 2349 κᾶν
787 2295 1023 2348 ἐνταῦθα
1057 2294 1149 2348 τοῦ
1197 2294 1528 2366 ζητουμένου
1566 2295 1812 2365 ἀποτύχῃ
1858 2293 1928 2347 δι’

354 2386 612 2454 ἀμέλειαν
661 2386 847 2455 τυχὸν,
889 2386 922 2457 ἡ
971 2386 1135 2455 ἄλλην
1169 2386 1370 2447 αἰτίαν,
1405 2385 1520 2438 ἀλλ’
1549 2386 1607 2437 ὲν
1657 2386 1724 2454 τῇ
1762 2384 1929 2454 ἐξόδῳ

351 2479 569 2540 πάντως
612 2478 872 2531 ἀδύνατον
923 2479 997 2547 μὴ
1046 2477 1534 2549 πληροφορηθῆναι
1575 2476 1668 2529 τὸν
1717 2476 1929 2545 καρπὸν

352 2570 450 2639 τῆς
489 2569 725 2627 πίστεως
769 2568 863 2621 καὶ
906 2568 1002 2621 τοῦ
1042 2569 1253 2635 ἀγῶνος
1276 2608 1290 2629 ,
1346 2567 1443 2620 καὶ
1480 2566 1611 2620 ίδεῖν
1649 2566 1745 2635 τὴν
1780 2566 1929 2617 ἐλευ-

353 2663 576 2734 θερίαν·
627 2663 684 2724 ὃς
723 2662 872 2713 ἐστιν
927 2658 1133 2730 Ἰησοῦς
1173 2662 1201 2712 6
1233 2658 1489 2729 Χριστὸς,
1522 2659 1556 2729 ἡ
1591 2657 1702 2710 τῶν
1743 2656 1930 2727 ψυχῶν

353 2759 729 2828 ἀπολύτρωσις
790 2755 886 2807 καὶ
934 2754 1217 2824 σωτηρία,
1267 2756 1296 2805 6
1341 2752 1689 2822 θεάνθρωπος
1733 2752 1926 2817 Λόγος.

364 2851 424 2903 '0
452 2851 509 2903 δὲ
567 2848 811 2902 ἀπιστῶν
861 2845 1327 2916 κατακριθήσεται
1376 2845 1593 2906 πάντως
1628 2844 1685 2894 ὲν
1725 2841 1888 2911 ἐξόδῳ
1912 2855 1928 2871 ·

353 2942 489 2996 ἀλλά
516 2940 611 2994 καὶ
640 2940 740 3009 ἡδη
773 2940 1048 3009 κέκριται,
1085 2937 1248 3007 φησὶν
1273 2937 1300 2987 6
1328 2936 1548 3003 Κύριος.
1591 2935 1646 2988 Ὀ
1676 2936 1785 3004 γὰρ
1810 2936 1930 2996 ταῖς

354 3036 565 3105 ἡδοναῖς
619 3030 905 3093 δουλεύων,
957 3030 1050 3082 καὶ
1082 3028 1242 3094 δόξαν
1286 3027 1383 3097 τὴν
1432 3026 1583 3095 παρά
1629 3025 1931 3095 ἀνθρώπων

354 3125 531 3195 ζητῶν
555 3164 570 3189 ,
606 3124 702 3202 καί
733 3123 793 3175 ού
824 3122 924 3191 τὴν
963 3124 1027 3174 ἐκ
1079 3120 1236 3185 Θεοῦ,
1286 3118 1511 3179 ἄπιστός
1558 3118 1673 3169 ἐστι
1698 3158 1712 3182 ,
1754 3116 1925 3186 φησί’
1953 3150 1994 3202 c

352 3192 455 3268 κάν
492 3214 549 3265 ὲν
586 3192 730 3281 λόγῖρ
767 3210 957 3272 πιστὸς
996 3206 1136 3261 εἶναι
1167 3210 1296 3277 δοκῇ
1348 3210 1375 3261 6
1407 3205 1670 3269 τοιοῦτος,
1712 3207 1926 3275 ἡπάτηο

356 3325 449 3359 σεν
485 3306 677 3358 ἑαυτὸν
701 3303 1024 3373 λεληθότως.
1060 3301 1377 3355 Ἀκούσεται
1401 3300 1531 3371 γὰρ,
1562 3303 1644 3355 ὅτι
1684 3300 1824 3352 Ἀνθ’
1855 3294 1931 3359 ὧν

351 3399 453 3451 οὐκ
489 3398 676 3458 ἔλαϐές
711 3413 777 3465 με
812 3396 870 3447 ὲν
909 3397 974 3463 τῇ
1002 3393 1199 3466 καρδία
1231 3409 1346 3454 σου,
1377 3392 1490 3445 ἀλλ’
1525 3390 1836 3463 ἀπέρῤιψάς
1865 3408 1930 3460 με

352 3492 528 3544 ὀπίσω
568 3490 663 3544 τοῦ
691 3489 859 3541 νώτου
892 3505 983 3540 σου
1003 3527 1017 3550 ,
1066 3485 1220 3554 κάγὼ
1250 3484 1545 3554 ἀπώσομαι
1592 3501 1673 3539 σε.
1704 3487 1796 3537 Δεῖ
1822 3484 1935 3557 γὰρ

352 3582 444 3634 τὸν
496 3581 687 3634 πιστὸν
743 3578 962 3632 εὔελπιν
1005 3574 1181 3642 εἶναι,
1219 3577 1314 3631 καὶ
1346 3575 1623 3632 πιστεύειν
1688 3576 1787 3646 μὲν
1834 3575 1932 3643 τὴν

352 3674 448 3727 τοῦ
493 3673 628 3725 Θεοῦ
664 3671 922 3740 ἀληθειαν
944 3708 958 3731 ,
997 3667 1454 3739 μαρτυρουμένην
1484 3668 1540 3718 ὲν
1576 3665 1779 3725 πάσαις
1814 3668 1932 3726 ταῖς

353 3764 601 3833 Γραφαῖς
622 3804 636 3823 ,
668 3760 951 3831 ὁμολογεῖν
974 3759 1030 3810 δὲ
1054 3762 1154 3826 τὴν
1182 3754 1376 3808 ἑαυτοῦ
1405 3753 1708 3816 ἀσθένειαν,
1742 3751 1828 3804 ἵνα
1856 3752 1932 3821 μὴ

357 3853 578 3907 διπλοῦν
605 3851 699 3922 ἓξῃ
734 3851 794 3903 τὸ
828 3852 1000 3920 κρῖμα
1030 3849 1126 3900 καὶ
1157 3845 1551 3915 ἀπαραίτητον.

428 3946 524 4015 ρδ¹.
574 3941 1071 4012 Συντετριμμένηνξ
1101 3940 1330 4009 καρδίαν
1374 3939 1467 3989 καὶ
1499 3936 1677 4006 ψυχὴν
1741 3951 1931 3989 ταπει-

355 4036 606 4105 νωμένην
660 4034 811 4086 οὐδὲν
851 4031 1026 4094 οὕτως
1084 4032 1330 4101 ἐμποιεῖ,
1390 4029 1465 4090 ὡς
1518 4029 1579 4081 τὸ
1617 4028 1838 4091 ἰδιάζειν
1876 4029 1934 4079 ὲν

355 4127 577 4195 γνώσει,
607 4126 701 4179 καὶ
746 4127 778 4193 ἡ
810 4127 873 4177 ἐκ
908 4125 1127 4177 πάντων
1167 4122 1367 4192 σιωπή.
1418 4120 1638 4188 κυρίως
1666 4121 1763 4172 οὐκ
1806 4118 1935 4173 ἀλλο

355 4217 408 4269 τί
447 4219 562 4268 ἐστι
609 4216 669 4266 τὸ
720 4216 979 4283 λυμαῖνον
1019 4213 1116 4281 τὴν
1152 4211 1484 4264 κατάστασιν
1532 4210 1631 4277 τῆς
1679 4210 1931 4278 ἡσυχίας,

355 4311 450 4363 καὶ
476 4309 573 4378 τὴν
611 4306 761 4359 θείαν
804 4306 863 4371 ἐξ
900 4306 1070 4374 αὐτῆς
1105 4302 1425 4374 περιαιροῦν
1454 4302 1707 4370 δύναμιν,
1753 4300 1827 4363 ὡς
1866 4299 1936 4353 τὰ

356 4398 681 4470 περιεκτικά
730 4397 789 4462 ἓξ
843 4396 989 4463 πάθη
1049 4394 1271 4449 ταῦτα’
1324 4394 1645 4466 παρρησία,
1710 4409 1936 4462 γαστρι-

2105 2032 2229 2088 105.
2264 2033 2541 2103 Estquieti
2573 2045 2700 2089 ante
2720 2037 2900 2089 omnia
2937 2051 3073 2101 opus
3094 2034 3244 2098 ﬁdes,
3268 2044 3320 2088 et
3356 2041 3613 2087 constan-

2030 2124 2128 2191 tia,
2163 2134 2219 2179 et
2242 2125 2483 2179 cltaritas
2510 2141 2576 2180 cx
2605 2137 2714 2178 tota
2747 2126 2948 2189 anima,
3001 2126 3201 2180 virtute
3255 2140 3317 2178 ac
3348 2122 3608 2193 potentia,

2029 2222 2088 2272 et
2119 2228 2267 2287 spes.
2296 2217 2431 2271 Nam
2462 2217 2506 2272 si
2536 2218 2656 2283 quis
2690 2218 2845 2271 fidem
2876 2219 3058 2281 habet,
3086 2218 3212 2271 licet
3242 2231 3387 2270 nunc
3424 2218 3606 2270 forsan

2029 2326 2057 2364 a
2092 2324 2262 2379 scopo
2290 2309 2359 2363 ob
2392 2308 2659 2362 incuriam
2695 2310 2924 2363 aliamve
2958 2325 3177 2363 causam
3214 2310 3452 2371 aberret,
3506 2308 3613 2361 sal-

2033 2408 2138 2451 tem
2183 2398 2237 2452 in
2288 2399 2433 2452 exitu
2488 2399 2610 2451 vita:
2667 2413 2774 2451 non
2823 2408 3002 2467 potest
3040 2415 3143 2452 non
3197 2398 3338 2452 ferre
3382 2398 3609 2451 multum

2033 2489 2160 2546 tidei
2202 2499 2257 2544 et
2302 2490 2617 2546 certaminis
2664 2489 2920 2552 fructmn,
2953 2502 3007 2545 et
3049 2492 3356 2546 libertatem
3398 2490 3607 2551 videre,

2033 2600 2154 2653 «tua:
2203 2593 2286 2638 est
2338 2582 2501 2639 Jesus
2550 2582 2841 2647 Christus,
2894 2585 3202 2637 animarum
3252 2584 3513 2637 liberator
3556 2591 3611 2636 ct

2032 2672 2295 2735 salvator,
2328 2672 2467 2726 Deus
2512 2672 2674 2727 homo
2700 2674 2961 2728 Verbum.
2988 2674 3091 2738 Qui
3121 2687 3248 2726 vero
3278 2688 3383 2725 non
3414 2672 3608 2733 credit,

2029 2774 2176 2815 certe
2202 2763 2656 2816 condemnabitur
2701 2765 2751 2815 in
2799 2766 2969 2825 exitu,
2998 2774 3050 2816 et
3070 2764 3177 2831 jam
3206 2763 3475 2830 judicatus
3503 2771 3608 2825 est,

2029 2854 2106 2908 ait
2130 2854 2171 2907 D
2197 2854 2436 2909 ominus.
2465 2853 2565 2920 Qui
2594 2855 2737 2909 enim
2770 2856 3132 2925 voluptatibus
3154 2855 3398 2921 inservit,
3418 2863 3471 2909 et
3499 2854 3613 2923 glo-

2036 2944 2175 2999 r-iam
2215 2945 2412 3013 quaarit
2441 2947 2508 2998 ab
2549 2946 2883 3008 hominibus,
2916 2961 3020 2999 non
3058 2962 3086 2999 a
3132 2946 3261 3010 Deo,
3299 2947 3610 3000 incredulus

2032 3043 2140 3101 est,
2175 3034 2387 3103 inquit;
2428 3042 2483 3087 et
2519 3035 2772 3103 quamvis
2818 3036 2870 3088 in
2921 3050 3169 3089 sermone
3215 3035 3389 3089 fidelis
3429 3034 3611 3088 videa-

2029 3133 2139 3191 tur,
2174 3125 2527 3193 semetipsum
2584 3126 2787 3181 inscius
2821 3126 2977 3181 fallit.
3017 3125 3274 3194 Namque
3319 3126 3459 3179 banc
3501 3140 3602 3177 au-

2031 3215 2142 3268 diet
2196 3216 2528 3269 sententiam
2567 3231 2584 3270 :
2618 3216 2757 3281 Quia
2814 3232 2916 3270 non
2963 3217 3218 3285 recepisti
3267 3232 3353 3271 me
3390 3233 3456 3271 ex
3502 3226 3614 3269 toto

2032 3307 2196 3361 corde
2236 3317 2352 3373 tuo,
2388 3318 2445 3363 et
2493 3325 2581 3364 me
2618 3320 2742 3378 post
2788 3316 2995 3378 tergum
3044 3308 3306 3373 refecisti,
3341 3318 3393 3361 ct
3427 3324 3526 3379 ego
3561 3320 3614 3362 te

2034 3399 2318 3468 repellam.
2352 3399 2539 3455 Debet
2563 3401 2731 3467 igitur
2768 3402 2941 3453 fidelis
2976 3400 3170 3454 bonam
3204 3415 3353 3469 spem
3389 3400 3611 3464 habere,

2033 3500 2085 3541 et
2119 3489 2349 3542 credere
2380 3490 2599 3558 quidem
2658 3489 2751 3542 Dei
2798 3488 3110 3553 veritatem,
3143 3504 3302 3555 quant
3344 3498 3616 3543 testantur

2033 3594 2226 3631 omnes
2275 3579 2595 3647 Scripturm,
2629 3580 2875 3633 conlitcri
2914 3589 3097 3633 autem
3136 3581 3410 3647 propriam
3462 3580 3614 3631 infir-

2036 3671 2303 3735 mitatem,
2342 3684 2408 3723 ne
2455 3670 2652 3737 duplex
2700 3679 2754 3725 et
2800 3670 3139 3725 inexorabile
3188 3671 3429 3725 incurrat
3467 3670 3613 3736 judi-

2033 3773 2205 3812 etum.

2110 3935 2233 3991 104.
2271 3937 2351 3992 Ad
2397 3953 2493 3991 cor
2539 3938 2832 3993 contritum
2884 3949 2939 3991 et
2984 3938 3221 3991 animam
3274 3936 3611 3991 ltumiliatam

2036 4029 2175 4082 nibil
2219 4039 2325 4083 tam
2367 4030 2647 4094 conducit,
2678 4047 2840 4099 quam
2880 4033 2986 4084 vita
3025 4032 3252 4085 interius
3286 4029 3511 4099 mystica
3558 4036 3614 4082 et

2039 4122 2265 4176 omnino
2317 4123 2505 4177 silens.
2555 4122 2666 4179 Nec
2716 4124 2861 4177 aliud
2920 4124 3136 4191 pr0prie
3180 4133 3286 4175 tam
3337 4121 3616 4191 perturbat

2037 4214 2237 4280 quietis
2276 4223 2476 4268 statum
2518 4225 2573 4268 et
2622 4215 2855 4269 divinam
2897 4215 2964 4268 ab
3010 4230 3072 4268 ea
3114 4213 3294 4267 aufert
3337 4213 3610 4275 virtutem,

2036 4322 2200 4375 quam
2237 4306 2493 4376 capitalia
2526 4322 2620 4360 sex
2656 4307 2785 4361 vitia
2824 4307 2935 4361 ιιωο
2967 4322 2982 4359 :
3012 4307 3181 4359 nimia
3220 4306 3461 4369 libertas,
3493 4318 3613 4357 ser-

2036 4398 2180 4452 vitus
2220 4397 2449 4463 ventris,
2493 4397 2928 4465 tnultilnquentia
2955 4437 2971 4463 ,
3014 4396 3389 4466 ncgotiositas,
3429 4393 3613 4458 elatio,

360 4492 592 4562 μαργία,
624 4488 919 4555 πολυλογία
950 4503 1009 4539 τε
1041 4487 1136 4538 καὶ
1188 4485 1574 4556 περισπασμὸς
1598 4522 1613 4547 ,
1648 4484 1933 4551 φυσίωσις,

2040 4500 2094 4543 et
2130 4488 2313 4557 regina
2349 4488 2663 4556 passionum
2710 4487 2988 4555 superbia.
3024 4485 3120 4542 His
3150 4488 3241 4556 qui
3278 4486 3498 4541 studere
3530 4501 3616 4540 as-

356 4584 451 4635 καὶ
494 4583 527 4649 ἡ
582 4579 746 4649 κυρία
783 4578 893 4631 τῶν
930 4576 1117 4633 παθῶν
1153 4575 1352 4646 οἴησις.
1404 4576 1498 4637 Εἰς
1541 4573 1685 4643 ἆπερ
1729 4575 1757 4624 ὁ
1796 4571 1937 4640 μετά

359 4672 670 4745 προθυμίας
710 4671 917 4736 ἐθίσας,
948 4669 1170 4732 τελείως
1211 4670 1306 4721 καὶ
1342 4668 1483 4738 μετὰ
1521 4667 1621 4735 τὴν
1652 4665 1936 4737 προκοπὴν

358 4765 452 4816 ἐπὶ
502 4763 685 4815 πλεῖον
722 4760 1125 4829 σκοτιζόμενος,
1181 4757 1509 4829 ἀναίσθητος
1549 4757 1775 4825 γίνεται.
1827 4754 1939 4807 Καὶ

357 4857 407 4909 εἰ
442 4855 541 4925 μὲν
589 4853 880 4911 ἀνανεύσει
915 4850 1107 4915 πάλιν,
1147 4850 1286 4920 μετά
1318 4849 1557 4912 πίστεως
1595 4848 1691 4903 καὶ
1738 4846 1938 4916 προθυ-

363 4947 491 5016 μίας
523 4943 702 5014 βαλὼν
737 4941 933 5013 ἀρχὴν,
960 4941 1056 4993 τοῦ
1094 4941 1430 5011 ζητουμένου
1463 4940 1712 5004 τεύξεται
1742 4939 1933 4993 πάλιν

358 5040 454 5092 καὶ
484 5038 720 5107 μάλιστα
747 5032 1173 5103 ταπεινούμενος
1200 5033 1293 5086 καὶ
1323 5030 1520 5101 ζητῶν.
1555 5032 1619 5086 Εἰ
1648 5031 1705 5084 δὲ
1738 5029 1797 5083 ἓν
1826 5030 1937 5085 τῶν

360 5128 778 5199 προειρημένων
803 5126 894 5180 διὰ
919 5126 1017 5194 τῆς
1043 5124 1306 5194 ἀμελείας
1342 5121 1654 5194 βασιλεύσει
1679 5124 1737 5175 ὲν
1767 5120 1936 5192 αὐτῷ,

356 5225 480 5276 τότε
518 5224 660 5280 ἄπας
689 5220 717 5271 ὁ
763 5217 873 5271 τῶν
916 5218 1098 5271 κακῶν
1142 5218 1443 5285 κατάλογος
1474 5218 1569 5269 σὺν
1598 5219 1664 5287 τῇ
1709 5214 1940 5284 ὀλεθρίῳ

362 5315 590 5386 ἀπιστίᾳ
628 5313 1057 5383 ἐκστρατεύσας,
1110 5310 1312 5378 ἔρημον
1344 5309 1442 5376 τὴν
1475 5305 1654 5375 ψυχὴν
1695 5301 1944 5373 ἀπεργά-

366 5406 521 5469 ζεται
539 5420 554 5434 ο
593 5397 703 5455 οἶόν
730 5419 853 5453 τινα
890 5398 1233 5452 Βαϐυλωνίαν
1264 5398 1418 5450 πόλιν
1448 5395 1612 5464 ἄλλην
1636 5435 1650 5456 ,
1688 5396 1808 5455 ταῖς
1836 5392 1945 5445 τῶν

364 5498 638 5567 δαιμόνων
697 5493 988 5561 γινομένην
1042 5492 1307 5560 ταραχαῖς
1362 5488 1455 5540 καὶ
1518 5484 1801 5557 θορύϐοις·
1872 5484 1945 5545 ὡς

366 5588 509 5642 εἶναι
567 5588 634 5639 τὰ
667 5587 872 5654 ἔσχατα
903 5584 1122 5653 χείρονα
1161 5582 1269 5635 τῶν
1299 5580 1533 5651 πρώτων
1557 5592 1571 5606 ⁸
1612 5580 1709 5630 καὶ
1754 5576 1946 5645 ὲχθρδν

368 5679 667 5749 θυμοειδῆ,
716 5680 808 5730 καὶ
868 5678 1173 5746 κατήγορον
1225 5674 1363 5727 κατὰ
1408 5673 1515 5724 τῶν
1565 5670 1947 5741 ἡσυχαζόντων

2040 4579 2219 4634 suevit
2259 4589 2315 4633 et
2353 4579 2408 4632 in
2450 4580 2745 4651 eisgmagis
2789 4581 3067 4649 magisque
3107 4579 3357 4649 profecit,
3399 4577 3459 4631 ﬁt
3502 4593 3617 4632 om-

2036 4670 2165 4723 nino
2205 4686 2381 4724 caacus
2428 4678 2483 4724 et
2536 4686 2735 4725 sensus
2777 4686 3024 4740 exspers.
3062 4671 3213 4736 Quod
3247 4672 3291 4722 si
3326 4670 3521 4723 iterum
3554 4685 3614 4724 se

2038 4760 2237 4830 erigat,
2270 4777 2391 4816 cum
2441 4762 2544 4817 fide
2585 4777 2648 4817 ac
2677 4762 2956 4832 diligentia
2988 4770 3227 4830 emptum
3261 4761 3461 4825 iniens,
3493 4775 3615 4815 seo-

2035 4867 2161 4921 pum
2196 4869 2384 4908 rursus
2418 4853 2777 4922 adipiscetur,
2820 4854 3057 4907 maxime
3087 4853 3130 4906 si
3163 4852 3441 4906 humiliter
3471 4852 3613 4906 hunc

2036 4946 2368 5013 quaesiverit.
2408 4944 2465 5000 Si
2499 4960 2626 5001 vero
2657 4962 2763 5001 una
2796 4961 2862 5000 ex
2895 4944 3140 5015 prmlatis
3170 4945 3512 5015 passionibus
3541 4944 3611 4999 ob

2037 5037 2425 5108 negligentiam
2480 5036 2533 5091 in
2586 5052 2652 5093 eo
2705 5047 2929 5107 regnet,
2990 5045 3120 5092 tunc
3174 5045 3286 5091 tota
3344 5038 3609 5091 malorum

2036 5132 2207 5185 series
2240 5144 2360 5183 cum
2395 5128 2602 5185 letifera
2646 5130 3031 5185 incredulitate
3076 5131 3404 5198 irrumpens,
3453 5129 3609 5181 deso-

2038 5225 2182 5279 latur
2226 5225 2504 5289 animam,
2547 5237 2701 5292 quae,
2747 5223 2894 5277 velut
2947 5223 3115 5277 altera
3172 5223 3302 5277 urbs
3352 5220 3610 5290 Babylon,

2038 5315 2345 5369 danuonum
2404 5313 2637 5367 traditur
2696 5314 2869 5368 turbis
2927 5328 2990 5368 ac
3044 5311 3381 5376 tumultibus,
3420 5311 3492 5365 ita
3551 5320 3612 5365 ut

2040 5402 2170 5456 fiant
2202 5403 2497 5455 novissima
2532 5402 2652 5470 ejus
2684 5405 2871 5474 pejora
2914 5404 3211 5472 prioribus,
3242 5411 3295 5455 et
3336 5402 3615 5470 impugnet

2038 5494 2156 5562 ejus
2201 5495 2434 5562 quietem
2486 5496 2658 5551 hostis
2705 5505 2762 5549 et
2808 5507 3115 5561 accusator,
3161 5504 3217 5548 et
3261 5494 3496 5563 linguam
3552 5502 3610 5545 ut

2038 5585 2283 5639 lanceam
2311 5587 2660 5656 gladiumque
2686 5587 2976 5657 bipennem
3004 5594 3194 5642 contra
3222 5583 3369 5639 illam
3396 5598 3613 5656 semper

2037 5687 2285 5735 exacuet.

368 5773 675 5841 γινόμενον,
709 5770 803 5827 καὶ
838 5769 938 5836 τὴν
966 5768 1216 5837 γλῶσσαν
1245 5767 1318 5828 ὡς
1348 5767 1525 5833 ὀξεῖαν
1558 5766 1650 5817 καὶ
1682 5764 1755 5826 ὡς
1787 5761 2031 5836 δίστομον
2062 5764 2144 5820 ἀεὶ
2178 5767 2294 5818 κατ’
2330 5765 2507 5819 αὐτῶν
2535 5766 2808 5836 μάχαιραν
2842 5766 3093 5833 θήγοντα.
