3960 6190
476 296 612 364 1275

1697 298 1742 356 G
1759 296 2084 358 REGORII
2139 291 2476 360 SINAIT/E

3515 291 3597 353 1216

548 411 674 465 105.
713 409 933 465 CmnOsi
994 370 1305 476 turbidique
1357 406 1530 461 instar
1585 406 1752 459 maris
1811 406 2048 474 quietam

2230 416 2326 481 ρε’.
2361 409 2568 462 "rem
2591 406 2798 472 παθῶν,
2832 407 2892 474 ἐξ
2920 402 2994 461 ὧν
3021 402 3262 478 ἡθολερὰ
3294 407 3377 462 καὶ
3399 427 3618 481 σύμμικτος

475 502 807 557 inundantes
847 501 1085 555 animam
1116 501 1272 552 undat
1311 499 1650 567 passionum,
1679 497 1839 550 aliter
1870 495 2043 566 trajici

475 604 743 660 nequeunt
786 609 947 660 quam
987 593 1086 644 levi
1124 593 1338 656 citaque
1379 591 1498 644 navi
1540 588 1868 642 universalis
1913 601 2046 656 pau-

475 686 701 752 pertatis
727 695 781 738 et
823 683 1209 751 letttpet'nntitt‘..
1261 679 1395 734 Nam
1431 697 1498 734 ex
1550 681 1969 748 intemperantia
1994 685 2050 730 et

474 793 537 830 ex
583 776 877 845 crtpiditate
923 774 1226 828 dillluentes
1279 775 1330 826 in
1383 784 1581 826 terram
1622 772 1802 826 cordis
1845 769 2048 838 passio-

475 880 607 916 num
659 872 951 929 torrentes,
985 873 1041 918 et
1081 879 1298 916 omnem
1347 863 1609 915 malarum
1655 863 2048 930 cogitationum

474 956 818 1023 pntrediuem
854 965 1017 1020 atque
1051 957 1266 1008 sordem
1305 955 1356 1008 in
1398 970 1514 1008 eam
1551 954 1886 1016 invehentes,
1921 967 2048 1022 per-

477 1048 697 1100 turbant
745 1058 1018 1110 mentem,
1072 1047 1403 1100 intellectum
1463 1045 1704 1109 halant,
1763 1046 2051 1116 ingravant

473 1131 692 1204 corpus,
730 1148 784 1190 et
831 1152 1002 1204 usque
1053 1136 1186 1190 adeo
1238 1139 1292 1189 in
1347 1136 1724 1204 negligentiam
1776 1135 2052 1189 tenebras-

474 1246 577 1294 que
634 1240 687 1282 et
741 1240 1012 1296 torporem
1071 1229 1308 1282 animam
1367 1236 1420 1280 et
1473 1243 1567 1282 cor
1619 1228 1938 1293 impellunt,
1992 1233 2052 1278 ut

473 1324 579 1389 juttt
629 1338 733 1376 non
785 1327 1081 1377 secundum
1133 1332 1381 1375 naturam
1432 1321 1672 1374 habeant
1719 1335 1777 1374 se
1819 1333 1883 1372 ac
1926 1333 2054 1372 sen-

477 1416 630 1465 liattt.

543 1502 673 1555 106.
721 1502 994 1568 Desidem,
1034 1502 1277 1572 ignavam
1323 1511 1375 1556 et
1423 1501 1941 1570 insipientetn'nihil
1979 1499 2053 1555 ita

476 1597 653 1647 reddit
695 1595 1018 1648 certantium
1070 1595 1328 1657 animam,
1374 1605 1433 1649 ut
1482 1595 1562 1646 sui
1617 1609 1789 1657 amor,
1832 1593 1922 1662 qui
1973 1602 2049 1647 est

472 1703 599 1740 vi-re
642 1688 958 1756 passionum
1002 1685 1190 1740 futues.
1233 1685 1367 1738 Cum
1406 1685 1547 1738 enim
1599 1685 1848 1752 corporis
1894 1685 2051 1754 quie—

476 1791 583 1832 tem
619 1780 896 1833 laboribus
935 1779 1194 1832 virtutum
1237 1777 1514 1846 praeferat,
1547 1786 1603 1832 et
1636 1792 1733 1846 pro
1767 1776 2051 1832 salutifera

473 1873 627 1939 gnosi
662 1880 873 1940 reputet
905 1885 1008 1923 non
1055 1869 1304 1922 laborare
1335 1885 1436 1924 nec
1473 1870 1686 1939 operari
1721 1870 1884 1933 ultro,
1919 1883 2056 1935 prae-

473 1962 660 2014 sertim
706 1962 757 2013 itt
804 1960 1054 2014 facilibus
1101 1960 1414 2028 levibusque
1451 1961 1831 2013 mandatorum
1871 1959 2054 2028 operi-

475 2057 600 2120 bus,
635 2055 861 2124 proinde
914 2054 1149 2108 animam
1203 2054 1432 2107 inertem
1499 2053 1564 2106 ad
1627 2053 2052 2121 percurrendqu

472 2148 806 2216 quietudinis
846 2145 1084 2201 stadium
1130 2145 1355 2199 reddere
1391 2144 1551 2210 solet,
1586 2155 1750 2213 atque
1787 2143 2051 2198 desidiam

475 2241 527 2292 in
605 2240 864 2309 aperibus
937 2254 1188 2308 magnam
1258 2239 1509 2308 producit
1581 2247 1636 2294 et
1705 2238 2054 2307 inexpugna—

475 2333 657 2386 bilem.

546 2427 670 2479 107.
710 2425 918 2479 Eximia
950 2425 1234 2494 primaque
1267 2424 1676 2492 mediciua,qua
1711 2429 2046 2494 aegrotantes

474 2536 500 2571 a
539 2519 624 2573 via
682 2520 1065 2572 mandatorum
1118 2521 1315 2571 luteam
1346 2531 1508 2584 quam
1546 2514 1839 2571 ebiberunt
1865 2512 2052 2582 caligi-

397 2601 402 2605 ’
473 2628 596 2665 nem
649 2611 808 2665 facile
839 2619 1118 2674 evomant,
1157 2618 1243 2665 est
1265 2624 1389 2664 cum
1426 2608 1530 2663 lide
1578 2608 1632 2662 in
1684 2607 1938 2662 omnibus
1969 2606 2052 2660 iu-

473 2706 729 2759 distincte
755 2705 999 2760 obedire.
1029 2702 1119 2759 Est
1151 2704 1292 2756 enim
1326 2703 1476 2771 potio
1506 2702 1704 2755 multas
1736 2701 1789 2754 in
1821 2698 2045 2754 bibenti-

473 2801 573 2854 bus
603 2799 918 2868 germinans
941 2797 1193 2861 virtutes,
1224 2803 1278 2848 et
1311 2795 1597 2849 cicatrices
1633 2793 1916 2846 vulnerum
1946 2803 2053 2844 uno

473 2893 583 2945 ictu
619 2892 921 2944 emundans
969 2888 1285 2955 scalpellum
1315 2904 1331 2943 :
1366 2900 1474 2956 quo
1519 2886 1563 2940 si
1600 2886 1722 2956 quis
1755 2884 1806 2938 in
1853 2885 1957 2937 [ide
1991 2897 2054 2936 ac

481 2982 837 3049 simplicitate
869 2982 942 3033 uti
968 2981 1098 3034 velit
1129 2992 1181 3033 et
1217 2979 1375 3045 sciat,
1403 2993 1594 3032 omnes
1627 2992 1731 3031 una
1774 2976 2054 3045 passiones

473 3073 766 3136 abscindit,
803 3087 903 3126 nec
931 3071 1106 3126 solum
1145 3072 1382 3140 quietem
1435 3070 1775 3138 adipiscitur,
1807 3069 1900 3123 sed
1939 3069 2052 3136 jam
2079 3099 2123 3161 Ο

474 3180 538 3219 ea
571 3181 666 3234 per
699 3163 1062 3218 obedientiam
1093 3166 1296 3232 potitus
1327 3171 1431 3227 est,
1464 3163 1591 3231 quia
1638 3161 1919 3216 Christum
1965 3162 2055 3214 in—

460 3257 644 3325 ‘venit,
681 3259 910 3327 ejusque
934 3256 1176 3310 imitator
1204 3265 1258 3309 et
1279 3254 1515 3310 famulus
1545 3255 1604 3308 lit
1632 3268 1697 3309 ac
1729 3254 1947 3307 dicitur.

549 3437 674 3493 108.
709 3435 899 3492 Omnis
935 3438 987 3492 in
1010 3437 1158 3491 luctu
1191 3452 1302 3491 non
1333 3449 1569 3506 Operans
1599 3443 1654 3489 et
1687 3435 1898 3501 vivens,
1927 3434 2059 3489 tole-

479 3547 606 3587 rare
656 3530 845 3600 nequit
889 3530 1126 3585 calorem
1178 3528 1536 3598 quietudinis.
1579 3527 1715 3581 Nam
1781 3529 1872 3598 qui
1914 3527 2060 3597 luget

480 3636 643 3694 atque
689 3623 947 3678 terribilia
987 3622 1181 3677 mortis
1205 3619 1465 3690 prmludia
1497 3628 1552 3673 et
1577 3621 1918 3673 consectaria
1951 3633 2065 3674 me-

477 3718 707 3778 ditatur,
737 3714 1054 3783 priusquam
1094 3713 1327 3782 ipsarnet
1358 3709 1675 3772 adveniant,
1696 3709 2057 3762 constantiam

480 3807 704 3862 habebit
736 3815 789 3857 et
817 3805 1202 3870 humilitatem,
1241 3817 1359 3870 quae
1403 3809 1532 3855 sunt
1573 3802 1678 3853 duo
1711 3799 1913 3868 quietis
1940 3800 2060 3853 fun-

485 3898 768 3952 damenta.
800 3895 905 3961 Qui
956 3911 1086 3950 vero
1143 3895 1262 3950 sine
1313 3892 1399 3946 his
1430 3894 1596 3945 vitam
1639 3892 1748 3960 agit
1795 3893 2056 3958 quietam,

478 3988 574 4042 alit
596 4003 810 4058 semper
840 4002 961 4042 cum
1009 3984 1340 4057 negligentia
1372 3981 1710 4052 superbiam,
1745 3997 1811 4036 ex
1862 3980 2060 4051 quibus

480 4081 820 4134 teutationes
851 4088 904 4132 et
932 4077 1320 4132 distractiones
1343 4073 1614 4144 pullulant
1641 4084 1694 4128 et
1715 4074 1780 4126 ad
1814 4083 2058 4142 teporem

480 4187 579 4227 nos
615 4171 924 4239 itupellunt.
963 4169 1173 4223 Exinde
1210 4168 1314 4222 lilia
1342 4165 1606 4222 socordiae
1640 4166 2060 4234 intemperantia

479 4267 734 4334 ignavum
766 4270 820 4318 et
841 4263 1047 4317 inerme
1078 4261 1256 4315 reddit
1277 4273 1500 4328 corpus,
1530 4267 1772 4312 mentem
1799 4272 1928 4311 vero
1960 4257 2061 4312 ob-

481 4355 731 4408 tenehrat
768 4363 829 4406 et
857 4353 1099 4406 imlurat.
1137 4352 1287 4404 Tunc
1314 4350 1476 4404 Jesus
1512 4365 1572 4404 se
1599 4349 1907 4412 abscondit,
1934 4349 2058 4419 quia

483 4447 536 4499 in
573 4447 701 4501 sedc
738 4444 940 4500 mentis
977 4443 1234 4512 squalent
1261 4441 1489 4496 turbida:
1517 4441 1900 4510 cogitationes.

556 4729 680 4786 109.
725 4729 1145 4784 Remnrdentem
1179 4743 1324 4783 nunc
1359 4727 1439 4782 vel
1471 4729 1524 4781 in
1562 4728 1746 4781 futuro
1770 4725 2057 4780 conscien-

483 4824 616 4876 tiam
679 4823 867 4877 scntiri
920 4823 989 4876 ab
1023 4822 1275 4876 omnibus
1311 4820 1651 4889 impossibile
1687 4827 1807 4879 est;
1840 4819 1932 4873 sed
1976 4819 2058 4872 his

491 4924 702 4968 tantum
731 4915 948 4983 proprie
974 4915 1024 4968 id
1055 4914 1550 4984 contingit,quibus
1579 4913 1748 4983 gloria
1785 4921 1878 4966 aut
1906 4926 2059 4965 amor

484 5007 639 5060 deest
699 5007 783 5059 vel
838 5003 1091 5059 defutura
1147 5015 1252 5060 est.
1286 5004 1420 5059 Nam
1475 5005 1567 5059 illa
1610 5016 1694 5060 est
1721 5003 1876 5074 quasi
1906 5003 2058 5058 dirus

483 5098 659 5154 hostis
706 5107 893 5152 sontes
949 5097 1329 5167 multipliciter
1379 5099 1634 5165 puniens,
1683 5106 1739 5152 et
1796 5106 2058 5168 tyrannus

483 5195 701 5249 videtur
727 5193 1006 5247 stimulum
1035 5202 1092 5246 et
1142 5193 1491 5260 exprobrium
1524 5199 1581 5243 ut
1609 5189 1846 5258 gladium
1890 5188 2060 5243 infra-

482 5287 644 5362 gilem
703 5283 922 5356 semper
967 5285 1288 5353 evaginans.
1357 5283 1684 5338 Stimulante
1739 5282 1907 5350 igitur
1954 5295 2056 5336 nos

484 5379 841 5443 conscientia,
889 5377 1147 5430 debemus
1179 5373 1484 5443 tripliciter,
1521 5388 1714 5441 nempe
1742 5381 1932 5426 contra
1958 5372 2056 5425 ad-

482 5470 758 5523 versarios
829 5475 1191 5535 naturamque
1254 5475 1308 5520 et
1363 5464 1622 5529 animam,
1659 5477 1878 5517 movere
1927 5461 2059 5517 illud

476 5559 631 5629 quod
665 5561 815 5615 zelus
844 5567 1095 5626 vocatur,
1127 5567 1180 5614 et
1210 5559 1288 5620 ira
1323 5556 1584 5612 naturalis
1609 5557 1808 5610 dicitur
1823 5556 1889 5609 ab
1915 5555 2056 5618 aliis,

489 5653 580 5715 qui
614 5653 755 5706 hanc
795 5653 956 5722 gladii
991 5654 1165 5707 instar
1207 5652 1351 5706 acuti
1395 5651 1655 5704 adversus
1701 5649 1888 5703 hostes
1931 5661 2059 5701 exe-

493 5753 618 5794 rere
639 5757 734 5797 nos
761 5744 972 5813 jubenl.
1005 5744 1071 5798 Et
1102 5747 1322 5814 quidem
1357 5743 1400 5799 si
1449 5743 1635 5799 vicerit
1659 5750 1710 5798 et
1741 5741 2053 5796 dualitatem

2155 501 2253 570 τῆς
2301 499 2528 569 ἡσυχίας
2579 499 2901 569 πλημμυροῖ
2945 498 3045 569 τὴν
3098 497 3269 568 ψυχὴν
3306 498 3623 564 Gelasimum:

2153 590 2300 642 ἔστιν
2332 589 2505 652 ἄλλως
2552 589 2809 659 περᾶσαι,
2849 590 2898 641 εί
2928 590 3003 658 μὴ
3035 593 3092 641 ἐν
3129 589 3205 660 τῷ
3232 589 3475 662 πλοίῳτῷ
3499 594 3627 666 κούςῳ

2155 683 2248 734 καὶ
2292 680 2512 751 ἐλαφρῷ
2557 683 2654 751 τῆς
2702 681 3061 751 περιεκτικῆς
3094 682 3346 751 ἀκτησίας
3380 685 3460 736 καὶ
3487 686 3630 756 ἐγκρα-

2153 773 2327 837 τείας.
2382 775 2477 828 Ἐκ
2508 775 2615 844 γὰρ
2665 773 2766 843 τῆς
2798 772 3070 843 ἀκρασίας
3102 773 3193 825 καὶ
3221 772 3468 840 φιλοῦλίας
3497 778 3535 828 οί
3559 777 3632 830 τῶν

2155 867 2345 919 παθῶν
2375 865 2667 938 χείμαρροι
2697 865 2797 935 τὴν
2837 865 2944 934 γῆν
2973 865 3072 933 τῆς
3117 865 3331 934 καρδίας
3354 868 3635 935 περικλύσαν-

2152 975 2265 1021 τες,
2294 960 2382 1013 καὶ
2423 961 2606 1012 πᾶσαν
2638 958 2880 1029 σαπρίαν
2905 960 3001 1012 καὶ
3037 957 3167 1027 ὓλην
3196 956 3450 1029 λογισμῶν
3472 961 3518 1012 ἐν
3539 959 3635 1029 αὐτῇ

2155 1052 2582 1118 καταγαγόντες,
2632 1051 2753 1104 τότε
2796 1051 3060 1120 σύγχυσιν
3112 1054 3208 1122 μὲν
3244 1051 3317 1122 τῷ
3345 1052 3436 1118 νοῖ,
3473 1053 3639 1105 ϐάλωσιν

2154 1141 2210 1193 δὲ
2241 1144 2306 1212 τῇ
2344 1142 2574 1212 διανοίᾳ,
2617 1141 2782 1212 βάρος
2819 1141 2875 1193 δὲ
2910 1141 2989 1211 τῷ
3030 1139 3239 1212 σώματι
3271 1141 3549 1212 ἐμποιοῦσι·
3573 1141 3642 1196 καὶ

2155 1233 2440 1302 ὀλίγωρον,
2483 1233 2577 1285 καὶ
2613 1235 2897 1301 σκοτεινὴν
2919 1271 2934 1295 ,
2968 1234 3062 1286 καὶ
3108 1233 3383 1304 ναρκῶσαν
3410 1234 3493 1303 τὴν
3514 1235 3642 1304 ψυχὴν

2156 1325 2249 1377 καὶ
2279 1327 2376 1394 τὴν
2407 1325 2632 1394 καρδίαν
2667 1326 3091 1394 ἀπεργάζονται,
3115 1325 3207 1381 καὶ
3234 1328 3328 1396 τῆς
3345 1327 3515 1390 οἰκείας
3539 1329 3640 1385 κατά

2155 1417 2313 1485 φύσιν
2342 1417 2510 1482 ἕξεως
2536 1419 2628 1470 καὶ
2662 1417 2966 1487 αἰσθήσεως
2996 1417 3360 1472 ἐκϐάλλουσιν.

2229 1507 2338 1579 ρς’.
2371 1511 2615 1580 Χαύνην,
2646 1510 2740 1562 καὶ
2765 1509 3032 1578 ὀλίγωρον
3055 1549 3069 1574 ,
3097 1511 3193 1565 καὶ
3232 1510 3381 1566 ἄνουν
3402 1510 3486 1580 οὐχ
3503 1509 3644 1574 οὕτως,

2152 1598 2226 1662 ὡς
2282 1602 2317 1671 ἡ
2357 1600 2616 1670 φιλαυτία
2664 1601 2956 1671 κυρίως,ἡ
3007 1599 3116 1655 τῶν
3169 1599 3347 1653 παθῶν
3396 1600 3556 1668 τροφὸς
3579 1600 3648 1669 τὴν

2154 1693 2330 1763 ψυχὴν
2366 1693 2474 1747 τῶν
2500 1693 2804 1746 σπουδαίων
2843 1694 3082 1762 ἐμποιεῖ.
3128 1692 3314 1746 Ἡνίκα
3349 1694 3447 1763 γὰρ
3477 1693 3555 1754 τὰς
3582 1689 3647 1744 τοῦ

2157 1787 2408 1854 σώματος
2437 1785 2773 1848 ἀναπαύσεις
2806 1785 2918 1838 τῶν
2955 1785 3100 1854 ὑπὲρ
3147 1787 3340 1858 ἀρετῆς
3371 1786 3527 1839 πόνων
3558 1800 3649 1854 προ-

2153 1879 2312 1949 τιμᾷ,
2373 1878 2467 1930 καὶ
2527 1877 2956 1948 περιποιητικὴν
3007 1879 3227 1947 ἡγεῖται
3271 1879 3451 1944 γνῶσιν
3496 1876 3544 1929 τὸ
3598 1874 3650 1946 μὴ

2155 1973 2340 2023 πονεῖν
2370 1971 2429 2022 ὲν
2468 1970 2570 2031 τοῖς
2603 1968 2782 2040 ἔργοις
2809 1969 3095 2036 ἑκουσίως,
3137 1969 3361 2040 μάλιστα
3389 1970 3442 2022 ὲν
3462 1968 3650 2038 εύχερέσι

2152 2060 2262 2114 τῶν
2307 2059 2535 2113 ἐντολῶν
2570 2062 2788 2130 μικροῖς
2833 2060 3043 2131 ἱδρῶσι,
3085 2059 3208 2114 τότε
3235 2061 3435 2114 ἀτονίαν
3453 2043 3517 2130 ’τῇ
3545 2059 3648 2128 ψυχῇ

2157 2153 2295 2223 πρὸς
2340 2153 2400 2204 το
2434 2152 2532 2221 τῆς
2591 2151 2823 2221 ἡσυχίας
2875 2151 3089 2205 στάδιον
3126 2152 3295 2204 ποιεῖν
3336 2153 3554 2218 πέῇυκε,
3586 2148 3652 2200 καὶ

2154 2246 2257 2315 τὴν
2289 2244 2504 2297 ἔκλυσιν
2532 2245 2589 2296 ὲν
2621 2245 2737 2306 τοῖς
2785 2242 2968 2314 ἔργοις
3007 2242 3281 2312 κραταιὰν
3318 2241 3406 2310 καὶ.
3431 2239 3652 2309 ἁκαταμά-

2159 2353 2326 2408 χητον
2363 2333 2758 2406 ἀπεργάζεται.

2235 2427 2336 2500 ρξ’.
2385 2428 2592 2498 Ἰατρὸς
2619 2426 2841 2498 ἄριστος
2863 2425 2954 2479 καὶ
2980 2425 3200 2496 πρῶτος
3226 2427 3330 2489 τοῖς
3359 2424 3477 2493 πρὸς
3499 2423 3577 2485 τὰς
3597 2423 3658 2476 ἐν·

2155 2521 2317 2584 τολάς
2344 2519 2655 2585 ἀσθενοῦσι,
2687 2518 2785 2573 καὶ
2808 2518 2906 2589 τὴν
2932 2516 3141 2588 θολώδη
3167 2517 3418 2570 σκότωσιν
3444 2517 3660 2585 ἑλομένοις

2157 2615 2182 2666 ὲ
2191 2615 2310 2684 μεῖν
2323 2610 2584 2680 εὐχερῶς,
2604 2611 2706 2663 οὐκ
2720 2609 2888 2673 ἔστιν,
2902 2608 2976 2671 ῶς
2995 2608 3028 2678 ἡ
3050 2607 3360 2678 ἀδιάκριτος
3372 2607 3457 2660 καὶ
3469 2605 3581 2676 μετὰ
3595 2603 3660 2656 τί·

2158 2721 2328 2767 στεως
2361 2706 2417 2757 ἐν
2439 2704 2603 2756 πᾶσιν
2630 2701 2870 2770 ὑπακοή.
2903 2699 3206 2770 Φάρμακον
3232 2699 3336 2770 γάρ
3362 2699 3464 2750 ὲστι
3487 2694 3661 2760 ζωτικὸν

2157 2796 2553 2850 πολυσύνθετον
2581 2793 2793 2863 ἀρετῶν
2819 2795 2933 2856 τοῖς
2959 2793 3202 2856 πίνουσι,
3241 2792 3330 2845 καὶ
3361 2790 3565 2861 μάχαιρα
3591 2787 3660 2848 τὰς

2156 2890 2318 2950 οὐλὰς
2350 2888 2460 2940 τῶν
2490 2886 2823 2954 τραυμάτων
2853 2885 2944 2954 ἀφ’
2979 2885 3098 2947 ὲνδς
3142 2883 3545 2954 ὲκκαθαίρουσα·
3569 2877 3661 2946 ἡνὸ

2159 2984 2218 3033 ὲν
2250 2981 2430 3034 πίστει
2479 2978 2574 3032 καὶ
2611 2977 2874 3046 ἁπλότητι
2910 2977 3216 3046 προκρίνας
3260 2975 3433 3028 πασῶν
3458 2971 3658 3041 ἐνεργεῖν,

2158 3073 2333 3127 πάντα
2375 3071 2443 3124 τὰ
2477 3070 2623 3140 πάθη
2666 3067 2754 3137 ὑφ’
2795 3068 2853 3122 ἓν
2903 3067 3241 3137 περιέκοψν
3282 3067 3370 3119 καὶ
3407 3062 3594 3132 ἡσυχίαν
3617 3058 3661 3110 οὐ

2157 3166 2366 3234 φθάσας
2389 3165 2567 3235 μόνον,
2597 3162 2711 3216 ἀλλ’
2743 3161 2842 3233 ἡδη
2867 3160 2962 3214 καὶ⁵
2989 3160 3076 3213 διά
3099 3160 3205 3230 τῆς
3235 3156 3464 3226 ὑπακοῆς
3491 3151 3656 3219 κατώρ-

2157 3258 2330 3310 θωσεν
2374 3254 2541 3326 αὐτὴν
2596 3253 2830 3324 Χριστὸν
2881 3249 3093 3322 εὑρὼν,
3146 3251 3244 3304 καὶ
3291 3247 3510 3318 μιμητὴς
3539 3239 3661 3296 αὑτοῦ

2156 3350 2253 3402 καὶ
2281 3347 2464 3410 δοῦλος
2485 3387 2498 3412 ,
2536 3348 2631 3400 καὶ
2663 3345 2976 3415 γενόμενος,
3010 3345 3111 3396 καὶ
3144 3343 3443 3411 λεγόμενος.

2229 3449 2334 3514 ρην.
2380 3442 2544 3494 ’Δνευ
2584 3437 2588 3441 ’
2626 3437 2893 3507 πενθικῆς
2963 3436 3232 3508 ἐργασίας
3293 3439 3383 3489 καὶ
3452 3426 3663 3486 πολιτείας

2155 3537 2416 3590 ἀδύνατον
2461 3537 2550 3588 τὸν
2585 3534 2686 3604 τῆς
2733 3531 2964 3603 ἡσυχίας
3019 3531 3284 3584 καύσωνα
3322 3527 3586 3596 ὑπομεῖναι.
3619 3517 3660 3568 ’0

2159 3629 2256 3699 μὲν
2307 3627 2416 3698 γάρ
2472 3625 2718 3692 πενθῶν,
2766 3625 2860 3678 καὶ
2913 3624 2981 3678 τὰ
3030 3623 3140 3694 πρὸ
3192 3622 3289 3676 τοῦ
3345 3619 3546 3674 Θανάτου
3595 3610 3663 3665 καὶ

2112 3750 2125 3762 -
2157 3719 2298 3789 μετά
2335 3718 2564 3772 Θάνατον
2611 3715 2761 3769 δεινά
2821 3713 3080 3786 μελετῶν,
3141 3713 3273 3781 πρὶν
3317 3712 3349 3782 ἢ
3389 3709 3472 3778 ἀφ’
3503 3701 3660 3759 ἑαυτῶν

2152 3810 2374 3881 ἡξουσι,
2402 3810 2495 3862 καὶ
2542 3806 2819 3878 ὑπομονὴν
2857 3805 2969 3871 ἕξει
3009 3804 3109 3857 καὶ⁵
3137 3797 3474 3862 ταπείνωσιν,
3501 3797 3556 3850 τὰ
3579 3792 3661 3846 δύω

2153 3901 2252 3970 τῆς
2279 3899 2507 3974 ἡσυχίας
2553 3897 2803 3967 θεμέλια.
2855 3897 2916 3950 ’0
2953 3895 3011 3948 δὲ
3052 3896 3225 3966 χωρὶς
3255 3892 3360 3947 τῶν
3389 3881 3661 3962 προειρημέ-

2153 4009 2259 4046 νων
2284 3993 2512 4061 ἡσυχίαν
2535 3989 2704 4059 ἀγων,
2737 3989 3034 4060 σύντροφον
3059 3986 3178 4058 ἔχει
3207 3985 3297 4040 ἀεὶ
3318 3985 3411 4055 τῆς
3432 3975 3666 4046 ὀλιγωρίας

2153 4084 2253 4156 τὴν
2315 4085 2491 4154 οἴησιν
2517 4100 2529 4114 ·
2591 4082 2652 4148 ἐξ
2703 4076 2779 4136 ὧν
2841 4080 3220 4152 αἱχμαλωσίαι
3274 4077 3366 4131 καὶ
3415 4065 3664 4146 ρεμὸασμοὶ

2155 4175 2553 4247 πληθύνονται,
2603 4175 2697 4228 καὶ
2745 4173 2884 4246 πρὸς
2929 4171 3030 4243 τὴν
3080 4171 3354 4242 χαύνωσιν
3399 4158 3666 4221 συνωθοῦσιν

2155 4269 2326 4338 ἡμᾶς.
2369 4265 2651 4320 Ἐντεῦθεν
2679 4267 2713 4335 ἡ
2747 4266 2847 4335 τῆς
2890 4263 3164 4336 ῥᾳθυμίας
3193 4263 3429 4331 θυγάτηρ
3476 4247 3662 4338 ἀκρασία

2156 4337 2351 4429 χαῦνον
2388 4358 2487 4428 μὲν
2519 4359 2614 4411 καὶ
2662 4345 2848 4412 ἄτονον
2895 4356 2958 4408 τὸ
3003 4355 3164 4427 σῶμα
3209 4353 3440 4425 ἐμποιεῖ,
3474 4346 3550 4400 τον
3572 4337 3666 4394 νοῦν

2085 4447 2213 4506 Βδὲ
2244 4448 2628 4518 ὲσκοτισμένον
2669 4448 2765 4501 καὶ
2796 4446 3210 4516 πεττωρωμένον
3250 4441 3537 4514 ἐργάζεται.
3565 4431 3663 4518 Τότε

2157 4541 2214 4595 δὲ
2243 4541 2339 4593 καὶ
2381 4517 2590 4608 Ἰησοῦς
2636 4537 2842 4610 ἐκρύϐη
2865 4578 2880 4604 ,
2927 4537 3085 4607 δχλου
3115 4536 3273 4599 ὄντος
3320 4529 3572 4602 νοημάτων
3596 4517 3666 4572 καὶ

2157 4633 2432 4702 λογισμῶν
2460 4633 2516 4685 ἓν
2549 4631 2626 4702 τῷ
2661 4634 2802 4685 κατὰ
2827 4631 3067 4684 διάνοιαν
3101 4628 3279 4698 τόπῳ.

2227 4698 2326 4798 ῥθί
2362 4698 2728 4796 Συνειδὴσεως
2761 4723 2990 4794 βάσανον
3019 4725 3115 4788 τῆς
3149 4719 3278 4784 νῦν,
3313 4713 3462 4784 ἢτῆς
3492 4698 3667 4779 μελλού-

2157 4835 2276 4888 σης,
2321 4821 2378 4872 ἐν
2399 4819 2647 4888 αἰσθήσει
2696 4815 3029 4885 γεύσασθαι,
3071 4815 3190 4875 τοῖς
3238 4812 3400 4865 πᾶσιν
3432 4801 3657 4888 ἀδύνατοξο

2152 4884 2352 4975 Μόνοις
2380 4911 2488 4982 γὰρ
2517 4884 2744 4973 ἐκείνοις
2793 4907 2974 4970 ίδικῶς
3005 4906 3383 4978 προσγίνεται,
3420 4892 3494 4958 οἷς
3517 4896 3545 4963 ἡ
3567 4884 3661 4948 δόξα

2155 5007 2249 5059 καὶ
2298 5004 2332 5071 ἡ
2385 5003 2574 5071 ἀγάπη
2617 5000 2712 5052 ἀπ’
2760 4999 3010 5053 ἐντεῦθεν
3049 4998 3081 5067 ἢ
3151 4995 3362 5049 ἐκεῖθεν
3395 4983 3664 5054 ὁστερείταιι

2167 5097 2256 5162 Ὦς
2284 5097 2395 5169 γὰρ
2439 5095 2633 5167 δήμιός
2657 5094 2742 5157 τίς
2789 5096 2908 5147 ὲστι
2945 5090 3179 5160 φοϐερὸς
3225 5091 3350 5149 τοὺς
3392 5075 3666 5169 ὑπευθύνους

2145 5163 2792 5268 πολυτρόπως-κολάζων.
2838 5188 2932 5238 καὶ
2967 5185 3059 5238 τὸν
3096 5179 3322 5253 ζῆλονῆ
3358 5176 3572 5268 ἔλεγχον.

2149 5255 2423 5366 ῥομφαίαν
2462 5287 2665 5353 ἄτομον
2702 5276 3044 5350 τυραννικῶς
3082 5271 3418 5344 ἀπογυμνῶν
3455 5266 3534 5323 ἀεὶ
3561 5255 3660 5366 γαῖ’

2146 5354 2314 5439 νεται.
2349 5377 2566 5452 Τριχῶς
2595 5373 2689 5429 οὖν
2718 5372 2987 5426 κινεῖσθαι
3015 5367 3152 5439 πρός
3181 5384 3241 5420 τε
3270 5365 3393 5427 τοὺς
3415 5354 3659 5414 ἐναντίους.

2147 5475 2242 5530 καὶ
2273 5473 2372 5545 τὴν
2406 5471 2589 5539 φύσιν,
2625 5467 2718 5519 καὶ
2747 5465 2847 5535 τὴν
2877 5461 3083 5533 ψυχὴν,
3117 5458 3366 5526 δοθείσης
3393 5453 3485 5545 τῆς
3528 5456 3664 5496 σννεῑο

2147 5571 2372 5639 δῇσεως,
2418 5565 2446 5616 ὀ
2492 5559 2829 5630 καλούμενος
2864 5555 3044 5624 ζῆλος,
3090 5551 3190 5605 καὶ
3220 5550 3349 5619 παρ’
3379 5543 3560 5639 ἑτέροις
3587 5549 3662 5636 φξ⁶

2153 5630 2302 5720 etab;
2339 5654 2510 5723 Θυμός
2532 5669 2545 5683 °
2597 5650 2656 5704 ὃν
2689 5650 2764 5711 ὡς
2816 5644 3088 5718 ῥομφαίαν
3125 5642 3396 5709 ἀπότομον
3425 5630 3544 5723 πρὸς

2154 5747 2380 5820 ἐχθροὺς
2433 5743 2638 5810 ὀξύνειν
2698 5739 2846 5809 ἡμᾶς
2890 5733 3312 5804 προστάσσουσι.
3359 5724 3460 5779 Καὶ
3505 5718 3545 5770 εἰ
3592 5709 3661 5779 μὲν

2085 1750 2126 1804 Β
