  <div class='ocr_page' id='page_1' title='image "/cluster/home/n/w/nwhite01/storage/ocr_20150623/150/hvd.32044073498826/644.png"; bbox 0 0 3994 6206; ppageno 0'>
   <div class='ocr_carea' id='block_1_1' title="bbox 451 333 584 400">
    <p class='ocr_par' dir='ltr' id='par_1_1' title="bbox 451 333 584 400">
     <span class='ocr_line' id='line_1_1' title="bbox 451 333 584 400; baseline 0 0"><span class='ocrx_word' id='word_1_1' title='bbox 451 333 584 400; x_wconf 74' lang='lat'><strong>1277</strong></span> 
     </span>
    </p>
   </div>
   <div class='ocr_carea' id='block_1_2' title="bbox 1498 345 2661 416">
    <p class='ocr_par' dir='ltr' id='par_1_2' title="bbox 1498 345 2661 416">
     <span class='ocr_line' id='line_1_2' title="bbox 1498 345 2661 416; baseline 0.004 -7"><span class='ocrx_word' id='word_1_2' title='bbox 1498 345 1771 414; x_wconf 78' lang='lat' dir='ltr'><strong>CAPITA</strong></span> <span class='ocrx_word' id='word_1_3' title='bbox 1813 353 1967 414; x_wconf 85' lang='lat' dir='ltr'><strong>PER</strong></span> <span class='ocrx_word' id='word_1_4' title='bbox 2011 353 2661 416; x_wconf 75' lang='lat' dir='ltr'><strong>ACROS’I‘ICHIDEM.</strong></span> 
     </span>
    </p>
   </div>
   <div class='ocr_carea' id='block_1_3' title="bbox 3563 352 3698 416">
    <p class='ocr_par' dir='ltr' id='par_1_3' title="bbox 3563 352 3698 416">
     <span class='ocr_line' id='line_1_3' title="bbox 3563 352 3698 416; baseline 0.015 -2"><span class='ocrx_word' id='word_1_5' title='bbox 3563 352 3698 416; x_wconf 69' lang='lat'><strong>1978</strong></span> 
     </span>
    </p>
   </div>
   <div class='ocr_carea' id='block_1_4' title="bbox 441 454 1998 537">
    <p class='ocr_par' dir='ltr' id='par_1_4' title="bbox 441 454 1998 532">
     <span class='ocr_line' id='line_1_4' title="bbox 441 454 1998 532; baseline -0.004 -18"><span class='ocrx_word' id='word_1_6' title='bbox 441 463 692 532; x_wconf 82' lang='grc' dir='ltr'>νικήσας,</span> <span class='ocrx_word' id='word_1_7' title='bbox 718 459 974 524; x_wconf 76' lang='grc' dir='ltr'>ὕποτάξω</span> <span class='ocrx_word' id='word_1_8' title='bbox 1001 458 1066 512; x_wconf 71' lang='grc' dir='ltr'><strong>τὰ</strong></span> <span class='ocrx_word' id='word_1_9' title='bbox 1089 457 1198 512; x_wconf 95' lang='grc' dir='ltr'><strong>δύω</strong></span> <span class='ocrx_word' id='word_1_10' title='bbox 1229 456 1307 527; x_wconf 82' lang='grc' dir='ltr'>τῷ</span> <span class='ocrx_word' id='word_1_11' title='bbox 1337 454 1438 521; x_wconf 72' lang='grc' dir='ltr'>ἐνὶ,</span> <span class='ocrx_word' id='word_1_12' title='bbox 1468 457 1590 526; x_wconf 82' lang='grc' dir='ltr'>ὅρος</span> <span class='ocrx_word' id='word_1_13' title='bbox 1615 457 1866 526; x_wconf 75' lang='grc' dir='ltr'>ἀνδρείας</span> <span class='ocrx_word' id='word_1_14' title='bbox 1896 456 1998 509; x_wconf 75' lang='grc' dir='ltr'>τότε</span> 
     </span>
    </p>
   </div>
   <div class='ocr_carea' id='block_1_5' title="bbox 2110 454 3696 537">
    <p class='ocr_par' dir='ltr' id='par_1_5' title="bbox 2122 463 3696 537">
     <span class='ocr_line' id='line_1_5' title="bbox 2122 463 3696 537; baseline 0.001 -19"><span class='ocrx_word' id='word_1_15' title='bbox 2122 465 2317 518; x_wconf 87' lang='lat' dir='ltr'><strong>unitati</strong></span> <span class='ocrx_word' id='word_1_16' title='bbox 2373 463 2846 534; x_wconf 82' lang='lat' dir='ltr'><strong>subjecerit,tunc</strong></span> <span class='ocrx_word' id='word_1_17' title='bbox 2872 463 3210 519; x_wconf 72' lang='lat' dir='ltr'><strong>fortitudinis</strong></span> <span class='ocrx_word' id='word_1_18' title='bbox 3259 465 3468 535; x_wconf 87' lang='lat' dir='ltr'><strong>apicem</strong></span> <span class='ocrx_word' id='word_1_19' title='bbox 3501 467 3696 537; x_wconf 88' lang='lat' dir='ltr'><strong>adepta</strong></span> 
     </span>
    </p>
   </div>
   <div class='ocr_carea' id='block_1_6' title="bbox 445 550 2016 624">
    <p class='ocr_par' dir='ltr' id='par_1_6' title="bbox 445 550 2016 624">
     <span class='ocr_line' id='line_1_6' title="bbox 445 550 2016 624; baseline -0.004 -17"><span class='ocrx_word' id='word_1_20' title='bbox 445 551 910 624; x_wconf 74' lang='grc' dir='ltr'><strong>μεταποιούμενος</strong></span> <span class='ocrx_word' id='word_1_21' title='bbox 947 552 1081 622; x_wconf 75' lang='grc' dir='ltr'>πρὸς</span> <span class='ocrx_word' id='word_1_22' title='bbox 1114 551 1246 602; x_wconf 83' lang='grc' dir='ltr'>Θεὸν</span> <span class='ocrx_word' id='word_1_23' title='bbox 1280 550 1510 617; x_wconf 86' lang='grc' dir='ltr'>γίνεται.</span> <span class='ocrx_word' id='word_1_24' title='bbox 1565 552 1624 603; x_wconf 82' lang='lat' dir='ltr'><strong>El</strong></span> <span class='ocrx_word' id='word_1_25' title='bbox 1676 550 1732 603; x_wconf 80' lang='grc' dir='ltr'>δὲ</span> <span class='ocrx_word' id='word_1_26' title='bbox 1769 551 2016 622; x_wconf 80' lang='grc' dir='ltr'>ὑποταγῇ</span> 
     </span>
    </p>
   </div>
   <div class='ocr_carea' id='block_1_7' title="bbox 437 642 2017 715">
    <p class='ocr_par' dir='ltr' id='par_1_7' title="bbox 437 642 2017 715">
     <span class='ocr_line' id='line_1_7' title="bbox 437 642 2017 715; baseline -0.003 -16"><span class='ocrx_word' id='word_1_27' title='bbox 437 648 558 708; x_wconf 86' lang='grc' dir='ltr'>ταῖς</span> <span class='ocrx_word' id='word_1_28' title='bbox 582 645 735 698; x_wconf 71' lang='grc' dir='ltr'>δυσὶν</span> <span class='ocrx_word' id='word_1_29' title='bbox 765 646 799 715; x_wconf 82' lang='grc' dir='ltr'>ἡ</span> <span class='ocrx_word' id='word_1_30' title='bbox 831 643 1000 715; x_wconf 72' lang='grc' dir='ltr'>ψυχὴ,</span> <span class='ocrx_word' id='word_1_31' title='bbox 1025 643 1294 714; x_wconf 71' lang='grc' dir='ltr'>ἁμαρτία,</span> <span class='ocrx_word' id='word_1_32' title='bbox 1333 644 1496 712; x_wconf 72' lang='grc' dir='ltr'>φημὶ,</span> <span class='ocrx_word' id='word_1_33' title='bbox 1525 644 1618 696; x_wconf 71' lang='grc' dir='ltr'><strong>καὶ</strong></span> <span class='ocrx_word' id='word_1_34' title='bbox 1654 643 1837 712; x_wconf 78' lang='grc' dir='ltr'>σαρκὶ,</span> <span class='ocrx_word' id='word_1_35' title='bbox 1865 642 2017 704; x_wconf 93' lang='grc' dir='ltr'>τέλος</span> 
     </span>
    </p>
   </div>
   <div class='ocr_carea' id='block_1_8' title="bbox 438 734 2015 808">
    <p class='ocr_par' dir='ltr' id='par_1_8' title="bbox 438 734 2015 808">
     <span class='ocr_line' id='line_1_8' title="bbox 438 734 2015 808; baseline -0.004 -16"><span class='ocrx_word' id='word_1_36' title='bbox 438 739 648 793; x_wconf 82' lang='grc' dir='ltr'>ἐκεῖθεν</span> <span class='ocrx_word' id='word_1_37' title='bbox 681 739 913 808; x_wconf 76' lang='grc' dir='ltr'>βάσανος</span> <span class='ocrx_word' id='word_1_38' title='bbox 956 738 1093 806; x_wconf 82' lang='grc' dir='ltr'>αὐτῇ</span> <span class='ocrx_word' id='word_1_39' title='bbox 1123 736 1342 803; x_wconf 78' lang='grc' dir='ltr'>ἀνιλεὴς</span> <span class='ocrx_word' id='word_1_40' title='bbox 1384 737 1745 796; x_wconf 80' lang='grc' dir='ltr'>καθίσταται,</span> <span class='ocrx_word' id='word_1_41' title='bbox 1785 734 1860 797; x_wconf 86' lang='grc' dir='ltr'>ὼς</span> <span class='ocrx_word' id='word_1_42' title='bbox 1894 734 2015 786; x_wconf 83' lang='grc' dir='ltr'>δου-</span> 
     </span>
    </p>
   </div>
   <div class='ocr_carea' id='block_1_9' title="bbox 437 825 2017 904">
    <p class='ocr_par' dir='ltr' id='par_1_9' title="bbox 437 825 2017 904">
     <span class='ocr_line' id='line_1_9' title="bbox 437 825 2017 904; baseline -0.004 -20"><span class='ocrx_word' id='word_1_43' title='bbox 437 831 674 904; x_wconf 79' lang='grc' dir='ltr'>λωθείσῃ</span> <span class='ocrx_word' id='word_1_44' title='bbox 711 831 1023 900; x_wconf 78' lang='grc' dir='ltr'>αὐθαιρέτῳ</span> <span class='ocrx_word' id='word_1_45' title='bbox 1051 827 1246 901; x_wconf 76' lang='grc' dir='ltr'>γνώμῃ</span> <span class='ocrx_word' id='word_1_46' title='bbox 1270 831 1383 890; x_wconf 86' lang='grc' dir='ltr'>τοῖς</span> <span class='ocrx_word' id='word_1_47' title='bbox 1413 829 1698 890; x_wconf 79' lang='grc' dir='ltr'>ἐναντίοις.</span> <span class='ocrx_word' id='word_1_48' title='bbox 1735 825 2017 880; x_wconf 82' lang='grc' dir='ltr'><strong>Ἐντεῦθεν</strong></span> 
     </span>
    </p>
   </div>
   <div class='ocr_carea' id='block_1_10' title="bbox 437 920 2017 993">
    <p class='ocr_par' dir='ltr' id='par_1_10' title="bbox 437 920 2017 993">
     <span class='ocr_line' id='line_1_10' title="bbox 437 920 2017 993; baseline -0.002 -18"><span class='ocrx_word' id='word_1_49' title='bbox 437 925 756 993; x_wconf 68' lang='grc' dir='ltr'>πράττουσα</span> <span class='ocrx_word' id='word_1_50' title='bbox 789 922 856 974; x_wconf 69' lang='grc' dir='ltr'>τὰ</span> <span class='ocrx_word' id='word_1_51' title='bbox 888 922 1170 990; x_wconf 77' lang='grc' dir='ltr'>αἴσχιστα,</span> <span class='ocrx_word' id='word_1_52' title='bbox 1194 922 1289 974; x_wconf 79' lang='grc' dir='ltr'>καὶ</span> <span class='ocrx_word' id='word_1_53' title='bbox 1330 922 1405 984; x_wconf 84' lang='grc' dir='ltr'>ὡς</span> <span class='ocrx_word' id='word_1_54' title='bbox 1441 921 1538 991; x_wconf 83' lang='grc' dir='ltr'>τὴν</span> <span class='ocrx_word' id='word_1_55' title='bbox 1568 921 1626 985; x_wconf 82' lang='grc' dir='ltr'><strong>ἐξ</strong></span> <span class='ocrx_word' id='word_1_56' title='bbox 1667 920 1878 991; x_wconf 82' lang='grc' dir='ltr'>ἀρετῶν</span> <span class='ocrx_word' id='word_1_57' title='bbox 1915 936 2017 974; x_wconf 88' lang='grc' dir='ltr'>κα-</span> 
     </span>
    </p>
   </div>
   <div class='ocr_carea' id='block_1_11' title="bbox 435 1012 2016 1083">
    <p class='ocr_par' dir='ltr' id='par_1_11' title="bbox 435 1012 2016 1083">
     <span class='ocr_line' id='line_1_11' title="bbox 435 1012 2016 1083; baseline -0.001 -17"><span class='ocrx_word' id='word_1_58' title='bbox 435 1015 700 1068; x_wconf 79' lang='grc' dir='ltr'>τάστασιν</span> <span class='ocrx_word' id='word_1_59' title='bbox 733 1014 1086 1079; x_wconf 80' lang='grc' dir='ltr'>ἀπολέσασα,</span> <span class='ocrx_word' id='word_1_60' title='bbox 1138 1013 1484 1077; x_wconf 80' lang='grc' dir='ltr'>ἐκπέπτωκε,</span> <span class='ocrx_word' id='word_1_61' title='bbox 1519 1013 1614 1065; x_wconf 90' lang='grc' dir='ltr'><strong>τοῦ</strong></span> <span class='ocrx_word' id='word_1_62' title='bbox 1663 1012 1797 1066; x_wconf 87' lang='grc' dir='ltr'>Θεοῦ</span> <span class='ocrx_word' id='word_1_63' title='bbox 1847 1030 2016 1083; x_wconf 90' lang='grc' dir='ltr'>χωρι-</span> 
     </span>
    </p>
   </div>
   <div class='ocr_carea' id='block_1_12' title="bbox 440 1105 647 1164">
    <p class='ocr_par' dir='ltr' id='par_1_12' title="bbox 440 1105 647 1164">
     <span class='ocr_line' id='line_1_12' title="bbox 440 1105 647 1164; baseline 0 -5"><span class='ocrx_word' id='word_1_64' title='bbox 440 1105 647 1164; x_wconf 87' lang='grc' dir='ltr'>σθεῖσα.</span> 
     </span>
    </p>
   </div>
   <div class='ocr_carea' id='block_1_13' title="bbox 511 1194 2017 1266">
    <p class='ocr_par' dir='ltr' id='par_1_13' title="bbox 511 1194 2017 1266">
     <span class='ocr_line' id='line_1_13' title="bbox 511 1194 2017 1266; baseline 0.001 -18"><span class='ocrx_word' id='word_1_65' title='bbox 511 1195 600 1264; x_wconf 82' lang='grc' dir='ltr'>ρι’.</span> <span class='ocrx_word' id='word_1_66' title='bbox 638 1196 854 1266; x_wconf 84' lang='grc' dir='ltr'>Κυρίως</span> <span class='ocrx_word' id='word_1_67' title='bbox 887 1197 1103 1248; x_wconf 83' lang='grc' dir='ltr'>πάντων</span> <span class='ocrx_word' id='word_1_68' title='bbox 1151 1195 1260 1247; x_wconf 84' lang='grc' dir='ltr'>τῶν</span> <span class='ocrx_word' id='word_1_69' title='bbox 1289 1196 1475 1248; x_wconf 82' lang='grc' dir='ltr'>παθῶν</span> <span class='ocrx_word' id='word_1_70' title='bbox 1516 1195 1624 1249; x_wconf 90' lang='grc' dir='ltr'><strong>δύω</strong></span> <span class='ocrx_word' id='word_1_71' title='bbox 1659 1196 1765 1249; x_wconf 65' lang='grc' dir='ltr'><strong>εἰσ)⁴</strong></span> <span class='ocrx_word' id='word_1_72' title='bbox 1806 1194 2017 1264; x_wconf 85' lang='grc' dir='ltr'>σκληρὰ</span> 
     </span>
    </p>
   </div>
   <div class='ocr_carea' id='block_1_14' title="bbox 438 1288 2018 1356">
    <p class='ocr_par' dir='ltr' id='par_1_14' title="bbox 438 1288 2018 1356">
     <span class='ocr_line' id='line_1_14' title="bbox 438 1288 2018 1356; baseline -0.001 -15"><span class='ocrx_word' id='word_1_73' title='bbox 438 1290 531 1341; x_wconf 65' lang='lat' dir='ltr'><strong>xui.</strong></span> <span class='ocrx_word' id='word_1_74' title='bbox 564 1289 841 1356; x_wconf 76' lang='grc' dir='ltr'>βαρύτατα</span> <span class='ocrx_word' id='word_1_75' title='bbox 888 1290 1073 1356; x_wconf 79' lang='grc' dir='ltr'>πάθη,</span> <span class='ocrx_word' id='word_1_76' title='bbox 1116 1288 1340 1356; x_wconf 80' lang='grc' dir='ltr'>πορνεία</span> <span class='ocrx_word' id='word_1_77' title='bbox 1380 1290 1474 1340; x_wconf 74' lang='grc' dir='ltr'><strong>καὶ</strong></span> <span class='ocrx_word' id='word_1_78' title='bbox 1525 1289 1741 1356; x_wconf 80' lang='grc' dir='ltr'>ἁκηδία,</span> <span class='ocrx_word' id='word_1_79' title='bbox 1785 1289 1852 1339; x_wconf 67' lang='grc' dir='ltr'><strong>τὰ</strong></span> <span class='ocrx_word' id='word_1_80' title='bbox 1895 1305 2018 1340; x_wconf 91' lang='grc' dir='ltr'>συν-</span> 
     </span>
    </p>
   </div>
   <div class='ocr_carea' id='block_1_15' title="bbox 437 1378 2014 1451">
    <p class='ocr_par' dir='ltr' id='par_1_15' title="bbox 437 1378 2014 1451">
     <span class='ocr_line' id='line_1_15' title="bbox 437 1378 2014 1451; baseline 0.003 -23"><span class='ocrx_word' id='word_1_81' title='bbox 437 1379 627 1445; x_wconf 80' lang='grc' dir='ltr'>έχοντα</span> <span class='ocrx_word' id='word_1_82' title='bbox 663 1381 755 1430; x_wconf 78' lang='grc' dir='ltr'><strong>καὶ</strong></span> <span class='ocrx_word' id='word_1_83' title='bbox 782 1378 1042 1430; x_wconf 84' lang='grc' dir='ltr'>ἐκλύοντα</span> <span class='ocrx_word' id='word_1_84' title='bbox 1076 1381 1176 1448; x_wconf 75' lang='grc' dir='ltr'>τὴν</span> <span class='ocrx_word' id='word_1_85' title='bbox 1212 1382 1556 1449; x_wconf 73' lang='grc' dir='ltr'>ταλαίπωρον</span> <span class='ocrx_word' id='word_1_86' title='bbox 1593 1379 1799 1451; x_wconf 75' lang='grc' dir='ltr'>ψυχήν·</span> <span class='ocrx_word' id='word_1_87' title='bbox 1828 1379 2014 1450; x_wconf 82' lang='grc' dir='ltr'>κοινήν</span> 
     </span>
    </p>
   </div>
   <div class='ocr_carea' id='block_1_16' title="bbox 435 1468 2011 1538">
    <p class='ocr_par' dir='ltr' id='par_1_16' title="bbox 435 1468 2011 1538">
     <span class='ocr_line' id='line_1_16' title="bbox 435 1468 2011 1538; baseline 0.001 -19"><span class='ocrx_word' id='word_1_88' title='bbox 435 1468 794 1538; x_wconf 71' lang='grc' dir='ltr'>ἀλληλουχίαν</span> <span class='ocrx_word' id='word_1_89' title='bbox 836 1468 1028 1536; x_wconf 79' lang='grc' dir='ltr'>ἔχοντα</span> <span class='ocrx_word' id='word_1_90' title='bbox 1057 1469 1152 1521; x_wconf 68' lang='grc' dir='ltr'><strong>καὶ</strong></span> <span class='ocrx_word' id='word_1_91' title='bbox 1207 1468 1468 1536; x_wconf 78' lang='grc' dir='ltr'>συζυγίαν</span> <span class='ocrx_word' id='word_1_92' title='bbox 1498 1470 1742 1538; x_wconf 84' lang='grc' dir='ltr'>ἀλλήλοις</span> <span class='ocrx_word' id='word_1_93' title='bbox 1765 1487 1778 1500; x_wconf 91' lang='grc'><strong>·</strong></span> <span class='ocrx_word' id='word_1_94' title='bbox 1811 1469 2011 1521; x_wconf 76' lang='grc' dir='ltr'>δυσκαο</span> 
     </span>
    </p>
   </div>
   <div class='ocr_carea' id='block_1_17' title="bbox 433 1561 2011 1632">
    <p class='ocr_par' dir='ltr' id='par_1_17' title="bbox 433 1561 2011 1632">
     <span class='ocr_line' id='line_1_17' title="bbox 433 1561 2011 1632; baseline 0.001 -20"><span class='ocrx_word' id='word_1_95' title='bbox 433 1561 726 1630; x_wconf 80' lang='grc' dir='ltr'>ταμὰχητα</span> <span class='ocrx_word' id='word_1_96' title='bbox 757 1561 885 1613; x_wconf 77' lang='grc' dir='ltr'>ὄντα</span> <span class='ocrx_word' id='word_1_97' title='bbox 925 1562 1017 1612; x_wconf 78' lang='grc' dir='ltr'>καὶ</span> <span class='ocrx_word' id='word_1_98' title='bbox 1055 1563 1320 1631; x_wconf 77' lang='grc' dir='ltr'>ἀήττητοι,</span> <span class='ocrx_word' id='word_1_99' title='bbox 1359 1562 1451 1615; x_wconf 71' lang='grc' dir='ltr'><strong>καὶ</strong></span> <span class='ocrx_word' id='word_1_100' title='bbox 1479 1563 1696 1624; x_wconf 83' lang='grc' dir='ltr'>τελείως</span> <span class='ocrx_word' id='word_1_101' title='bbox 1732 1564 1823 1629; x_wconf 82' lang='grc' dir='ltr'>ὑφ’</span> <span class='ocrx_word' id='word_1_102' title='bbox 1857 1562 2011 1632; x_wconf 81' lang='grc' dir='ltr'>ἡμῶν</span> 
     </span>
    </p>
   </div>
   <div class='ocr_carea' id='block_1_18' title="bbox 433 1651 2003 1722">
    <p class='ocr_par' dir='ltr' id='par_1_18' title="bbox 433 1651 2003 1722">
     <span class='ocr_line' id='line_1_18' title="bbox 433 1651 2003 1722; baseline 0.001 -19"><span class='ocrx_word' id='word_1_103' title='bbox 433 1652 686 1720; x_wconf 75' lang='grc' dir='ltr'>ἀνίκητα.</span> <span class='ocrx_word' id='word_1_104' title='bbox 726 1653 832 1704; x_wconf 75' lang='grc' dir='ltr'><strong>Καὶ</strong></span> <span class='ocrx_word' id='word_1_105' title='bbox 855 1653 916 1703; x_wconf 80' lang='grc' dir='ltr'><strong>τὸ</strong></span> <span class='ocrx_word' id='word_1_106' title='bbox 948 1653 1045 1720; x_wconf 80' lang='grc' dir='ltr'><strong>μὲν</strong></span> <span class='ocrx_word' id='word_1_107' title='bbox 1102 1652 1386 1715; x_wconf 75' lang='grc' dir='ltr'>πλεονάζει</span> <span class='ocrx_word' id='word_1_108' title='bbox 1413 1654 1469 1704; x_wconf 83' lang='grc' dir='ltr'><strong>ἐν</strong></span> <span class='ocrx_word' id='word_1_109' title='bbox 1499 1651 1576 1722; x_wconf 81' lang='grc' dir='ltr'><strong>τῷ</strong></span> <span class='ocrx_word' id='word_1_110' title='bbox 1603 1652 2003 1722; x_wconf 74' lang='grc' dir='ltr'>ἐπιθυμητικῷ,</span> 
     </span>
    </p>
   </div>
   <div class='ocr_carea' id='block_1_19' title="bbox 432 1743 2004 1814">
    <p class='ocr_par' dir='ltr' id='par_1_19' title="bbox 432 1743 2004 1814">
     <span class='ocr_line' id='line_1_19' title="bbox 432 1743 2004 1814; baseline 0.001 -21"><span class='ocrx_word' id='word_1_111' title='bbox 432 1744 679 1812; x_wconf 78' lang='grc' dir='ltr'>περιέχει</span> <span class='ocrx_word' id='word_1_112' title='bbox 713 1743 769 1795; x_wconf 81' lang='grc' dir='ltr'>δὲ</span> <span class='ocrx_word' id='word_1_113' title='bbox 803 1744 900 1811; x_wconf 76' lang='grc' dir='ltr'><strong>τὴν</strong></span> <span class='ocrx_word' id='word_1_114' title='bbox 945 1743 1078 1813; x_wconf 82' lang='grc' dir='ltr'>ὓλην</span> <span class='ocrx_word' id='word_1_115' title='bbox 1109 1743 1270 1810; x_wconf 88' lang='grc' dir='ltr'>φύσει</span> <span class='ocrx_word' id='word_1_116' title='bbox 1299 1744 1617 1813; x_wconf 73' lang='grc' dir='ltr'>ἀδιορίστως</span> <span class='ocrx_word' id='word_1_117' title='bbox 1656 1744 2004 1814; x_wconf 77' lang='grc' dir='ltr'>ἀμφοτέρων,</span> 
     </span>
    </p>
   </div>
   <div class='ocr_carea' id='block_1_20' title="bbox 430 1829 2009 1902">
    <p class='ocr_par' dir='ltr' id='par_1_20' title="bbox 430 1829 2009 1902">
     <span class='ocr_line' id='line_1_20' title="bbox 430 1829 2009 1902; baseline -0.002 -18"><span class='ocrx_word' id='word_1_118' title='bbox 430 1832 603 1899; x_wconf 89' lang='grc' dir='ltr'>λέγω,</span> <span class='ocrx_word' id='word_1_119' title='bbox 645 1833 824 1900; x_wconf 66' lang='grc' dir='ltr'>ψυχῆς</span> <span class='ocrx_word' id='word_1_120' title='bbox 880 1833 975 1885; x_wconf 75' lang='grc' dir='ltr'><strong>καὶ</strong></span> <span class='ocrx_word' id='word_1_121' title='bbox 1031 1831 1317 1902; x_wconf 83' lang='grc' dir='ltr'>σώματος,</span> <span class='ocrx_word' id='word_1_122' title='bbox 1379 1830 1833 1900; x_wconf 84' lang='grc' dir='ltr'>συγκεκραμένην</span> <span class='ocrx_word' id='word_1_123' title='bbox 1887 1829 2009 1899; x_wconf 77' lang='grc' dir='ltr'>ἔχον</span> 
     </span>
    </p>
   </div>
   <div class='ocr_carea' id='block_1_21' title="bbox 432 1923 2001 1995">
    <p class='ocr_par' dir='ltr' id='par_1_21' title="bbox 432 1923 2001 1995">
     <span class='ocr_line' id='line_1_21' title="bbox 432 1923 2001 1995; baseline -0.001 -17"><span class='ocrx_word' id='word_1_124' title='bbox 432 1926 560 1995; x_wconf 74' lang='grc' dir='ltr'>ὃλην</span> <span class='ocrx_word' id='word_1_125' title='bbox 603 1927 660 1976; x_wconf 85' lang='grc' dir='ltr'><strong>ἐν</strong></span> <span class='ocrx_word' id='word_1_126' title='bbox 691 1924 833 1987; x_wconf 81' lang='grc' dir='ltr'>ὅλοις</span> <span class='ocrx_word' id='word_1_127' title='bbox 875 1925 1060 1993; x_wconf 84' lang='grc' dir='ltr'>μέλεσι</span> <span class='ocrx_word' id='word_1_128' title='bbox 1087 1925 1182 1993; x_wconf 84' lang='grc' dir='ltr'>τὴν</span> <span class='ocrx_word' id='word_1_129' title='bbox 1213 1923 1404 1993; x_wconf 77' lang='grc' dir='ltr'>ἡδονὴν</span> <span class='ocrx_word' id='word_1_130' title='bbox 1439 1924 1608 1992; x_wconf 80' lang='grc' dir='ltr'>αὐτῆς</span> <span class='ocrx_word' id='word_1_131' title='bbox 1631 1943 1642 1953; x_wconf 93' lang='grc'><strong>·</strong></span> <span class='ocrx_word' id='word_1_132' title='bbox 1681 1925 1712 1994; x_wconf 86' lang='grc' dir='ltr'>ἡ</span> <span class='ocrx_word' id='word_1_133' title='bbox 1745 1925 1832 1987; x_wconf 81' lang='grc' dir='ltr'><strong>δὲ,</strong></span> <span class='ocrx_word' id='word_1_134' title='bbox 1868 1924 2001 1976; x_wconf 58' lang='lat' dir='ltr'><strong>iver-</strong></span> 
     </span>
    </p>
   </div>
   <div class='ocr_carea' id='block_1_22' title="bbox 431 2015 2013 2086">
    <p class='ocr_par' dir='ltr' id='par_1_22' title="bbox 431 2015 2013 2086">
     <span class='ocr_line' id='line_1_22' title="bbox 431 2015 2013 2086; baseline -0.002 -17"><span class='ocrx_word' id='word_1_135' title='bbox 431 2017 521 2069; x_wconf 88' lang='grc' dir='ltr'><strong>θεν</strong></span> <span class='ocrx_word' id='word_1_136' title='bbox 560 2016 620 2068; x_wconf 86' lang='grc' dir='ltr'><strong>τὸ</strong></span> <span class='ocrx_word' id='word_1_137' title='bbox 663 2017 994 2086; x_wconf 77' lang='grc' dir='ltr'>ἡγεμονικὸν</span> <span class='ocrx_word' id='word_1_138' title='bbox 1047 2015 1349 2086; x_wconf 81' lang='grc' dir='ltr'>κρατοῦσα,</span> <span class='ocrx_word' id='word_1_139' title='bbox 1382 2015 1509 2084; x_wconf 73' lang='grc' dir='ltr'>ὃλην</span> <span class='ocrx_word' id='word_1_140' title='bbox 1563 2015 1741 2084; x_wconf 70' lang='grc' dir='ltr'>ψυχὴν</span> <span class='ocrx_word' id='word_1_141' title='bbox 1772 2015 1866 2068; x_wconf 73' lang='grc' dir='ltr'>καὶ</span> <span class='ocrx_word' id='word_1_142' title='bbox 1911 2015 2013 2084; x_wconf 81' lang='grc' dir='ltr'><strong>τὴν</strong></span> 
     </span>
    </p>
   </div>
   <div class='ocr_carea' id='block_1_23' title="bbox 430 2106 2009 2176">
    <p class='ocr_par' dir='ltr' id='par_1_23' title="bbox 430 2106 2009 2176">
     <span class='ocr_line' id='line_1_23' title="bbox 430 2106 2009 2176; baseline 0 -17"><span class='ocrx_word' id='word_1_143' title='bbox 430 2107 606 2174; x_wconf 78' lang='grc' dir='ltr'>σάρκα</span> <span class='ocrx_word' id='word_1_144' title='bbox 656 2106 908 2176; x_wconf 80' lang='grc' dir='ltr'>καθάπερ</span> <span class='ocrx_word' id='word_1_145' title='bbox 966 2107 1167 2176; x_wconf 82' lang='grc' dir='ltr'>σμίλαξ</span> <span class='ocrx_word' id='word_1_146' title='bbox 1204 2108 1301 2176; x_wconf 82' lang='grc' dir='ltr'>ὃλη</span> <span class='ocrx_word' id='word_1_147' title='bbox 1347 2107 1852 2176; x_wconf 76' lang='grc' dir='ltr'>περιλαμϐάνουσα,</span> <span class='ocrx_word' id='word_1_148' title='bbox 1908 2125 2009 2159; x_wconf 82' lang='grc' dir='ltr'>νω-</span> 
     </span>
    </p>
   </div>
   <div class='ocr_carea' id='block_1_24' title="bbox 431 2198 2008 2268">
    <p class='ocr_par' dir='ltr' id='par_1_24' title="bbox 431 2198 2008 2268">
     <span class='ocr_line' id='line_1_24' title="bbox 431 2198 2008 2268; baseline -0.001 -18"><span class='ocrx_word' id='word_1_149' title='bbox 431 2198 600 2268; x_wconf 77' lang='grc' dir='ltr'>θρὰν,</span> <span class='ocrx_word' id='word_1_150' title='bbox 649 2201 742 2251; x_wconf 83' lang='grc' dir='ltr'><strong>καὶ</strong></span> <span class='ocrx_word' id='word_1_151' title='bbox 799 2199 1204 2268; x_wconf 75' lang='grc' dir='ltr'>ἐκλελυμένην,</span> <span class='ocrx_word' id='word_1_152' title='bbox 1262 2199 1354 2252; x_wconf 71' lang='grc' dir='ltr'><strong>καὶ</strong></span> <span class='ocrx_word' id='word_1_153' title='bbox 1413 2199 1649 2268; x_wconf 86' lang='grc' dir='ltr'>πάρετον</span> <span class='ocrx_word' id='word_1_154' title='bbox 1699 2199 1798 2268; x_wconf 82' lang='grc' dir='ltr'>τὴν</span> <span class='ocrx_word' id='word_1_155' title='bbox 1848 2198 2008 2266; x_wconf 85' lang='grc' dir='ltr'>φύσιν</span> 
     </span>
    </p>
   </div>
   <div class='ocr_carea' id='block_1_25' title="bbox 429 2289 2009 2360">
    <p class='ocr_par' dir='ltr' id='par_1_25' title="bbox 429 2289 2009 2360">
     <span class='ocr_line' id='line_1_25' title="bbox 429 2289 2009 2360; baseline 0.001 -19"><span class='ocrx_word' id='word_1_156' title='bbox 429 2293 593 2342; x_wconf 86' lang='grc' dir='ltr'>ποιεῖ.</span> <span class='ocrx_word' id='word_1_157' title='bbox 644 2291 1031 2360; x_wconf 77' lang='grc' dir='ltr'>Ἐκὸέϐληνται</span> <span class='ocrx_word' id='word_1_158' title='bbox 1065 2290 1159 2354; x_wconf 75' lang='grc' dir='ltr'><strong>δὲ,</strong></span> <span class='ocrx_word' id='word_1_159' title='bbox 1217 2292 1312 2343; x_wconf 75' lang='grc' dir='ltr'><strong>καὶ</strong></span> <span class='ocrx_word' id='word_1_160' title='bbox 1365 2291 1424 2342; x_wconf 84' lang='grc' dir='ltr'><strong>οὐ</strong></span> <span class='ocrx_word' id='word_1_161' title='bbox 1477 2289 1698 2350; x_wconf 82' lang='grc' dir='ltr'>τελείως</span> <span class='ocrx_word' id='word_1_162' title='bbox 1737 2289 2009 2358; x_wconf 75' lang='grc' dir='ltr'>ἡττῶνται</span> 
     </span>
    </p>
   </div>
   <div class='ocr_carea' id='block_1_26' title="bbox 430 2378 2010 2449">
    <p class='ocr_par' dir='ltr' id='par_1_26' title="bbox 430 2378 2010 2449">
     <span class='ocr_line' id='line_1_26' title="bbox 430 2378 2010 2449; baseline -0.001 -18"><span class='ocrx_word' id='word_1_163' title='bbox 430 2381 537 2446; x_wconf 83' lang='grc' dir='ltr'><strong>πρὸ</strong></span> <span class='ocrx_word' id='word_1_164' title='bbox 567 2380 664 2448; x_wconf 82' lang='grc' dir='ltr'><strong>τῆς</strong></span> <span class='ocrx_word' id='word_1_165' title='bbox 709 2383 984 2449; x_wconf 82' lang='grc' dir='ltr'>μακαρίας</span> <span class='ocrx_word' id='word_1_166' title='bbox 1017 2380 1306 2444; x_wconf 78' lang='grc' dir='ltr'>ἀπαθείας,</span> <span class='ocrx_word' id='word_1_167' title='bbox 1345 2381 1550 2432; x_wconf 83' lang='grc' dir='ltr'>ὁπόταν</span> <span class='ocrx_word' id='word_1_168' title='bbox 1581 2381 1612 2448; x_wconf 77' lang='grc' dir='ltr'><strong>ἡ</strong></span> <span class='ocrx_word' id='word_1_169' title='bbox 1646 2379 1815 2448; x_wconf 72' lang='grc' dir='ltr'>ψυχὴ,</span> <span class='ocrx_word' id='word_1_170' title='bbox 1844 2378 2010 2430; x_wconf 86' lang='grc' dir='ltr'>ΙΙνεύ-</span> 
     </span>
    </p>
   </div>
   <div class='ocr_carea' id='block_1_27' title="bbox 433 2469 2008 2540">
    <p class='ocr_par' dir='ltr' id='par_1_27' title="bbox 433 2469 2008 2540">
     <span class='ocr_line' id='line_1_27' title="bbox 433 2469 2008 2540; baseline 0 -18"><span class='ocrx_word' id='word_1_171' title='bbox 433 2486 603 2540; x_wconf 84' lang='grc' dir='ltr'>ματος</span> <span class='ocrx_word' id='word_1_172' title='bbox 660 2471 817 2538; x_wconf 80' lang='grc' dir='ltr'>ἁγίου</span> <span class='ocrx_word' id='word_1_173' title='bbox 876 2472 1128 2540; x_wconf 75' lang='grc' dir='ltr'>εἰληφυῖα</span> <span class='ocrx_word' id='word_1_174' title='bbox 1173 2471 1399 2540; x_wconf 85' lang='grc' dir='ltr'>δύναμιν</span> <span class='ocrx_word' id='word_1_175' title='bbox 1447 2473 1505 2524; x_wconf 84' lang='grc' dir='ltr'><strong>ἐν</strong></span> <span class='ocrx_word' id='word_1_176' title='bbox 1553 2473 1866 2540; x_wconf 84' lang='grc' dir='ltr'>προσευχῇ,</span> <span class='ocrx_word' id='word_1_177' title='bbox 1909 2469 2008 2540; x_wconf 80' lang='grc' dir='ltr'>τὴν</span> 
     </span>
    </p>
   </div>
   <div class='ocr_carea' id='block_1_28' title="bbox 429 2561 2007 2634">
    <p class='ocr_par' dir='ltr' id='par_1_28' title="bbox 429 2561 2007 2634">
     <span class='ocr_line' id='line_1_28' title="bbox 429 2561 2007 2634; baseline -0.001 -20"><span class='ocrx_word' id='word_1_178' title='bbox 429 2561 691 2615; x_wconf 85' lang='grc' dir='ltr'>ποιοῦσαν</span> <span class='ocrx_word' id='word_1_179' title='bbox 724 2563 906 2616; x_wconf 80' lang='grc' dir='ltr'>ἄνεσιν</span> <span class='ocrx_word' id='word_1_180' title='bbox 939 2565 1077 2634; x_wconf 78' lang='grc' dir='ltr'>αὐτῇ</span> <span class='ocrx_word' id='word_1_181' title='bbox 1113 2565 1206 2616; x_wconf 71' lang='grc' dir='ltr'><strong>καὶ</strong></span> <span class='ocrx_word' id='word_1_182' title='bbox 1255 2565 1408 2633; x_wconf 81' lang='grc' dir='ltr'>ίσχῦν</span> <span class='ocrx_word' id='word_1_183' title='bbox 1457 2565 1550 2617; x_wconf 80' lang='grc' dir='ltr'><strong>καὶ</strong></span> <span class='ocrx_word' id='word_1_184' title='bbox 1591 2564 1813 2634; x_wconf 83' lang='grc' dir='ltr'>βαθεῖαν</span> <span class='ocrx_word' id='word_1_185' title='bbox 1853 2565 2007 2633; x_wconf 79' lang='grc' dir='ltr'>εἰρή-</span> 
     </span>
    </p>
   </div>
   <div class='ocr_carea' id='block_1_29' title="bbox 427 2655 2004 2727">
    <p class='ocr_par' dir='ltr' id='par_1_29' title="bbox 427 2655 2004 2727">
     <span class='ocr_line' id='line_1_29' title="bbox 427 2655 2004 2727; baseline 0.001 -21"><span class='ocrx_word' id='word_1_186' title='bbox 427 2671 526 2723; x_wconf 83' lang='grc' dir='ltr'><strong>νην</strong></span> <span class='ocrx_word' id='word_1_187' title='bbox 569 2656 626 2706; x_wconf 90' lang='grc' dir='ltr'><strong>ἐν</strong></span> <span class='ocrx_word' id='word_1_188' title='bbox 673 2657 869 2727; x_wconf 81' lang='grc' dir='ltr'>καρδίᾳ</span> <span class='ocrx_word' id='word_1_189' title='bbox 893 2657 979 2709; x_wconf 83' lang='grc' dir='ltr'><strong>διὰ</strong></span> <span class='ocrx_word' id='word_1_190' title='bbox 1026 2659 1124 2725; x_wconf 83' lang='grc' dir='ltr'><strong>τῆς</strong></span> <span class='ocrx_word' id='word_1_191' title='bbox 1157 2658 1390 2727; x_wconf 78' lang='grc' dir='ltr'>ἡσυχίας</span> <span class='ocrx_word' id='word_1_192' title='bbox 1437 2657 1810 2727; x_wconf 78' lang='grc' dir='ltr'>εὐφραίνεται.</span> <span class='ocrx_word' id='word_1_193' title='bbox 1856 2655 2004 2726; x_wconf 82' lang='grc' dir='ltr'>Αὕτη</span> 
     </span>
    </p>
   </div>
   <div class='ocr_carea' id='block_1_30' title="bbox 427 2746 2008 2818">
    <p class='ocr_par' dir='ltr' id='par_1_30' title="bbox 427 2746 2008 2818">
     <span class='ocr_line' id='line_1_30' title="bbox 427 2746 2008 2818; baseline 0 -20"><span class='ocrx_word' id='word_1_194' title='bbox 427 2747 633 2816; x_wconf 74' lang='grc' dir='ltr'>ἐστἰνή</span> <span class='ocrx_word' id='word_1_195' title='bbox 669 2749 832 2818; x_wconf 82' lang='grc' dir='ltr'>ἀρχὴ,</span> <span class='ocrx_word' id='word_1_196' title='bbox 884 2749 978 2800; x_wconf 73' lang='grc' dir='ltr'><strong>καὶ</strong></span> <span class='ocrx_word' id='word_1_197' title='bbox 1019 2748 1248 2816; x_wconf 80' lang='grc' dir='ltr'>βασιλὶς,</span> <span class='ocrx_word' id='word_1_198' title='bbox 1288 2746 1597 2817; x_wconf 80' lang='grc' dir='ltr'>καὶκυρία,</span> <span class='ocrx_word' id='word_1_199' title='bbox 1635 2748 1729 2801; x_wconf 79' lang='grc' dir='ltr'>καὶ</span> <span class='ocrx_word' id='word_1_200' title='bbox 1780 2749 1812 2816; x_wconf 84' lang='grc' dir='ltr'>ἡ</span> <span class='ocrx_word' id='word_1_201' title='bbox 1856 2763 2008 2816; x_wconf 87' lang='grc' dir='ltr'>περι-</span> 
     </span>
    </p>
   </div>
   <div class='ocr_carea' id='block_1_31' title="bbox 427 2838 2006 2911">
    <p class='ocr_par' dir='ltr' id='par_1_31' title="bbox 427 2838 2006 2911">
     <span class='ocr_line' id='line_1_31' title="bbox 427 2838 2006 2911; baseline 0 -21"><span class='ocrx_word' id='word_1_202' title='bbox 427 2838 620 2908; x_wconf 78' lang='grc' dir='ltr'>εκτικὴ</span> <span class='ocrx_word' id='word_1_203' title='bbox 639 2841 744 2891; x_wconf 63' lang='grc' dir='ltr'>τιῖιν</span> <span class='ocrx_word' id='word_1_204' title='bbox 763 2840 966 2909; x_wconf 82' lang='grc' dir='ltr'>ἡδονῶν</span> <span class='ocrx_word' id='word_1_205' title='bbox 1002 2841 1184 2911; x_wconf 76' lang='grc' dir='ltr'>ἡδονὴ,</span> <span class='ocrx_word' id='word_1_206' title='bbox 1211 2843 1304 2893; x_wconf 78' lang='grc' dir='ltr'>καὶ</span> <span class='ocrx_word' id='word_1_207' title='bbox 1331 2844 1362 2908; x_wconf 72' lang='grc' dir='ltr'>ἡ</span> <span class='ocrx_word' id='word_1_208' title='bbox 1391 2840 1686 2910; x_wconf 83' lang='grc' dir='ltr'>σύντροφος</span> <span class='ocrx_word' id='word_1_209' title='bbox 1715 2840 1883 2908; x_wconf 80' lang='grc' dir='ltr'>αὐτῆς</span> <span class='ocrx_word' id='word_1_210' title='bbox 1905 2841 2006 2910; x_wconf 67' lang='grc' dir='ltr'><strong>ρᾳ-</strong></span> 
     </span>
    </p>
   </div>
   <div class='ocr_carea' id='block_1_32' title="bbox 429 2932 2003 3002">
    <p class='ocr_par' dir='ltr' id='par_1_32' title="bbox 429 2932 2003 3002">
     <span class='ocr_line' id='line_1_32' title="bbox 429 2932 2003 3002; baseline 0.001 -18"><span class='ocrx_word' id='word_1_211' title='bbox 429 2933 599 3000; x_wconf 85' lang='grc' dir='ltr'>θυμία</span> <span class='ocrx_word' id='word_1_212' title='bbox 641 2935 672 3001; x_wconf 87' lang='grc' dir='ltr'>ἡ</span> <span class='ocrx_word' id='word_1_213' title='bbox 721 2935 843 2995; x_wconf 80' lang='grc' dir='ltr'>τοὺς</span> <span class='ocrx_word' id='word_1_214' title='bbox 877 2936 1176 3002; x_wconf 85' lang='grc' dir='ltr'>τριστάτας</span> <span class='ocrx_word' id='word_1_215' title='bbox 1207 2933 1298 2984; x_wconf 89' lang='grc' dir='ltr'><strong>τοῦ</strong></span> <span class='ocrx_word' id='word_1_216' title='bbox 1338 2932 1538 3002; x_wconf 78' lang='grc' dir='ltr'>Φαραὼ</span> <span class='ocrx_word' id='word_1_217' title='bbox 1584 2934 1920 3002; x_wconf 71' lang='grc' dir='ltr'>ἐπιφέρουσα</span> <span class='ocrx_word' id='word_1_218' title='bbox 1942 2932 2003 2985; x_wconf 80' lang='grc' dir='ltr'><strong>τὸ</strong></span> 
     </span>
    </p>
   </div>
   <div class='ocr_carea' id='block_1_33' title="bbox 425 3019 2002 3095">
    <p class='ocr_par' dir='ltr' id='par_1_33' title="bbox 425 3019 2002 3095">
     <span class='ocr_line' id='line_1_33' title="bbox 425 3019 2002 3095; baseline -0.001 -18"><span class='ocrx_word' id='word_1_219' title='bbox 425 3027 849 3094; x_wconf 75' lang='grc' dir='ltr'>ἀκαταμέιχητον</span> <span class='ocrx_word' id='word_1_220' title='bbox 880 3027 1034 3094; x_wconf 77' lang='grc' dir='ltr'>ἅρμα</span> <span class='ocrx_word' id='word_1_221' title='bbox 1055 3044 1068 3056; x_wconf 98' lang='grc'><strong>·</strong></span> <span class='ocrx_word' id='word_1_222' title='bbox 1103 3026 1168 3078; x_wconf 80' lang='grc' dir='ltr'>δι’</span> <span class='ocrx_word' id='word_1_223' title='bbox 1205 3019 1279 3078; x_wconf 83' lang='grc' dir='ltr'>ὧν</span> <span class='ocrx_word' id='word_1_224' title='bbox 1313 3027 1367 3077; x_wconf 83' lang='grc' dir='ltr'>αἱ</span> <span class='ocrx_word' id='word_1_225' title='bbox 1404 3027 1650 3095; x_wconf 72' lang='grc' dir='ltr'>ἀφορμαὶ</span> <span class='ocrx_word' id='word_1_226' title='bbox 1671 3027 1780 3078; x_wconf 85' lang='grc' dir='ltr'><strong>τῶν</strong></span> <span class='ocrx_word' id='word_1_227' title='bbox 1810 3024 2002 3078; x_wconf 82' lang='grc' dir='ltr'>παθῶν</span> 
     </span>
    </p>
   </div>
   <div class='ocr_carea' id='block_1_34' title="bbox 373 3116 1537 3187">
    <p class='ocr_par' dir='ltr' id='par_1_34' title="bbox 373 3116 1537 3187">
     <span class='ocr_line' id='line_1_34' title="bbox 373 3116 1537 3187; baseline 0.001 -17"><span class='ocrx_word' id='word_1_228' title='bbox 373 3132 376 3134; x_wconf 63' lang='grc'>⁷</span> <span class='ocrx_word' id='word_1_229' title='bbox 424 3117 501 3186; x_wconf 83' lang='grc' dir='ltr'>τῷ</span> <span class='ocrx_word' id='word_1_230' title='bbox 535 3118 634 3186; x_wconf 82' lang='grc' dir='ltr'>βίῳ</span> <span class='ocrx_word' id='word_1_231' title='bbox 663 3120 773 3177; x_wconf 86' lang='grc' dir='ltr'>τοῖς</span> <span class='ocrx_word' id='word_1_232' title='bbox 804 3116 1006 3180; x_wconf 78' lang='grc' dir='ltr'>ἀθλίοις</span> <span class='ocrx_word' id='word_1_233' title='bbox 1036 3119 1168 3187; x_wconf 82' lang='grc' dir='ltr'>ἡμῖν</span> <span class='ocrx_word' id='word_1_234' title='bbox 1196 3117 1537 3186; x_wconf 64' lang='grc' dir='ltr'>ἐπεισῆλθον.</span> 
     </span>
    </p>
   </div>
   <div class='ocr_carea' id='block_1_35' title="bbox 499 3208 1994 3281">
    <p class='ocr_par' dir='ltr' id='par_1_35' title="bbox 499 3208 1994 3281">
     <span class='ocr_line' id='line_1_35' title="bbox 499 3208 1994 3281; baseline 0.001 -19"><span class='ocrx_word' id='word_1_235' title='bbox 499 3208 622 3280; x_wconf 87' lang='grc' dir='ltr'>ρια’.</span> <span class='ocrx_word' id='word_1_236' title='bbox 669 3211 832 3281; x_wconf 80' lang='grc' dir='ltr'>Ἀρχὴ</span> <span class='ocrx_word' id='word_1_237' title='bbox 870 3211 968 3280; x_wconf 75' lang='grc' dir='ltr'>τῆς</span> <span class='ocrx_word' id='word_1_238' title='bbox 1011 3213 1204 3280; x_wconf 83' lang='grc' dir='ltr'>νοερᾶς</span> <span class='ocrx_word' id='word_1_239' title='bbox 1251 3213 1596 3281; x_wconf 81' lang='grc' dir='ltr'>προσευχῆς,</span> <span class='ocrx_word' id='word_1_240' title='bbox 1634 3214 1665 3281; x_wconf 78' lang='grc' dir='ltr'>ἡ</span> <span class='ocrx_word' id='word_1_241' title='bbox 1714 3211 1994 3277; x_wconf 79' lang='grc' dir='ltr'>ἐνέργεια,</span> 
     </span>
    </p>
   </div>
   <div class='ocr_carea' id='block_1_36' title="bbox 424 3304 1993 3374">
    <p class='ocr_par' dir='ltr' id='par_1_36' title="bbox 424 3304 1993 3374">
     <span class='ocr_line' id='line_1_36' title="bbox 424 3304 1993 3374; baseline -0.001 -17"><span class='ocrx_word' id='word_1_242' title='bbox 424 3305 523 3357; x_wconf 73' lang='grc' dir='ltr'>εἰτ’</span> <span class='ocrx_word' id='word_1_243' title='bbox 556 3304 648 3356; x_wconf 82' lang='grc' dir='ltr'><strong>οῦν</strong></span> <span class='ocrx_word' id='word_1_244' title='bbox 681 3307 712 3374; x_wconf 81' lang='grc' dir='ltr'>ἡ</span> <span class='ocrx_word' id='word_1_245' title='bbox 745 3305 1046 3374; x_wconf 68' lang='grc' dir='ltr'>καθαρτικὴ</span> <span class='ocrx_word' id='word_1_246' title='bbox 1087 3305 1181 3356; x_wconf 82' lang='grc' dir='ltr'><strong>τοῦ</strong></span> <span class='ocrx_word' id='word_1_247' title='bbox 1216 3304 1533 3372; x_wconf 73' lang='grc' dir='ltr'>Πνεύματςς</span> <span class='ocrx_word' id='word_1_248' title='bbox 1557 3306 1806 3373; x_wconf 80' lang='grc' dir='ltr'>δύναμις,</span> <span class='ocrx_word' id='word_1_249' title='bbox 1840 3304 1934 3355; x_wconf 71' lang='grc' dir='ltr'><strong>καὶ</strong></span> <span class='ocrx_word' id='word_1_250' title='bbox 1961 3306 1993 3372; x_wconf 80' lang='grc' dir='ltr'><strong>ἠ</strong></span> 
     </span>
    </p>
   </div>
   <div class='ocr_carea' id='block_1_37' title="bbox 428 3396 1997 3470">
    <p class='ocr_par' dir='ltr' id='par_1_37' title="bbox 428 3396 1997 3470">
     <span class='ocr_line' id='line_1_37' title="bbox 428 3396 1997 3470; baseline -0.004 -18"><span class='ocrx_word' id='word_1_251' title='bbox 428 3400 662 3470; x_wconf 81' lang='grc' dir='ltr'>μυστικὴ</span> <span class='ocrx_word' id='word_1_252' title='bbox 693 3399 784 3452; x_wconf 88' lang='grc' dir='ltr'><strong>τοῦ</strong></span> <span class='ocrx_word' id='word_1_253' title='bbox 812 3399 928 3461; x_wconf 64' lang='grc' dir='ltr'>νοὸς</span> <span class='ocrx_word' id='word_1_254' title='bbox 969 3397 1246 3468; x_wconf 72' lang='grc' dir='ltr'>ἱερουργία</span> <span class='ocrx_word' id='word_1_255' title='bbox 1277 3413 1288 3425; x_wconf 93' lang='grc'><strong>·</strong></span> <span class='ocrx_word' id='word_1_256' title='bbox 1332 3397 1521 3464; x_wconf 65' lang='grc' dir='ltr'>ὥσπερ</span> <span class='ocrx_word' id='word_1_257' title='bbox 1554 3397 1694 3467; x_wconf 82' lang='grc' dir='ltr'>ἁρχὴ</span> <span class='ocrx_word' id='word_1_258' title='bbox 1734 3396 1832 3464; x_wconf 78' lang='grc' dir='ltr'>τῆς</span> <span class='ocrx_word' id='word_1_259' title='bbox 1866 3397 1997 3463; x_wconf 77' lang='grc' dir='ltr'>ἡσυ-</span> 
     </span>
    </p>
   </div>
   <div class='ocr_carea' id='block_1_38' title="bbox 423 3489 1997 3562">
    <p class='ocr_par' dir='ltr' id='par_1_38' title="bbox 423 3489 1997 3562">
     <span class='ocr_line' id='line_1_38' title="bbox 423 3489 1997 3562; baseline -0.002 -20"><span class='ocrx_word' id='word_1_260' title='bbox 423 3493 566 3562; x_wconf 73' lang='grc' dir='ltr'>χίας,</span> <span class='ocrx_word' id='word_1_261' title='bbox 613 3497 645 3562; x_wconf 82' lang='grc' dir='ltr'>ὴ</span> <span class='ocrx_word' id='word_1_262' title='bbox 681 3491 881 3562; x_wconf 82' lang='grc' dir='ltr'>σχολή·</span> <span class='ocrx_word' id='word_1_263' title='bbox 933 3491 1165 3560; x_wconf 76' lang='grc' dir='ltr'>μεσότης</span> <span class='ocrx_word' id='word_1_264' title='bbox 1193 3489 1247 3541; x_wconf 84' lang='grc' dir='ltr'><strong>δὲ</strong></span> <span class='ocrx_word' id='word_1_265' title='bbox 1274 3531 1287 3553; x_wconf 93' lang='grc'><strong>,</strong></span> <span class='ocrx_word' id='word_1_266' title='bbox 1323 3491 1354 3558; x_wconf 85' lang='grc' dir='ltr'>ἡ</span> <span class='ocrx_word' id='word_1_267' title='bbox 1399 3491 1699 3558; x_wconf 79' lang='grc' dir='ltr'>φωτιστικὴ</span> <span class='ocrx_word' id='word_1_268' title='bbox 1767 3489 1997 3557; x_wconf 84' lang='grc' dir='ltr'>δύναμις</span> 
     </span>
    </p>
   </div>
   <div class='ocr_carea' id='block_1_39' title="bbox 422 3580 1993 3652">
    <p class='ocr_par' dir='ltr' id='par_1_39' title="bbox 422 3580 1993 3652">
     <span class='ocr_line' id='line_1_39' title="bbox 422 3580 1993 3652; baseline -0.004 -16"><span class='ocrx_word' id='word_1_269' title='bbox 422 3586 518 3636; x_wconf 73' lang='grc' dir='ltr'>καὶ</span> <span class='ocrx_word' id='word_1_270' title='bbox 556 3582 789 3652; x_wconf 90' lang='grc' dir='ltr'>θεωρία·</span> <span class='ocrx_word' id='word_1_271' title='bbox 826 3583 920 3634; x_wconf 82' lang='grc' dir='ltr'><strong>καὶ</strong></span> <span class='ocrx_word' id='word_1_272' title='bbox 973 3581 1147 3646; x_wconf 80' lang='grc' dir='ltr'>τέλος,</span> <span class='ocrx_word' id='word_1_273' title='bbox 1193 3583 1226 3651; x_wconf 81' lang='grc' dir='ltr'><strong>ἡ</strong></span> <span class='ocrx_word' id='word_1_274' title='bbox 1277 3581 1530 3642; x_wconf 74' lang='grc' dir='ltr'>ἔκστασις</span> <span class='ocrx_word' id='word_1_275' title='bbox 1563 3580 1656 3630; x_wconf 80' lang='grc' dir='ltr'>καὶ</span> <span class='ocrx_word' id='word_1_276' title='bbox 1699 3581 1732 3649; x_wconf 84' lang='grc' dir='ltr'>ή</span> <span class='ocrx_word' id='word_1_277' title='bbox 1771 3580 1993 3648; x_wconf 69' lang='grc' dir='ltr'>ἁρπςγὴ</span> 
     </span>
    </p>
   </div>
   <div class='ocr_carea' id='block_1_40' title="bbox 416 3674 1013 3744">
    <p class='ocr_par' dir='ltr' id='par_1_40' title="bbox 416 3674 1013 3744">
     <span class='ocr_line' id='line_1_40' title="bbox 416 3674 1013 3744; baseline -0.003 -16"><span class='ocrx_word' id='word_1_278' title='bbox 416 3676 511 3728; x_wconf 87' lang='grc' dir='ltr'><strong>τοῦ</strong></span> <span class='ocrx_word' id='word_1_279' title='bbox 540 3676 654 3738; x_wconf 76' lang='grc' dir='ltr'>νοὸς</span> <span class='ocrx_word' id='word_1_280' title='bbox 685 3675 821 3744; x_wconf 76' lang='grc' dir='ltr'>πρὸς</span> <span class='ocrx_word' id='word_1_281' title='bbox 859 3674 1013 3726; x_wconf 86' lang='grc' dir='ltr'>Θεὸν.</span> 
     </span>
    </p>
   </div>
   <div class='ocr_carea' id='block_1_41' title="bbox 489 3759 1993 3836">
    <p class='ocr_par' dir='ltr' id='par_1_41' title="bbox 489 3759 1993 3836">
     <span class='ocr_line' id='line_1_41' title="bbox 489 3759 1993 3836; baseline -0.005 -18"><span class='ocrx_word' id='word_1_282' title='bbox 489 3766 616 3836; x_wconf 79' lang='grc' dir='ltr'>ριβ⁹.</span> <span class='ocrx_word' id='word_1_283' title='bbox 666 3767 953 3836; x_wconf 88' lang='grc' dir='ltr'>Ἰερατεῖον</span> <span class='ocrx_word' id='word_1_284' title='bbox 1004 3763 1374 3834; x_wconf 83' lang='grc' dir='ltr'>πνευματικόν</span> <span class='ocrx_word' id='word_1_285' title='bbox 1413 3764 1527 3815; x_wconf 80' lang='grc' dir='ltr'>ἐστι</span> <span class='ocrx_word' id='word_1_286' title='bbox 1573 3762 1677 3832; x_wconf 74' lang='grc' dir='ltr'><strong>πρὸ</strong></span> <span class='ocrx_word' id='word_1_287' title='bbox 1725 3761 1824 3831; x_wconf 81' lang='grc' dir='ltr'><strong>τῆς</strong></span> <span class='ocrx_word' id='word_1_288' title='bbox 1867 3759 1993 3831; x_wconf 88' lang='grc' dir='ltr'>μελ-</span> 
     </span>
    </p>
   </div>
   <div class='ocr_carea' id='block_1_42' title="bbox 415 3853 1992 3930">
    <p class='ocr_par' dir='ltr' id='par_1_42' title="bbox 415 3853 1992 3930">
     <span class='ocr_line' id='line_1_42' title="bbox 415 3853 1992 3930; baseline -0.004 -18"><span class='ocrx_word' id='word_1_289' title='bbox 415 3858 613 3928; x_wconf 85' lang='grc' dir='ltr'>λούσης</span> <span class='ocrx_word' id='word_1_290' title='bbox 669 3859 808 3930; x_wconf 86' lang='grc' dir='ltr'><strong>ὑπέρ</strong></span> <span class='ocrx_word' id='word_1_291' title='bbox 855 3859 979 3912; x_wconf 85' lang='grc' dir='ltr'>νοῦν</span> <span class='ocrx_word' id='word_1_292' title='bbox 1028 3857 1414 3919; x_wconf 84' lang='grc' dir='ltr'>ἀπολαύσεως,</span> <span class='ocrx_word' id='word_1_293' title='bbox 1474 3855 1508 3924; x_wconf 79' lang='grc' dir='ltr'><strong>ἡ</strong></span> <span class='ocrx_word' id='word_1_294' title='bbox 1545 3855 1707 3924; x_wconf 86' lang='grc' dir='ltr'>νοερὰ</span> <span class='ocrx_word' id='word_1_295' title='bbox 1741 3854 1834 3906; x_wconf 86' lang='grc' dir='ltr'><strong>τοῦ</strong></span> <span class='ocrx_word' id='word_1_296' title='bbox 1873 3853 1992 3917; x_wconf 68' lang='grc' dir='ltr'>νοὸς</span> 
     </span>
    </p>
   </div>
   <div class='ocr_carea' id='block_1_43' title="bbox 414 3947 1986 4021">
    <p class='ocr_par' dir='ltr' id='par_1_43' title="bbox 414 3947 1986 4021">
     <span class='ocr_line' id='line_1_43' title="bbox 414 3947 1986 4021; baseline -0.004 -17"><span class='ocrx_word' id='word_1_297' title='bbox 414 3951 688 4021; x_wconf 87' lang='grc' dir='ltr'>ἐνέργεια,</span> <span class='ocrx_word' id='word_1_298' title='bbox 736 3951 828 4003; x_wconf 83' lang='grc' dir='ltr'><strong>τὸν</strong></span> <span class='ocrx_word' id='word_1_299' title='bbox 898 3951 1099 4020; x_wconf 84' lang='grc' dir='ltr'>Ἀμνὸν</span> <span class='ocrx_word' id='word_1_300' title='bbox 1139 3949 1416 4020; x_wconf 82' lang='grc' dir='ltr'>μυστικῶς</span> <span class='ocrx_word' id='word_1_301' title='bbox 1467 3949 1524 4000; x_wconf 90' lang='grc' dir='ltr'><strong>ἐν</strong></span> <span class='ocrx_word' id='word_1_302' title='bbox 1568 3947 1848 4018; x_wconf 56' lang='lat' dir='ltr'><strong>diapason</strong></span> <span class='ocrx_word' id='word_1_303' title='bbox 1894 3947 1986 4000; x_wconf 88' lang='grc' dir='ltr'><strong>τοῦ</strong></span> 
     </span>
    </p>
   </div>
   <div class='ocr_carea' id='block_1_44' title="bbox 412 4037 1990 4112">
    <p class='ocr_par' dir='ltr' id='par_1_44' title="bbox 412 4037 1990 4112">
     <span class='ocr_line' id='line_1_44' title="bbox 412 4037 1990 4112; baseline -0.003 -18"><span class='ocrx_word' id='word_1_304' title='bbox 412 4043 548 4095; x_wconf 84' lang='grc' dir='ltr'>Θεοῦ</span> <span class='ocrx_word' id='word_1_305' title='bbox 577 4045 633 4094; x_wconf 89' lang='grc' dir='ltr'><strong>ἐν</strong></span> <span class='ocrx_word' id='word_1_306' title='bbox 658 4042 734 4112; x_wconf 82' lang='grc' dir='ltr'>τῷ</span> <span class='ocrx_word' id='word_1_307' title='bbox 767 4042 865 4111; x_wconf 76' lang='grc' dir='ltr'><strong>τῆς</strong></span> <span class='ocrx_word' id='word_1_308' title='bbox 897 4042 1077 4112; x_wconf 67' lang='grc' dir='ltr'>ψυχῆς</span> <span class='ocrx_word' id='word_1_309' title='bbox 1108 4041 1480 4110; x_wconf 79' lang='grc' dir='ltr'>θυσιαστηρίῳ</span> <span class='ocrx_word' id='word_1_310' title='bbox 1511 4041 1604 4094; x_wconf 74' lang='grc' dir='ltr'><strong>καὶ</strong></span> <span class='ocrx_word' id='word_1_311' title='bbox 1649 4037 1990 4110; x_wconf 72' lang='grc' dir='ltr'>ἱερουργοῦν-</span> 
     </span>
    </p>
   </div>
   <div class='ocr_carea' id='block_1_45' title="bbox 409 4129 1988 4203">
    <p class='ocr_par' dir='ltr' id='par_1_45' title="bbox 409 4129 1988 4203">
     <span class='ocr_line' id='line_1_45' title="bbox 409 4129 1988 4203; baseline -0.002 -17"><span class='ocrx_word' id='word_1_312' title='bbox 409 4150 502 4196; x_wconf 84' lang='grc' dir='ltr'><strong>τος</strong></span> <span class='ocrx_word' id='word_1_313' title='bbox 542 4134 636 4185; x_wconf 71' lang='grc' dir='ltr'><strong>καὶ</strong></span> <span class='ocrx_word' id='word_1_314' title='bbox 691 4134 1030 4203; x_wconf 86' lang='grc' dir='ltr'>μετέχοντος.</span> <span class='ocrx_word' id='word_1_315' title='bbox 1084 4131 1314 4184; x_wconf 87' lang='grc' dir='ltr'>Ἑσθίειν</span> <span class='ocrx_word' id='word_1_316' title='bbox 1367 4132 1423 4183; x_wconf 87' lang='grc' dir='ltr'><strong>δέ</strong></span> <span class='ocrx_word' id='word_1_317' title='bbox 1465 4133 1581 4184; x_wconf 85' lang='grc' dir='ltr'>ἐστι</span> <span class='ocrx_word' id='word_1_318' title='bbox 1633 4131 1725 4182; x_wconf 86' lang='grc' dir='ltr'><strong>τὸν</strong></span> <span class='ocrx_word' id='word_1_319' title='bbox 1791 4129 1988 4200; x_wconf 81' lang='grc' dir='ltr'>’Δμνὸν</span> 
     </span>
    </p>
   </div>
   <div class='ocr_carea' id='block_1_46' title="bbox 409 4223 1984 4297">
    <p class='ocr_par' dir='ltr' id='par_1_46' title="bbox 409 4223 1984 4297">
     <span class='ocr_line' id='line_1_46' title="bbox 409 4223 1984 4297; baseline -0.003 -18"><span class='ocrx_word' id='word_1_320' title='bbox 409 4227 503 4279; x_wconf 83' lang='grc' dir='ltr'><strong>τοῦ</strong></span> <span class='ocrx_word' id='word_1_321' title='bbox 554 4226 686 4278; x_wconf 79' lang='grc' dir='ltr'>Θεοῦ</span> <span class='ocrx_word' id='word_1_322' title='bbox 724 4227 780 4278; x_wconf 87' lang='grc' dir='ltr'><strong>ἐν</strong></span> <span class='ocrx_word' id='word_1_323' title='bbox 817 4225 894 4296; x_wconf 82' lang='grc' dir='ltr'>τῷ</span> <span class='ocrx_word' id='word_1_324' title='bbox 925 4226 1096 4297; x_wconf 87' lang='grc' dir='ltr'>νοερῷ</span> <span class='ocrx_word' id='word_1_325' title='bbox 1141 4224 1508 4295; x_wconf 82' lang='grc' dir='ltr'>θυσιαστηρίῳ</span> <span class='ocrx_word' id='word_1_326' title='bbox 1536 4225 1637 4293; x_wconf 83' lang='grc' dir='ltr'>τῆς</span> <span class='ocrx_word' id='word_1_327' title='bbox 1684 4223 1896 4292; x_wconf 78' lang='grc' dir='ltr'>ψυχῆς,</span> <span class='ocrx_word' id='word_1_328' title='bbox 1923 4224 1984 4274; x_wconf 84' lang='grc' dir='ltr'><strong>οὐ</strong></span> 
     </span>
    </p>
   </div>
   <div class='ocr_carea' id='block_1_47' title="bbox 408 4315 1985 4390">
    <p class='ocr_par' dir='ltr' id='par_1_47' title="bbox 408 4315 1985 4390">
     <span class='ocr_line' id='line_1_47' title="bbox 408 4315 1985 4390; baseline -0.003 -18"><span class='ocrx_word' id='word_1_329' title='bbox 408 4319 474 4372; x_wconf 81' lang='grc' dir='ltr'>τὸ</span> <span class='ocrx_word' id='word_1_330' title='bbox 503 4320 717 4387; x_wconf 81' lang='grc' dir='ltr'>νοῆσαι,</span> <span class='ocrx_word' id='word_1_331' title='bbox 746 4320 778 4390; x_wconf 80' lang='grc' dir='ltr'>ἢ</span> <span class='ocrx_word' id='word_1_332' title='bbox 813 4323 1105 4390; x_wconf 85' lang='grc' dir='ltr'>μετασχεῖν</span> <span class='ocrx_word' id='word_1_333' title='bbox 1141 4318 1323 4388; x_wconf 86' lang='grc' dir='ltr'>μόνον,</span> <span class='ocrx_word' id='word_1_334' title='bbox 1356 4316 1490 4370; x_wconf 85' lang='grc' dir='ltr'><strong>ἀλλά</strong></span> <span class='ocrx_word' id='word_1_335' title='bbox 1524 4319 1616 4369; x_wconf 74' lang='grc' dir='ltr'><strong>καὶ</strong></span> <span class='ocrx_word' id='word_1_336' title='bbox 1640 4317 1698 4368; x_wconf 78' lang='grc' dir='ltr'>τὸ</span> <span class='ocrx_word' id='word_1_337' title='bbox 1728 4315 1985 4384; x_wconf 83' lang='grc' dir='ltr'>γενέσθαι</span> 
     </span>
    </p>
   </div>
   <div class='ocr_carea' id='block_1_48' title="bbox 405 4408 1978 4480">
    <p class='ocr_par' dir='ltr' id='par_1_48' title="bbox 405 4408 1978 4480">
     <span class='ocr_line' id='line_1_48' title="bbox 405 4408 1978 4480; baseline -0.002 -18"><span class='ocrx_word' id='word_1_338' title='bbox 405 4411 481 4472; x_wconf 87' lang='grc' dir='ltr'>ὼς</span> <span class='ocrx_word' id='word_1_339' title='bbox 527 4412 617 4463; x_wconf 78' lang='grc' dir='ltr'><strong>τὸν</strong></span> <span class='ocrx_word' id='word_1_340' title='bbox 671 4411 723 4462; x_wconf 75' lang='grc' dir='ltr'><strong>’Λ</strong></span> <span class='ocrx_word' id='word_1_341' title='bbox 738 4411 866 4480; x_wconf 76' lang='grc' dir='ltr'>μνὸν</span> <span class='ocrx_word' id='word_1_342' title='bbox 897 4412 1035 4464; x_wconf 87' lang='grc' dir='ltr'><strong>κατὰ</strong></span> <span class='ocrx_word' id='word_1_343' title='bbox 1067 4409 1164 4479; x_wconf 84' lang='grc' dir='ltr'>τὴν</span> <span class='ocrx_word' id='word_1_344' title='bbox 1208 4409 1488 4478; x_wconf 78' lang='grc' dir='ltr'>μόρφωσιν</span> <span class='ocrx_word' id='word_1_345' title='bbox 1517 4409 1575 4459; x_wconf 82' lang='grc' dir='ltr'><strong>ἐν</strong></span> <span class='ocrx_word' id='word_1_346' title='bbox 1601 4408 1678 4476; x_wconf 82' lang='grc' dir='ltr'>τῷ</span> <span class='ocrx_word' id='word_1_347' title='bbox 1712 4408 1978 4476; x_wconf 84' lang='grc' dir='ltr'>μέλλοντι.</span> 
     </span>
    </p>
   </div>
   <div class='ocr_carea' id='block_1_49' title="bbox 2125 557 3693 613">
    <p class='ocr_par' dir='ltr' id='par_1_49' title="bbox 2125 557 3693 613">
     <span class='ocr_line' id='line_1_49' title="bbox 2125 557 3693 613; baseline -0.002 0"><span class='ocrx_word' id='word_1_348' title='bbox 2125 557 2443 613; x_wconf 76' lang='lat' dir='ltr'><strong>conscendit</strong></span> <span class='ocrx_word' id='word_1_349' title='bbox 2481 559 2544 610; x_wconf 90' lang='lat' dir='ltr'><strong>ad</strong></span> <span class='ocrx_word' id='word_1_350' title='bbox 2569 557 2736 611; x_wconf 89' lang='lat' dir='ltr'><strong>Deum</strong></span> <span class='ocrx_word' id='word_1_351' title='bbox 2761 558 2960 610; x_wconf 89' lang='lat' dir='ltr'><strong>anima.</strong></span> <span class='ocrx_word' id='word_1_352' title='bbox 2982 557 3038 611; x_wconf 88' lang='lat' dir='ltr'><strong>Si</strong></span> <span class='ocrx_word' id='word_1_353' title='bbox 3071 573 3199 611; x_wconf 88' lang='lat' dir='ltr'><strong>vero</strong></span> <span class='ocrx_word' id='word_1_354' title='bbox 3227 558 3480 612; x_wconf 87' lang='lat' dir='ltr'><strong>dualitati</strong></span> <span class='ocrx_word' id='word_1_355' title='bbox 3513 561 3693 613; x_wconf 84' lang='lat' dir='ltr'><strong>anima</strong></span> 
     </span>
    </p>
   </div>
   <div class='ocr_carea' id='block_1_50' title="bbox 2124 649 3691 718">
    <p class='ocr_par' dir='ltr' id='par_1_50' title="bbox 2124 649 3691 718">
     <span class='ocr_line' id='line_1_50' title="bbox 2124 649 3691 718; baseline 0 -14"><span class='ocrx_word' id='word_1_356' title='bbox 2124 651 2463 717; x_wconf 81' lang='lat' dir='ltr'><strong>subiiciatur,</strong></span> <span class='ocrx_word' id='word_1_357' title='bbox 2525 661 2748 717; x_wconf 83' lang='lat' dir='ltr'><strong>peccato</strong></span> <span class='ocrx_word' id='word_1_358' title='bbox 2810 649 3070 702; x_wconf 76' lang='lat' dir='ltr'><strong>videlicet</strong></span> <span class='ocrx_word' id='word_1_359' title='bbox 3133 662 3296 718; x_wconf 81' lang='lat' dir='ltr'><strong>atque</strong></span> <span class='ocrx_word' id='word_1_360' title='bbox 3353 651 3524 709; x_wconf 83' lang='lat' dir='ltr'><strong>earni.</strong></span> <span class='ocrx_word' id='word_1_361' title='bbox 3565 651 3691 704; x_wconf 89' lang='lat' dir='ltr'><strong>inde</strong></span> 
     </span>
    </p>
   </div>
   <div class='ocr_carea' id='block_1_51' title="bbox 2124 741 3698 811">
    <p class='ocr_par' dir='ltr' id='par_1_51' title="bbox 2124 741 3698 811">
     <span class='ocr_line' id='line_1_51' title="bbox 2124 741 3698 811; baseline 0 -17"><span class='ocrx_word' id='word_1_362' title='bbox 2124 742 2481 811; x_wconf 80' lang='lat' dir='ltr'><strong>consequitur</strong></span> <span class='ocrx_word' id='word_1_363' title='bbox 2514 742 2616 809; x_wconf 91' lang='lat' dir='ltr'><strong>ipsi</strong></span> <span class='ocrx_word' id='word_1_364' title='bbox 2652 741 3249 806; x_wconf 67' lang='lat' dir='ltr'><strong>tormentumimmite,</strong></span> <span class='ocrx_word' id='word_1_365' title='bbox 3275 742 3348 794; x_wconf 90' lang='lat' dir='ltr'><strong>ita</strong></span> <span class='ocrx_word' id='word_1_366' title='bbox 3399 750 3458 795; x_wconf 90' lang='lat' dir='ltr'><strong>ut</strong></span> <span class='ocrx_word' id='word_1_367' title='bbox 3489 742 3698 810; x_wconf 75' lang='lat' dir='ltr'><strong>rediga-</strong></span> 
     </span>
    </p>
   </div>
   <div class='ocr_carea' id='block_1_52' title="bbox 2125 831 3696 902">
    <p class='ocr_par' dir='ltr' id='par_1_52' title="bbox 2125 831 3696 902">
     <span class='ocr_line' id='line_1_52' title="bbox 2125 831 3696 902; baseline 0.002 -19"><span class='ocrx_word' id='word_1_368' title='bbox 2125 843 2210 884; x_wconf 88' lang='lat' dir='ltr'><strong>tur</strong></span> <span class='ocrx_word' id='word_1_369' title='bbox 2242 833 2340 884; x_wconf 91' lang='lat' dir='ltr'><strong>sub</strong></span> <span class='ocrx_word' id='word_1_370' title='bbox 2374 833 2531 902; x_wconf 88' lang='lat' dir='ltr'><strong>plena</strong></span> <span class='ocrx_word' id='word_1_371' title='bbox 2581 833 2930 886; x_wconf 82' lang='lat' dir='ltr'><strong>inimicorum</strong></span> <span class='ocrx_word' id='word_1_372' title='bbox 2965 840 3253 899; x_wconf 77' lang='lat' dir='ltr'><strong>potestate.</strong></span> <span class='ocrx_word' id='word_1_373' title='bbox 3288 831 3439 886; x_wconf 91' lang='lat' dir='ltr'><strong>Unde</strong></span> <span class='ocrx_word' id='word_1_374' title='bbox 3492 835 3696 901; x_wconf 87' lang='lat' dir='ltr'><strong>turpis-</strong></span> 
     </span>
    </p>
   </div>
   <div class='ocr_carea' id='block_1_53' title="bbox 2122 924 3696 995">
    <p class='ocr_par' dir='ltr' id='par_1_53' title="bbox 2122 924 3696 995">
     <span class='ocr_line' id='line_1_53' title="bbox 2122 924 3696 995; baseline 0.001 -18"><span class='ocrx_word' id='word_1_375' title='bbox 2122 926 2255 977; x_wconf 84' lang='lat' dir='ltr'><strong>sima</strong></span> <span class='ocrx_word' id='word_1_376' title='bbox 2291 935 2632 993; x_wconf 86' lang='lat' dir='ltr'><strong>perpetrans,</strong></span> <span class='ocrx_word' id='word_1_377' title='bbox 2665 936 2716 977; x_wconf 90' lang='lat' dir='ltr'><strong>et</strong></span> <span class='ocrx_word' id='word_1_378' title='bbox 2771 924 3030 995; x_wconf 80' lang='lat' dir='ltr'><strong>dignitate</strong></span> <span class='ocrx_word' id='word_1_379' title='bbox 3077 925 3372 981; x_wconf 85' lang='lat' dir='ltr'><strong>virtutibus</strong></span> <span class='ocrx_word' id='word_1_380' title='bbox 3418 927 3696 994; x_wconf 76' lang='lat' dir='ltr'><strong>acquisita</strong></span> 
     </span>
    </p>
   </div>
   <div class='ocr_carea' id='block_1_54' title="bbox 2122 1017 2829 1080">
    <p class='ocr_par' dir='ltr' id='par_1_54' title="bbox 2122 1017 2829 1080">
     <span class='ocr_line' id='line_1_54' title="bbox 2122 1017 2829 1080; baseline 0.001 -11"><span class='ocrx_word' id='word_1_381' title='bbox 2122 1018 2402 1080; x_wconf 82' lang='lat' dir='ltr'><strong>excidens,</strong></span> <span class='ocrx_word' id='word_1_382' title='bbox 2443 1017 2554 1070; x_wconf 77' lang='lat' dir='ltr'><strong>Deo</strong></span> <span class='ocrx_word' id='word_1_383' title='bbox 2578 1017 2829 1070; x_wconf 85' lang='lat' dir='ltr'><strong>orbatur.</strong></span> 
     </span>
    </p>
   </div>
   <div class='ocr_carea' id='block_1_55' title="bbox 2195 1195 3694 1262">
    <p class='ocr_par' dir='ltr' id='par_1_55' title="bbox 2195 1195 3694 1262">
     <span class='ocr_line' id='line_1_55' title="bbox 2195 1195 3694 1262; baseline 0.001 -15"><span class='ocrx_word' id='word_1_384' title='bbox 2195 1195 2316 1247; x_wconf 83' lang='grc'><strong>110.</strong></span> <span class='ocrx_word' id='word_1_385' title='bbox 2351 1196 2486 1248; x_wconf 82' lang='lat' dir='ltr'><strong>Ante</strong></span> <span class='ocrx_word' id='word_1_386' title='bbox 2527 1210 2716 1249; x_wconf 89' lang='lat' dir='ltr'><strong>omnes</strong></span> <span class='ocrx_word' id='word_1_387' title='bbox 2758 1195 3040 1262; x_wconf 80' lang='lat' dir='ltr'><strong>passiones</strong></span> <span class='ocrx_word' id='word_1_388' title='bbox 3078 1197 3196 1248; x_wconf 82' lang='lat' dir='ltr'><strong>dme</strong></span> <span class='ocrx_word' id='word_1_389' title='bbox 3230 1204 3353 1248; x_wconf 88' lang='lat' dir='ltr'><strong>sunt</strong></span> <span class='ocrx_word' id='word_1_390' title='bbox 3387 1195 3694 1249; x_wconf 74' lang='lat' dir='ltr'><strong>durissima:</strong></span> 
     </span>
    </p>
   </div>
   <div class='ocr_carea' id='block_1_56' title="bbox 2120 1286 3693 1354">
    <p class='ocr_par' dir='ltr' id='par_1_56' title="bbox 2120 1286 3693 1354">
     <span class='ocr_line' id='line_1_56' title="bbox 2120 1286 3693 1354; baseline 0.001 -16"><span class='ocrx_word' id='word_1_391' title='bbox 2120 1295 2174 1338; x_wconf 81' lang='lat' dir='ltr'><strong>et</strong></span> <span class='ocrx_word' id='word_1_392' title='bbox 2231 1286 2687 1353; x_wconf 73' lang='lat' dir='ltr'><strong>profundissimm,</strong></span> <span class='ocrx_word' id='word_1_393' title='bbox 2715 1287 2923 1340; x_wconf 88' lang='lat' dir='ltr'><strong>luxuria</strong></span> <span class='ocrx_word' id='word_1_394' title='bbox 2974 1288 3186 1340; x_wconf 81' lang='lat' dir='ltr'><strong>scilicet</strong></span> <span class='ocrx_word' id='word_1_395' title='bbox 3224 1295 3276 1340; x_wconf 88' lang='lat' dir='ltr'><strong>et</strong></span> <span class='ocrx_word' id='word_1_396' title='bbox 3326 1288 3539 1346; x_wconf 81' lang='lat' dir='ltr'><strong>aredia,</strong></span> <span class='ocrx_word' id='word_1_397' title='bbox 3573 1303 3693 1354; x_wconf 68' lang='lat' dir='ltr'><strong>qua:</strong></span> 
     </span>
    </p>
   </div>
   <div class='ocr_carea' id='block_1_57' title="bbox 2121 1378 3688 1438">
    <p class='ocr_par' dir='ltr' id='par_1_57' title="bbox 2121 1378 3688 1438">
     <span class='ocr_line' id='line_1_57' title="bbox 2121 1378 3688 1438; baseline 0.001 -9"><span class='ocrx_word' id='word_1_398' title='bbox 2121 1378 2372 1430; x_wconf 86' lang='lat' dir='ltr'><strong>miseram</strong></span> <span class='ocrx_word' id='word_1_399' title='bbox 2440 1378 2724 1430; x_wconf 84' lang='lat' dir='ltr'><strong>involvunt</strong></span> <span class='ocrx_word' id='word_1_400' title='bbox 2778 1393 2841 1432; x_wconf 91' lang='lat' dir='ltr'><strong>ac</strong></span> <span class='ocrx_word' id='word_1_401' title='bbox 2904 1378 3209 1431; x_wconf 87' lang='lat' dir='ltr'><strong>dissolvunt</strong></span> <span class='ocrx_word' id='word_1_402' title='bbox 3238 1379 3510 1438; x_wconf 82' lang='lat' dir='ltr'><strong>animam.</strong></span> <span class='ocrx_word' id='word_1_403' title='bbox 3570 1395 3688 1432; x_wconf 82' lang='lat' dir='ltr'><strong>tnu-</strong></span> 
     </span>
    </p>
   </div>
   <div class='ocr_carea' id='block_1_58' title="bbox 2121 1464 3691 1535">
    <p class='ocr_par' dir='ltr' id='par_1_58' title="bbox 2121 1464 3691 1535">
     <span class='ocr_line' id='line_1_58' title="bbox 2121 1464 3691 1535; baseline 0.001 -15"><span class='ocrx_word' id='word_1_404' title='bbox 2121 1476 2383 1535; x_wconf 82' lang='lat' dir='ltr'><strong>tuamqne</strong></span> <span class='ocrx_word' id='word_1_405' title='bbox 2419 1469 2560 1521; x_wconf 86' lang='lat' dir='ltr'><strong>inter</strong></span> <span class='ocrx_word' id='word_1_406' title='bbox 2597 1483 2656 1521; x_wconf 90' lang='lat' dir='ltr'><strong>se</strong></span> <span class='ocrx_word' id='word_1_407' title='bbox 2686 1468 2886 1520; x_wconf 78' lang='lat' dir='ltr'><strong>habent</strong></span> <span class='ocrx_word' id='word_1_408' title='bbox 2930 1468 3324 1522; x_wconf 82' lang='lat' dir='ltr'><strong>connexionem</strong></span> <span class='ocrx_word' id='word_1_409' title='bbox 3366 1477 3420 1521; x_wconf 89' lang='lat' dir='ltr'><strong>et</strong></span> <span class='ocrx_word' id='word_1_410' title='bbox 3451 1464 3691 1521; x_wconf 57' lang='lat' dir='ltr'><strong>nece‘ssi-</strong></span> 
     </span>
    </p>
   </div>
   <div class='ocr_carea' id='block_1_59' title="bbox 2122 1559 3694 1628">
    <p class='ocr_par' dir='ltr' id='par_1_59' title="bbox 2122 1559 3694 1628">
     <span class='ocr_line' id='line_1_59' title="bbox 2122 1559 3694 1628; baseline 0 -16"><span class='ocrx_word' id='word_1_411' title='bbox 2122 1561 2388 1622; x_wconf 83' lang='lat' dir='ltr'><strong>tudinem,</strong></span> <span class='ocrx_word' id='word_1_412' title='bbox 2423 1576 2520 1614; x_wconf 90' lang='lat' dir='ltr'><strong>nec</strong></span> <span class='ocrx_word' id='word_1_413' title='bbox 2557 1561 2785 1628; x_wconf 81' lang='lat' dir='ltr'><strong>pugnari</strong></span> <span class='ocrx_word' id='word_1_414' title='bbox 2821 1560 3140 1626; x_wconf 82' lang='lat' dir='ltr'><strong>snperarive</strong></span> <span class='ocrx_word' id='word_1_415' title='bbox 3175 1570 3271 1612; x_wconf 88' lang='lat' dir='ltr'><strong>aut</strong></span> <span class='ocrx_word' id='word_1_416' title='bbox 3301 1559 3507 1612; x_wconf 86' lang='lat' dir='ltr'><strong>devinci</strong></span> <span class='ocrx_word' id='word_1_417' title='bbox 3539 1575 3567 1612; x_wconf 87' lang='lat' dir='ltr'><strong>a</strong></span> <span class='ocrx_word' id='word_1_418' title='bbox 3598 1573 3694 1612; x_wconf 89' lang='lat' dir='ltr'><strong>no-</strong></span> 
     </span>
    </p>
   </div>
   <div class='ocr_carea' id='block_1_60' title="bbox 2123 1650 3692 1718">
    <p class='ocr_par' dir='ltr' id='par_1_60' title="bbox 2123 1650 3692 1718">
     <span class='ocr_line' id='line_1_60' title="bbox 2123 1650 3692 1718; baseline -0.001 -12"><span class='ocrx_word' id='word_1_419' title='bbox 2123 1652 2204 1706; x_wconf 88' lang='lat' dir='ltr'><strong>bis</strong></span> <span class='ocrx_word' id='word_1_420' title='bbox 2233 1651 2507 1705; x_wconf 84' lang='lat' dir='ltr'><strong>nllatenns</strong></span> <span class='ocrx_word' id='word_1_421' title='bbox 2536 1660 2782 1718; x_wconf 89' lang='lat' dir='ltr'><strong>possunt.</strong></span> <span class='ocrx_word' id='word_1_422' title='bbox 2816 1650 2975 1705; x_wconf 87' lang='lat' dir='ltr'><strong>Prior</strong></span> <span class='ocrx_word' id='word_1_423' title='bbox 3028 1651 3248 1718; x_wconf 89' lang='lat' dir='ltr'><strong>quidem</strong></span> <span class='ocrx_word' id='word_1_424' title='bbox 3291 1650 3530 1703; x_wconf 77' lang='lat' dir='ltr'><strong>abundat</strong></span> <span class='ocrx_word' id='word_1_425' title='bbox 3556 1651 3606 1703; x_wconf 89' lang='lat' dir='ltr'><strong>in</strong></span> <span class='ocrx_word' id='word_1_426' title='bbox 3640 1651 3692 1705; x_wconf 90' lang='lat' dir='ltr'><strong>vi</strong></span> 
     </span>
    </p>
   </div>
   <div class='ocr_carea' id='block_1_61' title="bbox 2119 1741 3691 1811">
    <p class='ocr_par' dir='ltr' id='par_1_61' title="bbox 2119 1741 3691 1811">
     <span class='ocr_line' id='line_1_61' title="bbox 2119 1741 3691 1811; baseline -0.001 -15"><span class='ocrx_word' id='word_1_427' title='bbox 2119 1741 2554 1811; x_wconf 89' lang='lat' dir='ltr'><strong>concupiscibili,</strong></span> <span class='ocrx_word' id='word_1_428' title='bbox 2585 1750 2639 1794; x_wconf 89' lang='lat' dir='ltr'><strong>et</strong></span> <span class='ocrx_word' id='word_1_429' title='bbox 2690 1750 2856 1795; x_wconf 88' lang='lat' dir='ltr'><strong>totam</strong></span> <span class='ocrx_word' id='word_1_430' title='bbox 2906 1741 3292 1809; x_wconf 88' lang='lat' dir='ltr'><strong>complectitur</strong></span> <span class='ocrx_word' id='word_1_431' title='bbox 3335 1741 3691 1796; x_wconf 90' lang='lat' dir='ltr'><strong>substantiam</strong></span> 
     </span>
    </p>
   </div>
   <div class='ocr_carea' id='block_1_62' title="bbox 2117 1834 3680 1904">
    <p class='ocr_par' dir='ltr' id='par_1_62' title="bbox 2117 1834 3680 1904">
     <span class='ocr_line' id='line_1_62' title="bbox 2117 1834 3680 1904; baseline -0.001 -16"><span class='ocrx_word' id='word_1_432' title='bbox 2117 1837 2403 1904; x_wconf 89' lang='lat' dir='ltr'><strong>utriusque</strong></span> <span class='ocrx_word' id='word_1_433' title='bbox 2441 1842 2668 1897; x_wconf 72' lang='lat' dir='ltr'><strong>naturaa.</strong></span> <span class='ocrx_word' id='word_1_434' title='bbox 2699 1835 2891 1888; x_wconf 71' lang='lat' dir='ltr'><strong>auium:</strong></span> <span class='ocrx_word' id='word_1_435' title='bbox 2922 1834 3133 1888; x_wconf 82' lang='lat' dir='ltr'><strong>scilicet</strong></span> <span class='ocrx_word' id='word_1_436' title='bbox 3165 1845 3327 1904; x_wconf 88' lang='lat' dir='ltr'><strong>atque</strong></span> <span class='ocrx_word' id='word_1_437' title='bbox 3361 1836 3564 1897; x_wconf 85' lang='lat' dir='ltr'><strong>carnis,</strong></span> <span class='ocrx_word' id='word_1_438' title='bbox 3599 1845 3680 1887; x_wconf 80' lang='lat' dir='ltr'><strong>to-</strong></span> 
     </span>
    </p>
   </div>
   <div class='ocr_carea' id='block_1_63' title="bbox 2115 1928 3690 1998">
    <p class='ocr_par' dir='ltr' id='par_1_63' title="bbox 2115 1928 3690 1998">
     <span class='ocr_line' id='line_1_63' title="bbox 2115 1928 3690 1998; baseline -0.003 -15"><span class='ocrx_word' id='word_1_439' title='bbox 2115 1940 2221 1984; x_wconf 87' lang='lat' dir='ltr'><strong>tam</strong></span> <span class='ocrx_word' id='word_1_440' title='bbox 2276 1930 2504 1998; x_wconf 80' lang='lat' dir='ltr'><strong>singulis</strong></span> <span class='ocrx_word' id='word_1_441' title='bbox 2544 1931 2745 1998; x_wconf 87' lang='lat' dir='ltr'><strong>passim</strong></span> <span class='ocrx_word' id='word_1_442' title='bbox 2796 1928 3056 1981; x_wconf 85' lang='lat' dir='ltr'><strong>membris</strong></span> <span class='ocrx_word' id='word_1_443' title='bbox 3091 1943 3242 1981; x_wconf 86' lang='lat' dir='ltr'><strong>suam</strong></span> <span class='ocrx_word' id='word_1_444' title='bbox 3279 1929 3567 1980; x_wconf 85' lang='lat' dir='ltr'><strong>insinuans</strong></span> <span class='ocrx_word' id='word_1_445' title='bbox 3598 1941 3690 1979; x_wconf 85' lang='lat' dir='ltr'><strong>vo-</strong></span> 
     </span>
    </p>
   </div>
   <div class='ocr_carea' id='block_1_64' title="bbox 2112 2019 3689 2092">
    <p class='ocr_par' dir='ltr' id='par_1_64' title="bbox 2112 2019 3689 2092">
     <span class='ocr_line' id='line_1_64' title="bbox 2112 2019 3689 2092; baseline -0.003 -17"><span class='ocrx_word' id='word_1_446' title='bbox 2112 2022 2372 2090; x_wconf 87' lang='lat' dir='ltr'><strong>luptatem</strong></span> <span class='ocrx_word' id='word_1_447' title='bbox 2407 2039 2421 2089; x_wconf 88' lang='lat'><strong>;</strong></span> <span class='ocrx_word' id='word_1_448' title='bbox 2457 2023 2724 2092; x_wconf 85' lang='lat' dir='ltr'><strong>posterior</strong></span> <span class='ocrx_word' id='word_1_449' title='bbox 2771 2035 2898 2075; x_wconf 88' lang='lat' dir='ltr'><strong>vero</strong></span> <span class='ocrx_word' id='word_1_450' title='bbox 2950 2021 3294 2087; x_wconf 89' lang='lat' dir='ltr'><strong>superiorent</strong></span> <span class='ocrx_word' id='word_1_451' title='bbox 3346 2019 3689 2072; x_wconf 86' lang='lat' dir='ltr'><strong>rationalem-</strong></span> 
     </span>
    </p>
   </div>
   <div class='ocr_carea' id='block_1_65' title="bbox 2109 2111 3688 2184">
    <p class='ocr_par' dir='ltr' id='par_1_65' title="bbox 2109 2111 3688 2184">
     <span class='ocr_line' id='line_1_65' title="bbox 2109 2111 3688 2184; baseline -0.003 -17"><span class='ocrx_word' id='word_1_452' title='bbox 2109 2131 2214 2184; x_wconf 88' lang='lat' dir='ltr'><strong>que</strong></span> <span class='ocrx_word' id='word_1_453' title='bbox 2250 2126 2456 2183; x_wconf 87' lang='lat' dir='ltr'><strong>partem</strong></span> <span class='ocrx_word' id='word_1_454' title='bbox 2513 2114 2821 2175; x_wconf 89' lang='lat' dir='ltr'><strong>dominans,</strong></span> <span class='ocrx_word' id='word_1_455' title='bbox 2857 2123 2911 2166; x_wconf 89' lang='lat' dir='ltr'><strong>et</strong></span> <span class='ocrx_word' id='word_1_456' title='bbox 2967 2120 3132 2165; x_wconf 76' lang='lat' dir='ltr'><strong>totum</strong></span> <span class='ocrx_word' id='word_1_457' title='bbox 3167 2121 3276 2166; x_wconf 86' lang='lat' dir='ltr'><strong>t0la</strong></span> <span class='ocrx_word' id='word_1_458' title='bbox 3327 2111 3561 2164; x_wconf 85' lang='lat' dir='ltr'><strong>animam</strong></span> <span class='ocrx_word' id='word_1_459' title='bbox 3626 2116 3688 2162; x_wconf 85' lang='lat' dir='ltr'><strong>et</strong></span> 
     </span>
    </p>
   </div>
   <div class='ocr_carea' id='block_1_66' title="bbox 2106 2201 3681 2275">
    <p class='ocr_par' dir='ltr' id='par_1_66' title="bbox 2106 2201 3681 2275">
     <span class='ocr_line' id='line_1_66' title="bbox 2106 2201 3681 2275; baseline -0.005 -14"><span class='ocrx_word' id='word_1_460' title='bbox 2106 2220 2325 2262; x_wconf 77' lang='lat' dir='ltr'><strong>carnem</strong></span> <span class='ocrx_word' id='word_1_461' title='bbox 2365 2210 2516 2275; x_wconf 85' lang='lat' dir='ltr'><strong>quasi</strong></span> <span class='ocrx_word' id='word_1_462' title='bbox 2569 2203 2768 2258; x_wconf 85' lang='lat' dir='ltr'><strong>hedera</strong></span> <span class='ocrx_word' id='word_1_463' title='bbox 2809 2202 3214 2271; x_wconf 65' lang='lat' dir='ltr'><strong>circumligatus,</strong></span> <span class='ocrx_word' id='word_1_464' title='bbox 3256 2201 3486 2270; x_wconf 81' lang='lat' dir='ltr'><strong>pigram,</strong></span> <span class='ocrx_word' id='word_1_465' title='bbox 3533 2201 3681 2254; x_wconf 81' lang='lat' dir='ltr'><strong>desi—</strong></span> 
     </span>
    </p>
   </div>
   <div class='ocr_carea' id='block_1_67' title="bbox 2108 2294 3686 2353">
    <p class='ocr_par' dir='ltr' id='par_1_67' title="bbox 2108 2294 3686 2353">
     <span class='ocr_line' id='line_1_67' title="bbox 2108 2294 3686 2353; baseline -0.005 0"><span class='ocrx_word' id='word_1_466' title='bbox 2108 2300 2228 2353; x_wconf 88' lang='lat' dir='ltr'><strong>dem</strong></span> <span class='ocrx_word' id='word_1_467' title='bbox 2265 2314 2327 2351; x_wconf 91' lang='lat' dir='ltr'><strong>ac</strong></span> <span class='ocrx_word' id='word_1_468' title='bbox 2351 2297 2666 2352; x_wconf 85' lang='lat' dir='ltr'><strong>dissolutam</strong></span> <span class='ocrx_word' id='word_1_469' title='bbox 2698 2294 2875 2350; x_wconf 85' lang='lat' dir='ltr'><strong>reddit</strong></span> <span class='ocrx_word' id='word_1_470' title='bbox 2903 2296 3164 2349; x_wconf 88' lang='lat' dir='ltr'><strong>animam.</strong></span> <span class='ocrx_word' id='word_1_471' title='bbox 3199 2295 3567 2347; x_wconf 76' lang='lat' dir='ltr'><strong>Removentur</strong></span> <span class='ocrx_word' id='word_1_472' title='bbox 3595 2308 3686 2347; x_wconf 68' lang='lat' dir='ltr'><strong>auo</strong></span> 
     </span>
    </p>
   </div>
   <div class='ocr_carea' id='block_1_68' title="bbox 2110 2386 3680 2458">
    <p class='ocr_par' dir='ltr' id='par_1_68' title="bbox 2110 2386 3680 2458">
     <span class='ocr_line' id='line_1_68' title="bbox 2110 2386 3680 2458; baseline -0.003 -15"><span class='ocrx_word' id='word_1_473' title='bbox 2110 2400 2218 2444; x_wconf 87' lang='lat' dir='ltr'><strong>tem</strong></span> <span class='ocrx_word' id='word_1_474' title='bbox 2253 2390 2364 2454; x_wconf 90' lang='lat' dir='ltr'><strong>illa,</strong></span> <span class='ocrx_word' id='word_1_475' title='bbox 2396 2403 2708 2458; x_wconf 85' lang='lat' dir='ltr'><strong>quanquam</strong></span> <span class='ocrx_word' id='word_1_476' title='bbox 2757 2402 2866 2440; x_wconf 93' lang='lat' dir='ltr'><strong>non</strong></span> <span class='ocrx_word' id='word_1_477' title='bbox 2917 2386 3138 2440; x_wconf 90' lang='lat' dir='ltr'><strong>omnino</strong></span> <span class='ocrx_word' id='word_1_478' title='bbox 3185 2393 3514 2453; x_wconf 89' lang='lat' dir='ltr'><strong>superantur</strong></span> <span class='ocrx_word' id='word_1_479' title='bbox 3553 2393 3680 2438; x_wconf 87' lang='lat' dir='ltr'><strong>ante</strong></span> 
     </span>
    </p>
   </div>
   <div class='ocr_carea' id='block_1_69' title="bbox 2108 2479 3672 2548">
    <p class='ocr_par' dir='ltr' id='par_1_69' title="bbox 2108 2479 3672 2548">
     <span class='ocr_line' id='line_1_69' title="bbox 2108 2479 3672 2548; baseline -0.004 -13"><span class='ocrx_word' id='word_1_480' title='bbox 2108 2482 2318 2536; x_wconf 71' lang='lat' dir='ltr'><strong>beatam</strong></span> <span class='ocrx_word' id='word_1_481' title='bbox 2351 2480 2864 2548; x_wconf 83' lang='lat' dir='ltr'><strong>impassibililatem,</strong></span> <span class='ocrx_word' id='word_1_482' title='bbox 2913 2480 3130 2548; x_wconf 82' lang='lat' dir='ltr'><strong>quando</strong></span> <span class='ocrx_word' id='word_1_483' title='bbox 3181 2479 3388 2539; x_wconf 86' lang='lat' dir='ltr'><strong>anima,</strong></span> <span class='ocrx_word' id='word_1_484' title='bbox 3429 2491 3492 2529; x_wconf 77' lang='lat' dir='ltr'><strong>ex</strong></span> <span class='ocrx_word' id='word_1_485' title='bbox 3544 2491 3672 2530; x_wconf 83' lang='lat' dir='ltr'><strong>Ora—</strong></span> 
     </span>
    </p>
   </div>
   <div class='ocr_carea' id='block_1_70' title="bbox 2109 2569 3684 2638">
    <p class='ocr_par' dir='ltr' id='par_1_70' title="bbox 2109 2569 3684 2638">
     <span class='ocr_line' id='line_1_70' title="bbox 2109 2569 3684 2638; baseline -0.005 -10"><span class='ocrx_word' id='word_1_486' title='bbox 2109 2575 2255 2630; x_wconf 88' lang='lat' dir='ltr'><strong>tione</strong></span> <span class='ocrx_word' id='word_1_487' title='bbox 2278 2583 2568 2629; x_wconf 82' lang='lat' dir='ltr'><strong>consecuta</strong></span> <span class='ocrx_word' id='word_1_488' title='bbox 2600 2571 2836 2638; x_wconf 88' lang='lat' dir='ltr'><strong>Spiritus</strong></span> <span class='ocrx_word' id='word_1_489' title='bbox 2870 2571 3042 2624; x_wconf 85' lang='lat' dir='ltr'><strong>sancti</strong></span> <span class='ocrx_word' id='word_1_490' title='bbox 3079 2569 3358 2628; x_wconf 75' lang='lat' dir='ltr'><strong>rirtutem,</strong></span> <span class='ocrx_word' id='word_1_491' title='bbox 3387 2583 3455 2621; x_wconf 78' lang='lat' dir='ltr'><strong>ex</strong></span> <span class='ocrx_word' id='word_1_492' title='bbox 3508 2581 3684 2634; x_wconf 83' lang='lat' dir='ltr'><strong>eaque</strong></span> 
     </span>
    </p>
   </div>
   <div class='ocr_carea' id='block_1_71' title="bbox 2106 2657 3682 2736">
    <p class='ocr_par' dir='ltr' id='par_1_71' title="bbox 2106 2657 3682 2736">
     <span class='ocr_line' id='line_1_71' title="bbox 2106 2657 3682 2736; baseline -0.006 -14"><span class='ocrx_word' id='word_1_493' title='bbox 2106 2671 2298 2736; x_wconf 81' lang='lat' dir='ltr'><strong>adepta</strong></span> <span class='ocrx_word' id='word_1_494' title='bbox 2359 2666 2602 2734; x_wconf 89' lang='lat' dir='ltr'><strong>requiem</strong></span> <span class='ocrx_word' id='word_1_495' title='bbox 2642 2663 3125 2732; x_wconf 77' lang='lat' dir='ltr'><strong>fortitudinemque</strong></span> <span class='ocrx_word' id='word_1_496' title='bbox 3155 2672 3210 2715; x_wconf 91' lang='lat' dir='ltr'><strong>et</strong></span> <span class='ocrx_word' id='word_1_497' title='bbox 3244 2657 3562 2729; x_wconf 85' lang='lat' dir='ltr'><strong>profundam</strong></span> <span class='ocrx_word' id='word_1_498' title='bbox 3597 2672 3682 2727; x_wconf 65' lang='grc' dir='ltr'><strong>μιν</strong></span> 
     </span>
    </p>
   </div>
   <div class='ocr_carea' id='block_1_72' title="bbox 2105 2748 3683 2826">
    <p class='ocr_par' dir='ltr' id='par_1_72' title="bbox 2105 2748 3683 2826">
     <span class='ocr_line' id='line_1_72' title="bbox 2105 2748 3683 2826; baseline -0.008 -11"><span class='ocrx_word' id='word_1_499' title='bbox 2105 2777 2244 2824; x_wconf 87' lang='lat' dir='ltr'><strong>cem,</strong></span> <span class='ocrx_word' id='word_1_500' title='bbox 2284 2760 2339 2812; x_wconf 92' lang='lat' dir='ltr'><strong>in</strong></span> <span class='ocrx_word' id='word_1_501' title='bbox 2371 2757 2550 2812; x_wconf 79' lang='lat' dir='ltr'><strong>cordis</strong></span> <span class='ocrx_word' id='word_1_502' title='bbox 2598 2755 2914 2826; x_wconf 88' lang='lat' dir='ltr'><strong>quietudine</strong></span> <span class='ocrx_word' id='word_1_503' title='bbox 2943 2755 3176 2808; x_wconf 73' lang='lat' dir='ltr'><strong>laetatur.</strong></span> <span class='ocrx_word' id='word_1_504' title='bbox 3211 2751 3354 2818; x_wconf 74' lang='lat' dir='ltr'><strong>Dux,</strong></span> <span class='ocrx_word' id='word_1_505' title='bbox 3388 2759 3443 2804; x_wconf 87' lang='lat' dir='ltr'><strong>et</strong></span> <span class='ocrx_word' id='word_1_506' title='bbox 3470 2748 3683 2818; x_wconf 76' lang='lat' dir='ltr'><strong>regina,</strong></span> 
     </span>
    </p>
   </div>
   <div class='ocr_carea' id='block_1_73' title="bbox 2105 2842 3682 2914">
    <p class='ocr_par' dir='ltr' id='par_1_73' title="bbox 2105 2842 3682 2914">
     <span class='ocr_line' id='line_1_73' title="bbox 2105 2842 3682 2914; baseline -0.008 -9"><span class='ocrx_word' id='word_1_507' title='bbox 2105 2862 2156 2905; x_wconf 92' lang='lat' dir='ltr'><strong>et</strong></span> <span class='ocrx_word' id='word_1_508' title='bbox 2191 2852 2428 2912; x_wconf 87' lang='lat' dir='ltr'><strong>domina,</strong></span> <span class='ocrx_word' id='word_1_509' title='bbox 2459 2858 2514 2903; x_wconf 86' lang='lat' dir='ltr'><strong>et</strong></span> <span class='ocrx_word' id='word_1_510' title='bbox 2574 2859 2748 2902; x_wconf 86' lang='lat' dir='ltr'><strong>mater</strong></span> <span class='ocrx_word' id='word_1_511' title='bbox 2796 2849 3132 2914; x_wconf 84' lang='lat' dir='ltr'><strong>voluptatum</strong></span> <span class='ocrx_word' id='word_1_512' title='bbox 3186 2843 3275 2898; x_wconf 89' lang='lat' dir='ltr'><strong>illa</strong></span> <span class='ocrx_word' id='word_1_513' title='bbox 3332 2842 3572 2904; x_wconf 73' lang='lat' dir='ltr'><strong>luxnria,</strong></span> <span class='ocrx_word' id='word_1_514' title='bbox 3626 2851 3682 2893; x_wconf 89' lang='lat' dir='ltr'><strong>et</strong></span> 
     </span>
    </p>
   </div>
   <div class='ocr_carea' id='block_1_74' title="bbox 2105 2931 3677 3010">
    <p class='ocr_par' dir='ltr' id='par_1_74' title="bbox 2105 2931 3677 3010">
     <span class='ocr_line' id='line_1_74' title="bbox 2105 2931 3677 3010; baseline -0.008 -13"><span class='ocrx_word' id='word_1_515' title='bbox 2105 2958 2289 2999; x_wconf 81' lang='lat' dir='ltr'><strong>cernes</strong></span> <span class='ocrx_word' id='word_1_516' title='bbox 2318 2943 2438 3010; x_wconf 88' lang='lat' dir='ltr'><strong>ejus</strong></span> <span class='ocrx_word' id='word_1_517' title='bbox 2486 2940 2724 3010; x_wconf 79' lang='lat' dir='ltr'><strong>pigritia.</strong></span> <span class='ocrx_word' id='word_1_518' title='bbox 2757 2939 2844 2992; x_wconf 88' lang='lat' dir='ltr'><strong>hic</strong></span> <span class='ocrx_word' id='word_1_519' title='bbox 2871 2946 2954 2991; x_wconf 89' lang='lat' dir='ltr'><strong>est</strong></span> <span class='ocrx_word' id='word_1_520' title='bbox 3007 2951 3202 2989; x_wconf 85' lang='lat' dir='ltr'><strong>currus</strong></span> <span class='ocrx_word' id='word_1_521' title='bbox 3245 2931 3677 3002; x_wconf 72' lang='lat' dir='ltr'><strong>inexpugnabilis</strong></span> 
     </span>
    </p>
   </div>
   <div class='ocr_carea' id='block_1_75' title="bbox 2107 3021 3681 3093">
    <p class='ocr_par' dir='ltr' id='par_1_75' title="bbox 2107 3021 3681 3093">
     <span class='ocr_line' id='line_1_75' title="bbox 2107 3021 3681 3093; baseline -0.006 -11"><span class='ocrx_word' id='word_1_522' title='bbox 2107 3032 2312 3084; x_wconf 75' lang='lat' dir='ltr'><strong>vehens</strong></span> <span class='ocrx_word' id='word_1_523' title='bbox 2340 3029 2640 3084; x_wconf 84' lang='lat' dir='ltr'><strong>Pharaonis</strong></span> <span class='ocrx_word' id='word_1_524' title='bbox 2671 3028 2837 3081; x_wconf 88' lang='lat' dir='ltr'><strong>duces</strong></span> <span class='ocrx_word' id='word_1_525' title='bbox 2873 3041 2889 3081; x_wconf 86' lang='lat'><strong>:</strong></span> <span class='ocrx_word' id='word_1_526' title='bbox 2926 3039 3023 3093; x_wconf 88' lang='lat' dir='ltr'><strong>per</strong></span> <span class='ocrx_word' id='word_1_527' title='bbox 3050 3023 3169 3077; x_wconf 84' lang='lat' dir='ltr'><strong>illas</strong></span> <span class='ocrx_word' id='word_1_528' title='bbox 3197 3024 3341 3078; x_wconf 90' lang='lat' dir='ltr'><strong>enim</strong></span> <span class='ocrx_word' id='word_1_529' title='bbox 3371 3021 3681 3091; x_wconf 87' lang='lat' dir='ltr'><strong>passionum</strong></span> 
     </span>
    </p>
   </div>
   <div class='ocr_carea' id='block_1_76' title="bbox 2107 3114 3500 3192">
    <p class='ocr_par' dir='ltr' id='par_1_76' title="bbox 2107 3114 3500 3192">
     <span class='ocr_line' id='line_1_76' title="bbox 2107 3114 3500 3192; baseline -0.005 -17"><span class='ocrx_word' id='word_1_530' title='bbox 2107 3123 2348 3192; x_wconf 87' lang='lat' dir='ltr'><strong>impetus</strong></span> <span class='ocrx_word' id='word_1_531' title='bbox 2388 3123 2556 3176; x_wconf 88' lang='lat' dir='ltr'><strong>vitam</strong></span> <span class='ocrx_word' id='word_1_532' title='bbox 2593 3129 2838 3174; x_wconf 86' lang='lat' dir='ltr'><strong>nostram</strong></span> <span class='ocrx_word' id='word_1_533' title='bbox 2866 3115 3227 3171; x_wconf 88' lang='lat' dir='ltr'><strong>miserrimam</strong></span> <span class='ocrx_word' id='word_1_534' title='bbox 3262 3114 3500 3168; x_wconf 85' lang='lat' dir='ltr'><strong>irruunt.</strong></span> 
     </span>
    </p>
   </div>
   <div class='ocr_carea' id='block_1_77' title="bbox 2179 3207 3681 3282">
    <p class='ocr_par' dir='ltr' id='par_1_77' title="bbox 2179 3207 3681 3282">
     <span class='ocr_line' id='line_1_77' title="bbox 2179 3207 3681 3282; baseline -0.005 -14"><span class='ocrx_word' id='word_1_535' title='bbox 2179 3215 2301 3269; x_wconf 89' lang='grc'><strong>111.</strong></span> <span class='ocrx_word' id='word_1_536' title='bbox 2335 3215 2527 3268; x_wconf 85' lang='lat' dir='ltr'><strong>Trahit</strong></span> <span class='ocrx_word' id='word_1_537' title='bbox 2565 3213 2829 3282; x_wconf 76' lang='lat' dir='ltr'><strong>originem</strong></span> <span class='ocrx_word' id='word_1_538' title='bbox 2882 3209 3138 3265; x_wconf 88' lang='lat' dir='ltr'><strong>mentalis</strong></span> <span class='ocrx_word' id='word_1_539' title='bbox 3181 3207 3359 3263; x_wconf 88' lang='lat' dir='ltr'><strong>oratio</strong></span> <span class='ocrx_word' id='word_1_540' title='bbox 3391 3208 3458 3261; x_wconf 91' lang='lat' dir='ltr'><strong>ab</strong></span> <span class='ocrx_word' id='word_1_541' title='bbox 3485 3221 3681 3277; x_wconf 81' lang='lat' dir='ltr'><strong>apera-</strong></span> 
     </span>
    </p>
   </div>
   <div class='ocr_carea' id='block_1_78' title="bbox 2106 3299 3680 3373">
    <p class='ocr_par' dir='ltr' id='par_1_78' title="bbox 2106 3299 3680 3373">
     <span class='ocr_line' id='line_1_78' title="bbox 2106 3299 3680 3373; baseline -0.005 -13"><span class='ocrx_word' id='word_1_542' title='bbox 2106 3308 2252 3362; x_wconf 88' lang='lat' dir='ltr'><strong>tione</strong></span> <span class='ocrx_word' id='word_1_543' title='bbox 2279 3321 2372 3361; x_wconf 87' lang='lat' dir='ltr'><strong>seu</strong></span> <span class='ocrx_word' id='word_1_544' title='bbox 2407 3307 2608 3358; x_wconf 86' lang='lat' dir='ltr'><strong>virtute</strong></span> <span class='ocrx_word' id='word_1_545' title='bbox 2655 3303 2944 3373; x_wconf 77' lang='lat' dir='ltr'><strong>purgativa</strong></span> <span class='ocrx_word' id='word_1_546' title='bbox 2987 3299 3246 3370; x_wconf 82' lang='lat' dir='ltr'><strong>Spiritus,</strong></span> <span class='ocrx_word' id='word_1_547' title='bbox 3281 3307 3336 3354; x_wconf 87' lang='lat' dir='ltr'><strong>et</strong></span> <span class='ocrx_word' id='word_1_548' title='bbox 3379 3315 3409 3352; x_wconf 89' lang='lat' dir='ltr'><strong>a</strong></span> <span class='ocrx_word' id='word_1_549' title='bbox 3453 3299 3680 3370; x_wconf 84' lang='lat' dir='ltr'><strong>mystico</strong></span> 
     </span>
    </p>
   </div>
   <div class='ocr_carea' id='block_1_79' title="bbox 2103 3392 3674 3462">
    <p class='ocr_par' dir='ltr' id='par_1_79' title="bbox 2103 3392 3674 3462">
     <span class='ocr_line' id='line_1_79' title="bbox 2103 3392 3674 3462; baseline -0.004 -12"><span class='ocrx_word' id='word_1_550' title='bbox 2103 3398 2301 3451; x_wconf 74' lang='lat' dir='ltr'><strong>nieiitis</strong></span> <span class='ocrx_word' id='word_1_551' title='bbox 2343 3396 2611 3450; x_wconf 75' lang='lat' dir='ltr'><strong>sacriﬁcio</strong></span> <span class='ocrx_word' id='word_1_552' title='bbox 2640 3411 2653 3447; x_wconf 89' lang='lat'><strong>:</strong></span> <span class='ocrx_word' id='word_1_553' title='bbox 2680 3395 2822 3448; x_wconf 85' lang='lat' dir='ltr'><strong>sicut</strong></span> <span class='ocrx_word' id='word_1_554' title='bbox 2851 3394 3178 3462; x_wconf 83' lang='lat' dir='ltr'><strong>principium</strong></span> <span class='ocrx_word' id='word_1_555' title='bbox 3221 3392 3556 3460; x_wconf 87' lang='lat' dir='ltr'><strong>quietudinis</strong></span> <span class='ocrx_word' id='word_1_556' title='bbox 3585 3399 3674 3446; x_wconf 87' lang='lat' dir='ltr'><strong>est</strong></span> 
     </span>
    </p>
   </div>
   <div class='ocr_carea' id='block_1_80' title="bbox 2101 3483 3662 3542">
    <p class='ocr_par' dir='ltr' id='par_1_80' title="bbox 2101 3483 3662 3542">
     <span class='ocr_line' id='line_1_80' title="bbox 2101 3483 3662 3542; baseline -0.003 -1"><span class='ocrx_word' id='word_1_557' title='bbox 2101 3489 2268 3542; x_wconf 86' lang='lat' dir='ltr'><strong>animi</strong></span> <span class='ocrx_word' id='word_1_558' title='bbox 2315 3485 2645 3541; x_wconf 89' lang='lat' dir='ltr'><strong>recollectio.</strong></span> <span class='ocrx_word' id='word_1_559' title='bbox 2681 3484 2914 3538; x_wconf 80' lang='lat' dir='ltr'><strong>Medium</strong></span> <span class='ocrx_word' id='word_1_560' title='bbox 2956 3494 3137 3537; x_wconf 88' lang='lat' dir='ltr'><strong>autem</strong></span> <span class='ocrx_word' id='word_1_561' title='bbox 3175 3483 3322 3538; x_wconf 90' lang='lat' dir='ltr'><strong>illius</strong></span> <span class='ocrx_word' id='word_1_562' title='bbox 3366 3493 3449 3538; x_wconf 90' lang='lat' dir='ltr'><strong>est</strong></span> <span class='ocrx_word' id='word_1_563' title='bbox 3489 3483 3662 3537; x_wconf 87' lang='lat' dir='ltr'><strong>virtus</strong></span> 
     </span>
    </p>
   </div>
   <div class='ocr_carea' id='block_1_81' title="bbox 2100 3571 3665 3640">
    <p class='ocr_par' dir='ltr' id='par_1_81' title="bbox 2100 3571 3665 3640">
     <span class='ocr_line' id='line_1_81' title="bbox 2100 3571 3665 3640; baseline -0.004 -11"><span class='ocrx_word' id='word_1_564' title='bbox 2100 3575 2452 3629; x_wconf 77' lang='lat' dir='ltr'><strong>illuminatira</strong></span> <span class='ocrx_word' id='word_1_565' title='bbox 2484 3584 2537 3627; x_wconf 89' lang='lat' dir='ltr'><strong>et</strong></span> <span class='ocrx_word' id='word_1_566' title='bbox 2569 3572 2998 3640; x_wconf 89' lang='lat' dir='ltr'><strong>contemplatio;</strong></span> <span class='ocrx_word' id='word_1_567' title='bbox 3035 3571 3161 3625; x_wconf 83' lang='lat' dir='ltr'><strong>finis</strong></span> <span class='ocrx_word' id='word_1_568' title='bbox 3205 3572 3423 3625; x_wconf 86' lang='lat' dir='ltr'><strong>demum</strong></span> <span class='ocrx_word' id='word_1_569' title='bbox 3461 3581 3543 3625; x_wconf 88' lang='lat' dir='ltr'><strong>est</strong></span> <span class='ocrx_word' id='word_1_570' title='bbox 3571 3585 3665 3625; x_wconf 79' lang='lat' dir='ltr'><strong>ex-</strong></span> 
     </span>
    </p>
   </div>
   <div class='ocr_carea' id='block_1_82' title="bbox 2099 3662 3153 3733">
    <p class='ocr_par' dir='ltr' id='par_1_82' title="bbox 2099 3662 3153 3733">
     <span class='ocr_line' id='line_1_82' title="bbox 2099 3662 3153 3733; baseline -0.007 -14"><span class='ocrx_word' id='word_1_571' title='bbox 2099 3679 2288 3719; x_wconf 78' lang='lat' dir='ltr'><strong>cessus</strong></span> <span class='ocrx_word' id='word_1_572' title='bbox 2319 3672 2374 3717; x_wconf 90' lang='lat' dir='ltr'><strong>et</strong></span> <span class='ocrx_word' id='word_1_573' title='bbox 2411 3673 2596 3733; x_wconf 83' lang='lat' dir='ltr'><strong>raptus</strong></span> <span class='ocrx_word' id='word_1_574' title='bbox 2630 3662 2830 3716; x_wconf 89' lang='lat' dir='ltr'><strong>mentis</strong></span> <span class='ocrx_word' id='word_1_575' title='bbox 2862 3662 2928 3714; x_wconf 87' lang='lat' dir='ltr'><strong>ad</strong></span> <span class='ocrx_word' id='word_1_576' title='bbox 2963 3663 3153 3715; x_wconf 88' lang='lat' dir='ltr'><strong>Deum.</strong></span> 
     </span>
    </p>
   </div>
   <div class='ocr_carea' id='block_1_83' title="bbox 2173 3751 3678 3824">
    <p class='ocr_par' dir='ltr' id='par_1_83' title="bbox 2173 3751 3678 3824">
     <span class='ocr_line' id='line_1_83' title="bbox 2173 3751 3678 3824; baseline -0.005 -13"><span class='ocrx_word' id='word_1_577' title='bbox 2173 3757 2298 3811; x_wconf 78' lang='grc'><strong>112.</strong></span> <span class='ocrx_word' id='word_1_578' title='bbox 2330 3753 2681 3824; x_wconf 75' lang='lat' dir='ltr'><strong>lutelligibile</strong></span> <span class='ocrx_word' id='word_1_579' title='bbox 2723 3753 3098 3808; x_wconf 85' lang='lat' dir='ltr'><strong>sanctuarium</strong></span> <span class='ocrx_word' id='word_1_580' title='bbox 3131 3762 3236 3816; x_wconf 89' lang='lat' dir='ltr'><strong>est,</strong></span> <span class='ocrx_word' id='word_1_581' title='bbox 3262 3761 3385 3805; x_wconf 86' lang='lat' dir='ltr'><strong>ante</strong></span> <span class='ocrx_word' id='word_1_582' title='bbox 3419 3751 3678 3805; x_wconf 86' lang='lat' dir='ltr'><strong>inintelli-</strong></span> 
     </span>
    </p>
   </div>
   <div class='ocr_carea' id='block_1_84' title="bbox 2097 3843 3678 3920">
    <p class='ocr_par' dir='ltr' id='par_1_84' title="bbox 2097 3843 3678 3920">
     <span class='ocr_line' id='line_1_84' title="bbox 2097 3843 3678 3920; baseline -0.004 -18"><span class='ocrx_word' id='word_1_583' title='bbox 2097 3849 2315 3920; x_wconf 78' lang='lat' dir='ltr'><strong>gibilem</strong></span> <span class='ocrx_word' id='word_1_584' title='bbox 2349 3847 2586 3902; x_wconf 89' lang='lat' dir='ltr'><strong>futuram</strong></span> <span class='ocrx_word' id='word_1_585' title='bbox 2647 3845 3060 3909; x_wconf 88' lang='lat' dir='ltr'><strong>beatitudinem,</strong></span> <span class='ocrx_word' id='word_1_586' title='bbox 3095 3843 3398 3910; x_wconf 83' lang='lat' dir='ltr'><strong>spiritualis</strong></span> <span class='ocrx_word' id='word_1_587' title='bbox 3429 3845 3678 3911; x_wconf 86' lang='lat' dir='ltr'><strong>operatio</strong></span> 
     </span>
    </p>
   </div>
   <div class='ocr_carea' id='block_1_85' title="bbox 2097 3934 3676 4008">
    <p class='ocr_par' dir='ltr' id='par_1_85' title="bbox 2097 3934 3676 4008">
     <span class='ocr_line' id='line_1_85' title="bbox 2097 3934 3676 4008; baseline -0.003 -13"><span class='ocrx_word' id='word_1_588' title='bbox 2097 3941 2318 4005; x_wconf 88' lang='lat' dir='ltr'><strong>mentis,</strong></span> <span class='ocrx_word' id='word_1_589' title='bbox 2355 3941 2567 4008; x_wconf 75' lang='lat' dir='ltr'><strong>Agnum</strong></span> <span class='ocrx_word' id='word_1_590' title='bbox 2603 3937 2894 4008; x_wconf 90' lang='lat' dir='ltr'><strong>mysticum</strong></span> <span class='ocrx_word' id='word_1_591' title='bbox 2923 3937 2978 3990; x_wconf 93' lang='lat' dir='ltr'><strong>in</strong></span> <span class='ocrx_word' id='word_1_592' title='bbox 3025 3936 3120 3990; x_wconf 88' lang='lat' dir='ltr'><strong>Dei</strong></span> <span class='ocrx_word' id='word_1_593' title='bbox 3163 3934 3368 4005; x_wconf 90' lang='lat' dir='ltr'><strong>Spiritu</strong></span> <span class='ocrx_word' id='word_1_594' title='bbox 3410 3951 3573 4004; x_wconf 80' lang='lat' dir='ltr'><strong>super</strong></span> <span class='ocrx_word' id='word_1_595' title='bbox 3595 3937 3676 3990; x_wconf 89' lang='lat' dir='ltr'><strong>al-</strong></span> 
     </span>
    </p>
   </div>
   <div class='ocr_carea' id='block_1_86' title="bbox 2098 4027 3675 4098">
    <p class='ocr_par' dir='ltr' id='par_1_86' title="bbox 2098 4027 3675 4098">
     <span class='ocr_line' id='line_1_86' title="bbox 2098 4027 3675 4098; baseline -0.005 -10"><span class='ocrx_word' id='word_1_596' title='bbox 2098 4035 2201 4088; x_wconf 88' lang='lat' dir='ltr'><strong>tari</strong></span> <span class='ocrx_word' id='word_1_597' title='bbox 2262 4033 2459 4087; x_wconf 64' lang='lat' dir='ltr'><strong>animai</strong></span> <span class='ocrx_word' id='word_1_598' title='bbox 2511 4029 2874 4086; x_wconf 87' lang='lat' dir='ltr'><strong>sacriﬁcantis</strong></span> <span class='ocrx_word' id='word_1_599' title='bbox 2931 4036 2987 4082; x_wconf 85' lang='lat' dir='ltr'><strong>et</strong></span> <span class='ocrx_word' id='word_1_600' title='bbox 3020 4027 3421 4098; x_wconf 89' lang='lat' dir='ltr'><strong>participantis.</strong></span> <span class='ocrx_word' id='word_1_601' title='bbox 3454 4027 3675 4082; x_wconf 82' lang='lat' dir='ltr'><strong>Mandu-</strong></span> 
     </span>
    </p>
   </div>
   <div class='ocr_carea' id='block_1_87' title="bbox 2095 4117 3670 4190">
    <p class='ocr_par' dir='ltr' id='par_1_87' title="bbox 2095 4117 3670 4190">
     <span class='ocr_line' id='line_1_87' title="bbox 2095 4117 3670 4190; baseline -0.006 -9"><span class='ocrx_word' id='word_1_602' title='bbox 2095 4139 2222 4182; x_wconf 89' lang='lat' dir='ltr'><strong>care</strong></span> <span class='ocrx_word' id='word_1_603' title='bbox 2247 4133 2427 4178; x_wconf 86' lang='lat' dir='ltr'><strong>autem</strong></span> <span class='ocrx_word' id='word_1_604' title='bbox 2460 4135 2658 4190; x_wconf 70' lang='lat' dir='ltr'><strong>agnum</strong></span> <span class='ocrx_word' id='word_1_605' title='bbox 2691 4121 2784 4175; x_wconf 90' lang='lat' dir='ltr'><strong>Dei</strong></span> <span class='ocrx_word' id='word_1_606' title='bbox 2825 4119 3186 4189; x_wconf 75' lang='lat' dir='ltr'><strong>Spiritualiter</strong></span> <span class='ocrx_word' id='word_1_607' title='bbox 3217 4120 3269 4172; x_wconf 93' lang='lat' dir='ltr'><strong>in</strong></span> <span class='ocrx_word' id='word_1_608' title='bbox 3299 4118 3497 4171; x_wconf 85' lang='lat' dir='ltr'><strong>animae</strong></span> <span class='ocrx_word' id='word_1_609' title='bbox 3529 4117 3670 4171; x_wconf 88' lang='lat' dir='ltr'><strong>alta-</strong></span> 
     </span>
    </p>
   </div>
   <div class='ocr_carea' id='block_1_88' title="bbox 2094 4210 3669 4282">
    <p class='ocr_par' dir='ltr' id='par_1_88' title="bbox 2094 4210 3669 4282">
     <span class='ocr_line' id='line_1_88' title="bbox 2094 4210 3669 4282; baseline -0.005 -10"><span class='ocrx_word' id='word_1_610' title='bbox 2094 4219 2164 4282; x_wconf 87' lang='lat' dir='ltr'><strong>ri,</strong></span> <span class='ocrx_word' id='word_1_611' title='bbox 2205 4231 2308 4271; x_wconf 93' lang='lat' dir='ltr'><strong>non</strong></span> <span class='ocrx_word' id='word_1_612' title='bbox 2353 4225 2435 4270; x_wconf 88' lang='lat' dir='ltr'><strong>est</strong></span> <span class='ocrx_word' id='word_1_613' title='bbox 2480 4214 2628 4268; x_wconf 89' lang='lat' dir='ltr'><strong>illum</strong></span> <span class='ocrx_word' id='word_1_614' title='bbox 2687 4213 2997 4282; x_wconf 78' lang='lat' dir='ltr'><strong>intelligere</strong></span> <span class='ocrx_word' id='word_1_615' title='bbox 3036 4221 3130 4264; x_wconf 90' lang='lat' dir='ltr'><strong>aut</strong></span> <span class='ocrx_word' id='word_1_616' title='bbox 3175 4210 3502 4280; x_wconf 87' lang='lat' dir='ltr'><strong>participare</strong></span> <span class='ocrx_word' id='word_1_617' title='bbox 3545 4219 3669 4264; x_wconf 83' lang='lat' dir='ltr'><strong>tan-</strong></span> 
     </span>
    </p>
   </div>
   <div class='ocr_carea' id='block_1_89' title="bbox 2095 4301 3656 4373">
    <p class='ocr_par' dir='ltr' id='par_1_89' title="bbox 2095 4301 3656 4373">
     <span class='ocr_line' id='line_1_89' title="bbox 2095 4301 3656 4373; baseline -0.004 -10"><span class='ocrx_word' id='word_1_618' title='bbox 2095 4318 2230 4373; x_wconf 88' lang='lat' dir='ltr'><strong>tmn,</strong></span> <span class='ocrx_word' id='word_1_619' title='bbox 2271 4306 2363 4362; x_wconf 89' lang='lat' dir='ltr'><strong>sed</strong></span> <span class='ocrx_word' id='word_1_620' title='bbox 2408 4305 2458 4362; x_wconf 86' lang='lat' dir='ltr'><strong>ei</strong></span> <span class='ocrx_word' id='word_1_621' title='bbox 2501 4305 2735 4360; x_wconf 87' lang='lat' dir='ltr'><strong>similem</strong></span> <span class='ocrx_word' id='word_1_622' title='bbox 2776 4303 2946 4358; x_wconf 86' lang='lat' dir='ltr'><strong>forma</strong></span> <span class='ocrx_word' id='word_1_623' title='bbox 2981 4302 3096 4356; x_wconf 90' lang='lat' dir='ltr'><strong>ﬁeri</strong></span> <span class='ocrx_word' id='word_1_624' title='bbox 3135 4303 3187 4356; x_wconf 86' lang='lat' dir='ltr'><strong>in</strong></span> <span class='ocrx_word' id='word_1_625' title='bbox 3223 4301 3406 4358; x_wconf 81' lang='lat' dir='ltr'><strong>futuro</strong></span> <span class='ocrx_word' id='word_1_626' title='bbox 3434 4303 3656 4358; x_wconf 75' lang='lat' dir='ltr'><strong>sacculo.</strong></span> 
     </span>
    </p>
   </div>
   <div class='ocr_carea' id='block_1_90' title="bbox 2093 4397 3672 4471">
    <p class='ocr_par' dir='ltr' id='par_1_90' title="bbox 2093 4397 3672 4471">
     <span class='ocr_line' id='line_1_90' title="bbox 2093 4397 3672 4471; baseline -0.005 -12"><span class='ocrx_word' id='word_1_627' title='bbox 2093 4404 2228 4458; x_wconf 84' lang='lat' dir='ltr'><strong>Nam</strong></span> <span class='ocrx_word' id='word_1_628' title='bbox 2255 4401 2344 4456; x_wconf 87' lang='lat' dir='ltr'><strong>hic</strong></span> <span class='ocrx_word' id='word_1_629' title='bbox 2377 4401 2597 4471; x_wconf 85' lang='lat' dir='ltr'><strong>quidem</strong></span> <span class='ocrx_word' id='word_1_630' title='bbox 2627 4399 2882 4462; x_wconf 83' lang='lat' dir='ltr'><strong>rationes,</strong></span> <span class='ocrx_word' id='word_1_631' title='bbox 2908 4399 3002 4454; x_wconf 86' lang='lat' dir='ltr'><strong>sed</strong></span> <span class='ocrx_word' id='word_1_632' title='bbox 3039 4398 3150 4453; x_wconf 88' lang='lat' dir='ltr'><strong>illic</strong></span> <span class='ocrx_word' id='word_1_633' title='bbox 3200 4411 3289 4452; x_wconf 89' lang='lat' dir='ltr'><strong>res</strong></span> <span class='ocrx_word' id='word_1_634' title='bbox 3339 4397 3489 4469; x_wconf 85' lang='lat' dir='ltr'><strong>ipsas</strong></span> <span class='ocrx_word' id='word_1_635' title='bbox 3554 4412 3672 4470; x_wconf 84' lang='lat' dir='ltr'><strong>my-</strong></span> 
     </span>
    </p>
   </div>
   <div class='ocr_carea' id='block_1_91' title="bbox 405 4491 1998 4572">
    <p class='ocr_par' dir='ltr' id='par_1_91' title="bbox 405 4499 1983 4572">
     <span class='ocr_line' id='line_1_91' title="bbox 405 4499 1983 4572; baseline -0.002 -19"><span class='ocrx_word' id='word_1_636' title='bbox 405 4502 546 4564; x_wconf 74' lang='grc' dir='ltr'>Τοὺς</span> <span class='ocrx_word' id='word_1_637' title='bbox 575 4503 674 4572; x_wconf 88' lang='grc' dir='ltr'><strong>μὲν</strong></span> <span class='ocrx_word' id='word_1_638' title='bbox 701 4503 810 4572; x_wconf 79' lang='grc' dir='ltr'>γὰρ</span> <span class='ocrx_word' id='word_1_639' title='bbox 830 4503 1018 4570; x_wconf 82' lang='grc' dir='ltr'>λόγους</span> <span class='ocrx_word' id='word_1_640' title='bbox 1069 4501 1304 4553; x_wconf 85' lang='grc' dir='ltr'>ἐνταῦθα</span> <span class='ocrx_word' id='word_1_641' title='bbox 1329 4542 1342 4565; x_wconf 90' lang='grc'><strong>,</strong></span> <span class='ocrx_word' id='word_1_642' title='bbox 1375 4501 1441 4553; x_wconf 86' lang='grc' dir='ltr'><strong>τὰ</strong></span> <span class='ocrx_word' id='word_1_643' title='bbox 1461 4499 1517 4552; x_wconf 86' lang='grc' dir='ltr'>δὲ</span> <span class='ocrx_word' id='word_1_644' title='bbox 1545 4502 1847 4570; x_wconf 76' lang='grc' dir='ltr'>πράγματα</span> <span class='ocrx_word' id='word_1_645' title='bbox 1875 4499 1983 4552; x_wconf 83' lang='grc' dir='ltr'><strong>τῶν</strong></span> 
     </span>
    </p>
   </div>
   <div class='ocr_carea' id='block_1_92' title="bbox 2110 4491 3290 4572">
    <p class='ocr_par' dir='ltr' id='par_1_92' title="bbox 2110 4491 3290 4562">
     <span class='ocr_line' id='line_1_92' title="bbox 2110 4491 3290 4562; baseline -0.005 -12"><span class='ocrx_word' id='word_1_646' title='bbox 2110 4496 2384 4552; x_wconf 72' lang='grc' dir='ltr'>ιιετίοτιιιιι</span> <span class='ocrx_word' id='word_1_647' title='bbox 2411 4507 2510 4549; x_wconf 86' lang='lat' dir='ltr'><strong>nos</strong></span> <span class='ocrx_word' id='word_1_648' title='bbox 2531 4491 2964 4562; x_wconf 85' lang='lat' dir='ltr'><strong>apprehensuros</strong></span> <span class='ocrx_word' id='word_1_649' title='bbox 2987 4505 3290 4559; x_wconf 86' lang='lat' dir='ltr'><strong>speramus.</strong></span> 
     </span>
    </p>
   </div>
   <div class='ocr_carea' id='block_1_93' title="bbox 407 4591 1606 4664">
    <p class='ocr_par' dir='ltr' id='par_1_93' title="bbox 407 4591 1606 4664">
     <span class='ocr_line' id='line_1_93' title="bbox 407 4591 1606 4664; baseline -0.002 -18"><span class='ocrx_word' id='word_1_650' title='bbox 407 4593 721 4664; x_wconf 85' lang='grc' dir='ltr'>μυστηρίων</span> <span class='ocrx_word' id='word_1_651' title='bbox 755 4596 928 4646; x_wconf 74' lang='grc' dir='ltr'>ἐκεῖσε</span> <span class='ocrx_word' id='word_1_652' title='bbox 963 4593 1258 4646; x_wconf 74' lang='grc' dir='ltr'>ἀπολαϐεῖν</span> <span class='ocrx_word' id='word_1_653' title='bbox 1294 4591 1606 4661; x_wconf 79' lang='grc' dir='ltr'>ἐλπίζομεν.</span> 
     </span>
    </p>
   </div>
   <div class='ocr_carea' id='block_1_94' title="bbox 479 4681 1979 4757">
    <p class='ocr_par' dir='ltr' id='par_1_94' title="bbox 479 4681 1979 4757">
     <span class='ocr_line' id='line_1_94' title="bbox 479 4681 1979 4757; baseline -0.003 -19"><span class='ocrx_word' id='word_1_654' title='bbox 479 4693 603 4754; x_wconf 86' lang='grc' dir='ltr'>ριγ’.</span> <span class='ocrx_word' id='word_1_655' title='bbox 641 4687 919 4757; x_wconf 80' lang='grc' dir='ltr'>Προσευχή</span> <span class='ocrx_word' id='word_1_656' title='bbox 948 4687 1082 4749; x_wconf 80' lang='grc' dir='ltr'>ἐστι,</span> <span class='ocrx_word' id='word_1_657' title='bbox 1119 4686 1269 4755; x_wconf 83' lang='grc' dir='ltr'><strong>παρὰ</strong></span> <span class='ocrx_word' id='word_1_658' title='bbox 1301 4685 1399 4753; x_wconf 80' lang='grc' dir='ltr'>μὲν</span> <span class='ocrx_word' id='word_1_659' title='bbox 1429 4686 1538 4745; x_wconf 86' lang='grc' dir='ltr'>τοῖς</span> <span class='ocrx_word' id='word_1_660' title='bbox 1569 4681 1872 4754; x_wconf 82' lang='grc' dir='ltr'>ἀρχαρίοις,</span> <span class='ocrx_word' id='word_1_661' title='bbox 1904 4681 1979 4743; x_wconf 86' lang='grc' dir='ltr'>ὡς</span> 
     </span>
    </p>
   </div>
   <div class='ocr_carea' id='block_1_95' title="bbox 295 4775 1979 4850">
    <p class='ocr_par' dir='ltr' id='par_1_95' title="bbox 295 4775 1979 4850">
     <span class='ocr_line' id='line_1_95' title="bbox 295 4775 1979 4850; baseline -0.004 -19"><span class='ocrx_word' id='word_1_662' title='bbox 295 4801 319 4824; x_wconf 75' lang='grc' dir='ltr'><strong>ο</strong></span> <span class='ocrx_word' id='word_1_663' title='bbox 402 4779 516 4850; x_wconf 86' lang='grc' dir='ltr'><strong>πῦρ</strong></span> <span class='ocrx_word' id='word_1_664' title='bbox 558 4777 896 4847; x_wconf 74' lang='grc' dir='ltr'>εὐφροσύνης</span> <span class='ocrx_word' id='word_1_665' title='bbox 945 4778 1052 4830; x_wconf 81' lang='grc' dir='ltr'>ἀπὸ</span> <span class='ocrx_word' id='word_1_666' title='bbox 1097 4779 1320 4846; x_wconf 85' lang='grc' dir='ltr'>καρδίας</span> <span class='ocrx_word' id='word_1_667' title='bbox 1366 4775 1786 4846; x_wconf 77' lang='grc' dir='ltr'>ἀναδιδόμενον·</span> <span class='ocrx_word' id='word_1_668' title='bbox 1830 4775 1979 4845; x_wconf 80' lang='grc' dir='ltr'>παρὰ</span> 
     </span>
    </p>
   </div>
   <div class='ocr_carea' id='block_1_96' title="bbox 401 4866 1974 4937">
    <p class='ocr_par' dir='ltr' id='par_1_96' title="bbox 401 4866 1974 4937">
     <span class='ocr_line' id='line_1_96' title="bbox 401 4866 1974 4937; baseline -0.001 -16"><span class='ocrx_word' id='word_1_669' title='bbox 401 4871 459 4922; x_wconf 81' lang='grc' dir='ltr'>δὲ</span> <span class='ocrx_word' id='word_1_670' title='bbox 490 4871 598 4931; x_wconf 87' lang='grc' dir='ltr'>τοῖς</span> <span class='ocrx_word' id='word_1_671' title='bbox 640 4869 902 4934; x_wconf 84' lang='grc' dir='ltr'>τελείοις,</span> <span class='ocrx_word' id='word_1_672' title='bbox 949 4869 1025 4930; x_wconf 88' lang='grc' dir='ltr'>ὼς</span> <span class='ocrx_word' id='word_1_673' title='bbox 1061 4869 1176 4936; x_wconf 85' lang='grc' dir='ltr'>φῶς</span> <span class='ocrx_word' id='word_1_674' title='bbox 1229 4868 1522 4931; x_wconf 81' lang='grc' dir='ltr'>εὑωδιάζον</span> <span class='ocrx_word' id='word_1_675' title='bbox 1562 4866 1974 4937; x_wconf 84' lang='grc' dir='ltr'>ὲνεργούμενον.</span> 
     </span>
    </p>
   </div>
   <div class='ocr_carea' id='block_1_97' title="bbox 407 4959 1974 5031">
    <p class='ocr_par' dir='ltr' id='par_1_97' title="bbox 407 4959 1974 5031">
     <span class='ocr_line' id='line_1_97' title="bbox 407 4959 1974 5031; baseline -0.002 -18"><span class='ocrx_word' id='word_1_676' title='bbox 407 4962 479 5013; x_wconf 87' lang='grc' dir='ltr'><strong>Ἦ</strong></span> <span class='ocrx_word' id='word_1_677' title='bbox 533 4960 727 5014; x_wconf 84' lang='grc' dir='ltr'>πάλιν·</span> <span class='ocrx_word' id='word_1_678' title='bbox 767 4961 1047 5031; x_wconf 75' lang='grc' dir='ltr'>προσευχὴ</span> <span class='ocrx_word' id='word_1_679' title='bbox 1098 4961 1244 5012; x_wconf 84' lang='grc' dir='ltr'>ἐστιν</span> <span class='ocrx_word' id='word_1_680' title='bbox 1315 4959 1628 5012; x_wconf 86' lang='grc' dir='ltr'>ἀποστόλων</span> <span class='ocrx_word' id='word_1_681' title='bbox 1677 4960 1974 5029; x_wconf 90' lang='grc' dir='ltr'>κήρυγμα·</span> 
     </span>
    </p>
   </div>
   <div class='ocr_carea' id='block_1_98' title="bbox 399 5051 1976 5124">
    <p class='ocr_par' dir='ltr' id='par_1_98' title="bbox 399 5051 1976 5124">
     <span class='ocr_line' id='line_1_98' title="bbox 399 5051 1976 5124; baseline -0.002 -19"><span class='ocrx_word' id='word_1_682' title='bbox 399 5054 637 5115; x_wconf 86' lang='grc' dir='ltr'>πίστεως</span> <span class='ocrx_word' id='word_1_683' title='bbox 669 5053 921 5124; x_wconf 80' lang='grc' dir='ltr'>ἐνέργεια</span> <span class='ocrx_word' id='word_1_684' title='bbox 943 5068 957 5083; x_wconf 92' lang='grc'><strong>·</strong></span> <span class='ocrx_word' id='word_1_685' title='bbox 995 5051 1196 5122; x_wconf 84' lang='grc' dir='ltr'>μᾶλλον</span> <span class='ocrx_word' id='word_1_686' title='bbox 1221 5051 1298 5116; x_wconf 84' lang='grc' dir='ltr'>δὲ,</span> <span class='ocrx_word' id='word_1_687' title='bbox 1338 5051 1522 5114; x_wconf 86' lang='grc' dir='ltr'>πίστις</span> <span class='ocrx_word' id='word_1_688' title='bbox 1559 5051 1762 5122; x_wconf 75' lang='grc' dir='ltr'>ἅμεσος</span> <span class='ocrx_word' id='word_1_689' title='bbox 1783 5068 1796 5082; x_wconf 92' lang='grc'><strong>·</strong></span> <span class='ocrx_word' id='word_1_690' title='bbox 1822 5051 1976 5102; x_wconf 79' lang='grc' dir='ltr'>ἑλπιο</span> 
     </span>
    </p>
   </div>
   <div class='ocr_carea' id='block_1_99' title="bbox 397 5143 1972 5216">
    <p class='ocr_par' dir='ltr' id='par_1_99' title="bbox 397 5143 1972 5216">
     <span class='ocr_line' id='line_1_99' title="bbox 397 5143 1972 5216; baseline -0.001 -18"><span class='ocrx_word' id='word_1_691' title='bbox 397 5145 643 5216; x_wconf 78' lang='grc' dir='ltr'>ζομένων</span> <span class='ocrx_word' id='word_1_692' title='bbox 670 5146 968 5208; x_wconf 82' lang='grc' dir='ltr'>ὑπόστασις</span> <span class='ocrx_word' id='word_1_693' title='bbox 986 5162 1000 5176; x_wconf 98' lang='grc'><strong>·</strong></span> <span class='ocrx_word' id='word_1_694' title='bbox 1033 5145 1397 5216; x_wconf 76' lang='grc' dir='ltr'>ἐνεργουμένη</span> <span class='ocrx_word' id='word_1_695' title='bbox 1433 5145 1624 5216; x_wconf 80' lang='grc' dir='ltr'>ἀγάπη</span> <span class='ocrx_word' id='word_1_696' title='bbox 1649 5159 1665 5175; x_wconf 84' lang='grc'>⁶</span> <span class='ocrx_word' id='word_1_697' title='bbox 1709 5143 1972 5213; x_wconf 83' lang='grc' dir='ltr'>ἀγγελικὴ</span> 
     </span>
    </p>
   </div>
   <div class='ocr_carea' id='block_1_100' title="bbox 401 5225 1976 5301">
    <p class='ocr_par' dir='ltr' id='par_1_100' title="bbox 401 5225 1976 5301">
     <span class='ocr_line' id='line_1_100' title="bbox 401 5225 1976 5301; baseline -0.003 -17"><span class='ocrx_word' id='word_1_698' title='bbox 401 5233 620 5301; x_wconf 82' lang='grc' dir='ltr'>κίνησις</span> <span class='ocrx_word' id='word_1_699' title='bbox 645 5245 659 5260; x_wconf 87' lang='grc'><strong>·</strong></span> <span class='ocrx_word' id='word_1_700' title='bbox 693 5229 922 5296; x_wconf 86' lang='grc' dir='ltr'>δύναμις</span> <span class='ocrx_word' id='word_1_701' title='bbox 960 5227 1266 5293; x_wconf 77' lang='grc' dir='ltr'>ἀσωμάτων</span> <span class='ocrx_word' id='word_1_702' title='bbox 1288 5243 1301 5256; x_wconf 87' lang='grc'><em>’</em></span> <span class='ocrx_word' id='word_1_703' title='bbox 1351 5225 1511 5294; x_wconf 82' lang='grc' dir='ltr'>ἔργον</span> <span class='ocrx_word' id='word_1_704' title='bbox 1550 5229 1642 5277; x_wconf 81' lang='grc' dir='ltr'><strong>καὶ</strong></span> <span class='ocrx_word' id='word_1_705' title='bbox 1671 5227 1976 5296; x_wconf 82' lang='grc' dir='ltr'>εὐφροσύνη</span> 
     </span>
    </p>
   </div>
   <div class='ocr_carea' id='block_1_101' title="bbox 405 5314 1976 5387">
    <p class='ocr_par' dir='ltr' id='par_1_101' title="bbox 405 5314 1976 5387">
     <span class='ocr_line' id='line_1_101' title="bbox 405 5314 1976 5387; baseline -0.003 -13"><span class='ocrx_word' id='word_1_706' title='bbox 405 5321 627 5375; x_wconf 72' lang='grc' dir='ltr'>αὑτῶν·</span> <span class='ocrx_word' id='word_1_707' title='bbox 689 5317 1020 5386; x_wconf 81' lang='grc' dir='ltr'>Εὑαγγέλιον</span> <span class='ocrx_word' id='word_1_708' title='bbox 1085 5314 1257 5366; x_wconf 83' lang='grc' dir='ltr'>Θεοῦ·</span> <span class='ocrx_word' id='word_1_709' title='bbox 1314 5315 1660 5384; x_wconf 84' lang='grc' dir='ltr'>πληροφορία</span> <span class='ocrx_word' id='word_1_710' title='bbox 1711 5317 1976 5387; x_wconf 86' lang='grc' dir='ltr'>καρδίας·</span> 
     </span>
    </p>
   </div>
   <div class='ocr_carea' id='block_1_102' title="bbox 409 5407 1985 5485">
    <p class='ocr_par' dir='ltr' id='par_1_102' title="bbox 409 5407 1985 5485">
     <span class='ocr_line' id='line_1_102' title="bbox 409 5407 1985 5485; baseline -0.004 -18"><span class='ocrx_word' id='word_1_711' title='bbox 409 5414 685 5485; x_wconf 81' lang='grc' dir='ltr'>σωτηρίας</span> <span class='ocrx_word' id='word_1_712' title='bbox 722 5411 877 5474; x_wconf 85' lang='grc' dir='ltr'>ἐλπίς</span> <span class='ocrx_word' id='word_1_713' title='bbox 898 5425 914 5441; x_wconf 95' lang='grc'><strong>·</strong></span> <span class='ocrx_word' id='word_1_714' title='bbox 941 5407 1206 5477; x_wconf 82' lang='grc' dir='ltr'>ἁγνισμοῦ</span> <span class='ocrx_word' id='word_1_715' title='bbox 1238 5411 1463 5477; x_wconf 85' lang='grc' dir='ltr'>σημεῖον</span> <span class='ocrx_word' id='word_1_716' title='bbox 1530 5409 1814 5480; x_wconf 81' lang='grc' dir='ltr'>ἁγιότητος</span> <span class='ocrx_word' id='word_1_717' title='bbox 1843 5409 1985 5478; x_wconf 89' lang='grc' dir='ltr'>σύμ-</span> 
     </span>
    </p>
   </div>
   <div class='ocr_carea' id='block_1_103' title="bbox 413 5501 1981 5572">
    <p class='ocr_par' dir='ltr' id='par_1_103' title="bbox 413 5501 1981 5572">
     <span class='ocr_line' id='line_1_103' title="bbox 413 5501 1981 5572; baseline -0.001 -14"><span class='ocrx_word' id='word_1_718' title='bbox 413 5507 600 5560; x_wconf 74' lang='grc' dir='ltr'>ϐολον·</span> <span class='ocrx_word' id='word_1_719' title='bbox 651 5504 786 5558; x_wconf 89' lang='grc' dir='ltr'>Θεοῦ</span> <span class='ocrx_word' id='word_1_720' title='bbox 827 5502 1155 5571; x_wconf 85' lang='grc' dir='ltr'>ἐπίγνωσις·</span> <span class='ocrx_word' id='word_1_721' title='bbox 1211 5501 1588 5570; x_wconf 85' lang='grc' dir='ltr'>βαπτίσματος</span> <span class='ocrx_word' id='word_1_722' title='bbox 1640 5502 1981 5572; x_wconf 85' lang='grc' dir='ltr'>φανέρωσις·</span> 
     </span>
    </p>
   </div>
   <div class='ocr_carea' id='block_1_104' title="bbox 415 5589 1991 5666">
    <p class='ocr_par' dir='ltr' id='par_1_104' title="bbox 415 5589 1991 5666">
     <span class='ocr_line' id='line_1_104' title="bbox 415 5589 1991 5666; baseline -0.004 -17"><span class='ocrx_word' id='word_1_723' title='bbox 415 5595 641 5666; x_wconf 86' lang='grc' dir='ltr'>λουτροῦ</span> <span class='ocrx_word' id='word_1_724' title='bbox 681 5593 982 5664; x_wconf 81' lang='grc' dir='ltr'>κάθαρσις·</span> <span class='ocrx_word' id='word_1_725' title='bbox 1033 5590 1348 5660; x_wconf 86' lang='grc' dir='ltr'>Πνεύματος</span> <span class='ocrx_word' id='word_1_726' title='bbox 1394 5590 1551 5657; x_wconf 86' lang='grc' dir='ltr'>ἁγίου</span> <span class='ocrx_word' id='word_1_727' title='bbox 1593 5589 1890 5661; x_wconf 72' lang='grc' dir='ltr'>ἀρραϐών·</span> <span class='ocrx_word' id='word_1_728' title='bbox 1927 5591 1991 5643; x_wconf 81' lang='grc' dir='ltr'><strong>τὸ</strong></span> 
     </span>
    </p>
   </div>
   <div class='ocr_carea' id='block_1_105' title="bbox 418 5682 1991 5756">
    <p class='ocr_par' dir='ltr' id='par_1_105' title="bbox 418 5682 1991 5756">
     <span class='ocr_line' id='line_1_105' title="bbox 418 5682 1991 5756; baseline -0.003 -15"><span class='ocrx_word' id='word_1_729' title='bbox 418 5689 510 5742; x_wconf 87' lang='grc' dir='ltr'><strong>τοῦ</strong></span> <span class='ocrx_word' id='word_1_730' title='bbox 585 5685 754 5756; x_wconf 83' lang='grc' dir='ltr'>Ἰησοῦ</span> <span class='ocrx_word' id='word_1_731' title='bbox 808 5685 1161 5754; x_wconf 78' lang='grc' dir='ltr'>ἁγαλλίαμα·</span> <span class='ocrx_word' id='word_1_732' title='bbox 1218 5682 1530 5752; x_wconf 73' lang='grc' dir='ltr'>εὐφροσύνη</span> <span class='ocrx_word' id='word_1_733' title='bbox 1577 5682 1786 5752; x_wconf 82' lang='grc' dir='ltr'>ψυχῆς·</span> <span class='ocrx_word' id='word_1_734' title='bbox 1843 5683 1991 5746; x_wconf 79' lang='grc' dir='ltr'>ἔλεος</span> 
     </span>
    </p>
   </div>
   <div class='ocr_carea' id='block_1_106' title="bbox 419 5772 1991 5844">
    <p class='ocr_par' dir='ltr' id='par_1_106' title="bbox 419 5772 1991 5844">
     <span class='ocr_line' id='line_1_106' title="bbox 419 5772 1991 5844; baseline -0.001 -16"><span class='ocrx_word' id='word_1_735' title='bbox 419 5776 554 5829; x_wconf 83' lang='grc' dir='ltr'>Θεοῦ</span> <span class='ocrx_word' id='word_1_736' title='bbox 584 5792 592 5802; x_wconf 86' lang='grc'><strong>’</strong></span> <span class='ocrx_word' id='word_1_737' title='bbox 624 5775 966 5841; x_wconf 74' lang='grc' dir='ltr'>καταλλαγῆς</span> <span class='ocrx_word' id='word_1_738' title='bbox 995 5775 1249 5841; x_wconf 84' lang='grc' dir='ltr'>σημεῖον·</span> <span class='ocrx_word' id='word_1_739' title='bbox 1279 5772 1513 5842; x_wconf 84' lang='grc' dir='ltr'>Χριστοῦ</span> <span class='ocrx_word' id='word_1_740' title='bbox 1545 5775 1803 5844; x_wconf 85' lang='grc' dir='ltr'>σφραγίς·</span> <span class='ocrx_word' id='word_1_741' title='bbox 1834 5775 1991 5838; x_wconf 65' lang='grc' dir='ltr'>ἀκτὶς</span> 
     </span>
    </p>
   </div>
   <div class='ocr_carea' id='block_1_107' title="bbox 2165 4655 3672 4738">
    <p class='ocr_par' dir='ltr' id='par_1_107' title="bbox 2165 4655 3672 4738">
     <span class='ocr_line' id='line_1_107' title="bbox 2165 4655 3672 4738; baseline 0 -18"><span class='ocrx_word' id='word_1_742' title='bbox 2165 4669 2298 4723; x_wconf 77' lang='grc'><strong>115.</strong></span> <span class='ocrx_word' id='word_1_743' title='bbox 2330 4667 2518 4723; x_wconf 90' lang='lat' dir='ltr'><strong>Oratio</strong></span> <span class='ocrx_word' id='word_1_744' title='bbox 2569 4677 2652 4722; x_wconf 87' lang='lat' dir='ltr'><strong>est</strong></span> <span class='ocrx_word' id='word_1_745' title='bbox 2697 4668 3084 4738; x_wconf 87' lang='lat' dir='ltr'><strong>incipientibus</strong></span> <span class='ocrx_word' id='word_1_746' title='bbox 3107 4671 3248 4722; x_wconf 83' lang='lat' dir='ltr'><strong>velut</strong></span> <span class='ocrx_word' id='word_1_747' title='bbox 3287 4668 3427 4737; x_wconf 76' lang='lat' dir='ltr'><strong>ignis</strong></span> <span class='ocrx_word' id='word_1_748' title='bbox 3471 4655 3672 4722; x_wconf 63' lang='lat' dir='ltr'><strong>laetitia)</strong></span> 
     </span>
    </p>
   </div>
   <div class='ocr_carea' id='block_1_108' title="bbox 2091 4756 3653 4826">
    <p class='ocr_par' dir='ltr' id='par_1_108' title="bbox 2091 4756 3653 4826">
     <span class='ocr_line' id='line_1_108' title="bbox 2091 4756 3653 4826; baseline -0.001 -15"><span class='ocrx_word' id='word_1_749' title='bbox 2091 4759 2157 4813; x_wconf 90' lang='lat' dir='ltr'><strong>de</strong></span> <span class='ocrx_word' id='word_1_750' title='bbox 2190 4759 2355 4813; x_wconf 90' lang='lat' dir='ltr'><strong>corde</strong></span> <span class='ocrx_word' id='word_1_751' title='bbox 2385 4760 2648 4821; x_wconf 86' lang='lat' dir='ltr'><strong>emicans,</strong></span> <span class='ocrx_word' id='word_1_752' title='bbox 2679 4757 2935 4826; x_wconf 74' lang='lat' dir='ltr'><strong>perfectis</strong></span> <span class='ocrx_word' id='word_1_753' title='bbox 2961 4773 3088 4810; x_wconf 84' lang='lat' dir='ltr'><strong>vero</strong></span> <span class='ocrx_word' id='word_1_754' title='bbox 3124 4757 3276 4824; x_wconf 89' lang='lat' dir='ltr'><strong>quasi</strong></span> <span class='ocrx_word' id='word_1_755' title='bbox 3306 4756 3398 4810; x_wconf 79' lang='lat' dir='ltr'><strong>lux</strong></span> <span class='ocrx_word' id='word_1_756' title='bbox 3427 4771 3653 4811; x_wconf 88' lang='lat' dir='ltr'><strong>suavem</strong></span> 
     </span>
    </p>
   </div>
   <div class='ocr_carea' id='block_1_109' title="bbox 2089 4847 3667 4916">
    <p class='ocr_par' dir='ltr' id='par_1_109' title="bbox 2089 4847 3667 4916">
     <span class='ocr_line' id='line_1_109' title="bbox 2089 4847 3667 4916; baseline -0.003 -11"><span class='ocrx_word' id='word_1_757' title='bbox 2089 4851 2329 4906; x_wconf 78' lang='lat' dir='ltr'><strong>fundens</strong></span> <span class='ocrx_word' id='word_1_758' title='bbox 2359 4853 2607 4906; x_wconf 87' lang='lat' dir='ltr'><strong>odorem.</strong></span> <span class='ocrx_word' id='word_1_759' title='bbox 2645 4848 2737 4904; x_wconf 86' lang='lat' dir='ltr'><strong>Vel</strong></span> <span class='ocrx_word' id='word_1_760' title='bbox 2776 4851 2956 4904; x_wconf 88' lang='lat' dir='ltr'><strong>adlmc</strong></span> <span class='ocrx_word' id='word_1_761' title='bbox 2977 4850 3157 4903; x_wconf 90' lang='lat' dir='ltr'><strong>oratio</strong></span> <span class='ocrx_word' id='word_1_762' title='bbox 3175 4858 3258 4903; x_wconf 91' lang='lat' dir='ltr'><strong>est</strong></span> <span class='ocrx_word' id='word_1_763' title='bbox 3289 4847 3667 4916; x_wconf 82' lang='lat' dir='ltr'><strong>Apostolorum</strong></span> 
     </span>
    </p>
   </div>
   <div class='ocr_carea' id='block_1_110' title="bbox 2091 4938 3667 5013">
    <p class='ocr_par' dir='ltr' id='par_1_110' title="bbox 2091 4938 3667 5013">
     <span class='ocr_line' id='line_1_110' title="bbox 2091 4938 3667 5013; baseline -0.002 -17"><span class='ocrx_word' id='word_1_764' title='bbox 2091 4942 2422 5013; x_wconf 64' lang='lat' dir='ltr'><strong>praedicatio,</strong></span> <span class='ocrx_word' id='word_1_765' title='bbox 2457 4942 2580 4996; x_wconf 89' lang='lat' dir='ltr'><strong>ﬁdei</strong></span> <span class='ocrx_word' id='word_1_766' title='bbox 2624 4941 2887 5012; x_wconf 80' lang='lat' dir='ltr'><strong>Operatio,</strong></span> <span class='ocrx_word' id='word_1_767' title='bbox 2924 4955 3020 4995; x_wconf 89' lang='lat' dir='ltr'><strong>seu</strong></span> <span class='ocrx_word' id='word_1_768' title='bbox 3050 4941 3232 5010; x_wconf 88' lang='lat' dir='ltr'><strong>potius</strong></span> <span class='ocrx_word' id='word_1_769' title='bbox 3299 4938 3434 4993; x_wconf 89' lang='lat' dir='ltr'><strong>ﬁdes</strong></span> <span class='ocrx_word' id='word_1_770' title='bbox 3474 4940 3667 4993; x_wconf 80' lang='lat' dir='ltr'><strong>imme-</strong></span> 
     </span>
    </p>
   </div>
   <div class='ocr_carea' id='block_1_111' title="bbox 2090 5027 3666 5100">
    <p class='ocr_par' dir='ltr' id='par_1_111' title="bbox 2090 5027 3666 5100">
     <span class='ocr_line' id='line_1_111' title="bbox 2090 5027 3666 5100; baseline -0.004 -14"><span class='ocrx_word' id='word_1_771' title='bbox 2090 5033 2258 5093; x_wconf 89' lang='lat' dir='ltr'><strong>diata.</strong></span> <span class='ocrx_word' id='word_1_772' title='bbox 2289 5031 2680 5100; x_wconf 86' lang='lat' dir='ltr'><strong>sperandarum</strong></span> <span class='ocrx_word' id='word_1_773' title='bbox 2713 5030 3022 5085; x_wconf 90' lang='lat' dir='ltr'><strong>substantia</strong></span> <span class='ocrx_word' id='word_1_774' title='bbox 3053 5045 3260 5095; x_wconf 90' lang='lat' dir='ltr'><strong>rerum,</strong></span> <span class='ocrx_word' id='word_1_775' title='bbox 3297 5027 3540 5083; x_wconf 89' lang='lat' dir='ltr'><strong>cbaritas</strong></span> <span class='ocrx_word' id='word_1_776' title='bbox 3561 5027 3666 5081; x_wconf 88' lang='lat' dir='ltr'><strong>for-</strong></span> 
     </span>
    </p>
   </div>
   <div class='ocr_carea' id='block_1_112' title="bbox 2090 5121 3666 5193">
    <p class='ocr_par' dir='ltr' id='par_1_112' title="bbox 2090 5121 3666 5193">
     <span class='ocr_line' id='line_1_112' title="bbox 2090 5121 3666 5193; baseline -0.004 -13"><span class='ocrx_word' id='word_1_777' title='bbox 2090 5135 2259 5192; x_wconf 81' lang='lat' dir='ltr'><strong>mata,</strong></span> <span class='ocrx_word' id='word_1_778' title='bbox 2287 5133 2463 5180; x_wconf 85' lang='lat' dir='ltr'><strong>motus</strong></span> <span class='ocrx_word' id='word_1_779' title='bbox 2506 5125 2812 5193; x_wconf 76' lang='lat' dir='ltr'><strong>angelicus,</strong></span> <span class='ocrx_word' id='word_1_780' title='bbox 2848 5121 3268 5192; x_wconf 90' lang='lat' dir='ltr'><strong>incorporalium</strong></span> <span class='ocrx_word' id='word_1_781' title='bbox 3307 5121 3500 5184; x_wconf 86' lang='lat' dir='ltr'><strong>virtus,</strong></span> <span class='ocrx_word' id='word_1_782' title='bbox 3530 5133 3666 5188; x_wconf 82' lang='lat' dir='ltr'><strong>Opus</strong></span> 
     </span>
    </p>
   </div>
   <div class='ocr_carea' id='block_1_113' title="bbox 2089 5215 3661 5288">
    <p class='ocr_par' dir='ltr' id='par_1_113' title="bbox 2089 5215 3661 5288">
     <span class='ocr_line' id='line_1_113' title="bbox 2089 5215 3661 5288; baseline -0.004 -15"><span class='ocrx_word' id='word_1_783' title='bbox 2089 5228 2145 5272; x_wconf 85' lang='lat' dir='ltr'><strong>et</strong></span> <span class='ocrx_word' id='word_1_784' title='bbox 2192 5219 2473 5288; x_wconf 76' lang='lat' dir='ltr'><strong>gaudium,</strong></span> <span class='ocrx_word' id='word_1_785' title='bbox 2502 5215 2860 5286; x_wconf 75' lang='lat' dir='ltr'><strong>Evangelium</strong></span> <span class='ocrx_word' id='word_1_786' title='bbox 2911 5215 3028 5279; x_wconf 91' lang='lat' dir='ltr'><strong>Dei,</strong></span> <span class='ocrx_word' id='word_1_787' title='bbox 3069 5215 3264 5269; x_wconf 85' lang='lat' dir='ltr'><strong>fiducia</strong></span> <span class='ocrx_word' id='word_1_788' title='bbox 3300 5215 3500 5278; x_wconf 89' lang='lat' dir='ltr'><strong>cordis,</strong></span> <span class='ocrx_word' id='word_1_789' title='bbox 3533 5228 3661 5282; x_wconf 90' lang='lat' dir='ltr'><strong>spes</strong></span> 
     </span>
    </p>
   </div>
   <div class='ocr_carea' id='block_1_114' title="bbox 2089 5305 3661 5379">
    <p class='ocr_par' dir='ltr' id='par_1_114' title="bbox 2089 5305 3661 5379">
     <span class='ocr_line' id='line_1_114' title="bbox 2089 5305 3661 5379; baseline -0.006 -14"><span class='ocrx_word' id='word_1_790' title='bbox 2089 5311 2303 5376; x_wconf 84' lang='lat' dir='ltr'><strong>salutis,</strong></span> <span class='ocrx_word' id='word_1_791' title='bbox 2361 5307 2614 5379; x_wconf 85' lang='lat' dir='ltr'><strong>puritatis</strong></span> <span class='ocrx_word' id='word_1_792' title='bbox 2670 5309 2906 5377; x_wconf 77' lang='lat' dir='ltr'><strong>signum,</strong></span> <span class='ocrx_word' id='word_1_793' title='bbox 2963 5307 3269 5376; x_wconf 82' lang='lat' dir='ltr'><strong>symbolum</strong></span> <span class='ocrx_word' id='word_1_794' title='bbox 3329 5305 3661 5370; x_wconf 81' lang='lat' dir='ltr'><strong>sanctitatis,</strong></span> 
     </span>
    </p>
   </div>
   <div class='ocr_carea' id='block_1_115' title="bbox 2089 5397 3660 5470">
    <p class='ocr_par' dir='ltr' id='par_1_115' title="bbox 2089 5397 3660 5470">
     <span class='ocr_line' id='line_1_115' title="bbox 2089 5397 3660 5470; baseline -0.006 -13"><span class='ocrx_word' id='word_1_795' title='bbox 2089 5401 2184 5457; x_wconf 89' lang='lat' dir='ltr'><strong>Dei</strong></span> <span class='ocrx_word' id='word_1_796' title='bbox 2215 5400 2479 5470; x_wconf 77' lang='lat' dir='ltr'><strong>cognitio,</strong></span> <span class='ocrx_word' id='word_1_797' title='bbox 2510 5399 2794 5453; x_wconf 91' lang='lat' dir='ltr'><strong>character</strong></span> <span class='ocrx_word' id='word_1_798' title='bbox 2819 5397 3180 5467; x_wconf 87' lang='lat' dir='ltr'><strong>baptismatis,</strong></span> <span class='ocrx_word' id='word_1_799' title='bbox 3208 5397 3480 5449; x_wconf 62' lang='lat' dir='ltr'><strong>lavacrum</strong></span> <span class='ocrx_word' id='word_1_800' title='bbox 3505 5410 3660 5448; x_wconf 84' lang='lat' dir='ltr'><strong>mun-</strong></span> 
     </span>
    </p>
   </div>
   <div class='ocr_carea' id='block_1_116' title="bbox 2091 5486 3658 5563">
    <p class='ocr_par' dir='ltr' id='par_1_116' title="bbox 2091 5486 3658 5563">
     <span class='ocr_line' id='line_1_116' title="bbox 2091 5486 3658 5563; baseline -0.008 -13"><span class='ocrx_word' id='word_1_801' title='bbox 2091 5497 2260 5560; x_wconf 86' lang='lat' dir='ltr'><strong>daos;</strong></span> <span class='ocrx_word' id='word_1_802' title='bbox 2311 5493 2504 5563; x_wconf 78' lang='lat' dir='ltr'><strong>pignus</strong></span> <span class='ocrx_word' id='word_1_803' title='bbox 2550 5490 2788 5562; x_wconf 88' lang='lat' dir='ltr'><strong>Spiritus</strong></span> <span class='ocrx_word' id='word_1_804' title='bbox 2850 5491 3053 5556; x_wconf 78' lang='lat' dir='ltr'><strong>sancti,</strong></span> <span class='ocrx_word' id='word_1_805' title='bbox 3101 5487 3305 5544; x_wconf 81' lang='lat' dir='ltr'><strong>Christi</strong></span> <span class='ocrx_word' id='word_1_806' title='bbox 3334 5486 3658 5555; x_wconf 79' lang='lat' dir='ltr'><strong>exsultatio,</strong></span> 
     </span>
    </p>
   </div>
   <div class='ocr_carea' id='block_1_117' title="bbox 2091 5579 3658 5652">
    <p class='ocr_par' dir='ltr' id='par_1_117' title="bbox 2091 5579 3658 5652">
     <span class='ocr_line' id='line_1_117' title="bbox 2091 5579 3658 5652; baseline -0.006 -9"><span class='ocrx_word' id='word_1_807' title='bbox 2091 5589 2272 5644; x_wconf 70' lang='lat' dir='ltr'><strong>laetitia</strong></span> <span class='ocrx_word' id='word_1_808' title='bbox 2295 5589 2509 5651; x_wconf 67' lang='lat' dir='ltr'><strong>animae,</strong></span> <span class='ocrx_word' id='word_1_809' title='bbox 2536 5587 2628 5642; x_wconf 91' lang='lat' dir='ltr'><strong>Dei</strong></span> <span class='ocrx_word' id='word_1_810' title='bbox 2660 5585 3055 5652; x_wconf 83' lang='lat' dir='ltr'><strong>misericordia,</strong></span> <span class='ocrx_word' id='word_1_811' title='bbox 3085 5583 3300 5652; x_wconf 80' lang='lat' dir='ltr'><strong>signum</strong></span> <span class='ocrx_word' id='word_1_812' title='bbox 3333 5579 3658 5636; x_wconf 86' lang='lat' dir='ltr'><strong>reconcilia-</strong></span> 
     </span>
    </p>
   </div>
   <div class='ocr_carea' id='block_1_118' title="bbox 2093 5675 3656 5749">
    <p class='ocr_par' dir='ltr' id='par_1_118' title="bbox 2093 5675 3656 5749">
     <span class='ocr_line' id='line_1_118' title="bbox 2093 5675 3656 5749; baseline -0.005 -12"><span class='ocrx_word' id='word_1_813' title='bbox 2093 5683 2276 5748; x_wconf 89' lang='lat' dir='ltr'><strong>tionis,</strong></span> <span class='ocrx_word' id='word_1_814' title='bbox 2311 5681 2545 5749; x_wconf 78' lang='lat' dir='ltr'><strong>sigillum</strong></span> <span class='ocrx_word' id='word_1_815' title='bbox 2586 5679 2812 5744; x_wconf 87' lang='lat' dir='ltr'><strong>Christi,</strong></span> <span class='ocrx_word' id='word_1_816' title='bbox 2844 5679 3025 5732; x_wconf 88' lang='lat' dir='ltr'><strong>radius</strong></span> <span class='ocrx_word' id='word_1_817' title='bbox 3056 5678 3187 5732; x_wconf 91' lang='lat' dir='ltr'><strong>solis</strong></span> <span class='ocrx_word' id='word_1_818' title='bbox 3219 5676 3543 5746; x_wconf 90' lang='lat' dir='ltr'><strong>spiritualis,</strong></span> <span class='ocrx_word' id='word_1_819' title='bbox 3570 5675 3656 5729; x_wconf 88' lang='lat' dir='ltr'><strong>lu-</strong></span> 
     </span>
    </p>
   </div>
   <div class='ocr_carea' id='block_1_119' title="bbox 2090 5766 3656 5838">
    <p class='ocr_par' dir='ltr' id='par_1_119' title="bbox 2090 5766 3656 5838">
     <span class='ocr_line' id='line_1_119' title="bbox 2090 5766 3656 5838; baseline -0.006 -9"><span class='ocrx_word' id='word_1_820' title='bbox 2090 5773 2224 5830; x_wconf 84' lang='lat' dir='ltr'><strong>cifcr</strong></span> <span class='ocrx_word' id='word_1_821' title='bbox 2279 5772 2546 5838; x_wconf 86' lang='lat' dir='ltr'><strong>cordium,</strong></span> <span class='ocrx_word' id='word_1_822' title='bbox 2604 5769 3018 5827; x_wconf 82' lang='lat' dir='ltr'><strong>fundamentum</strong></span> <span class='ocrx_word' id='word_1_823' title='bbox 3074 5766 3502 5836; x_wconf 74' lang='lat' dir='ltr'><strong>Cbristianismi,</strong></span> <span class='ocrx_word' id='word_1_824' title='bbox 3560 5766 3656 5822; x_wconf 82' lang='lat' dir='ltr'><strong>Dei</strong></span> 
     </span>
    </p>
   </div>
  </div>
