3994 6206
359 307 492 374 ῙΞἹΟ

362 514 744 585 petiusipsins
787 513 1068 583 sapientize
1122 512 1474 580 principium,
1505 511 1598 567 Dei
1654 513 1940 578 revelatio,

365 607 757 660 monachorum
809 605 1303 674 opus,quietorum
1359 612 1559 667 status,
1610 603 1941 672 quietudinis

363 695 506 761 fons,
543 696 669 748 vita:
707 695 964 762 angelicae
994 694 1233 763 signum.
1266 695 1406 759 Quid
1445 694 1678 762 amplius
1722 694 1944 746 dicam?

362 792 538 842 oratio
589 797 672 842 est
707 788 822 856 ipse
871 787 1014 842 Deus
1051 802 1285 856 opcrans
1323 787 1508 840 omnia
1555 787 1606 839 in
1663 787 1939 848 omnibus,

361 882 485 949 quia
515 895 617 934 uua
646 890 732 933 est
765 880 960 945 Patris,
1001 888 1055 934 et
1087 879 1238 944 Filii,
1264 892 1314 932 et
1354 880 1586 945 Spiritus
1618 879 1792 933 sancti
1817 896 1944 946 ope-

365 971 531 1036 ratio,
557 972 742 1027 omnia
778 986 1012 1040 operans
1049 971 1101 1026 iu
1131 969 1354 1026 Christo
1383 968 1538 1026 Jesu.

441 1242 566 1294 ιιι.
603 1240 718 1294 Nisi
757 1241 960 1307 virgam
994 1239 1212 1292 virtutis
1243 1237 1456 1309 Moyses
1489 1253 1517 1290 a
1551 1238 1657 1291 Deo
1695 1239 1942 1306 acet-pis-

367 1344 469 1397 set,
500 1349 605 1387 non
635 1335 809 1387 factus
843 1331 1035 1384 fuisset
1057 1329 1204 1384 Deus
1225 1331 1530 1386 Pharaonis
1564 1333 1631 1386 ad
1664 1348 1786 1387 eum
1820 1349 1942 1386 cum

371 1424 608 1496 Egypto
637 1426 1072 1493 percutiendum.
1107 1427 1182 1484 Ita
1226 1440 1407 1488 mens,
1447 1423 1547 1477 nisi
1599 1423 1800 1477 virtute
1828 1440 1950 1478 ora-

371 1518 538 1572 tionis
580 1519 803 1587 polleat,
847 1530 1132 1588 peceatum
1179 1530 1232 1576 et
1255 1516 1603 1575 adversarius
1651 1523 1948 1585 potestates

371 1621 656 1666 conterere
688 1614 896 1680 nequit.

445 1704 567 1760 H5.
605 1704 664 1759 Ei
693 1705 783 1772 qui
813 1705 1000 1760 dicunt
1039 1705 1312 1760 faciuntve
1350 1705 1552 1773 aliquid
1589 1705 1704 1758 sine
1734 1702 1951 1755 humili-

1565 308 1955 369 GREGORII
1997 309 2330 368 ΒΙΝΛΙΤΕ

363 421 702 477 reconciliati
739 421 1024 486 indicium,
1059 422 1152 477 Dei
1187 420 1386 490 gratia,
1411 419 1504 474 Dei
1533 421 1828 490 sapientia.
1853 420 1938 473 vel

2071 419 2232 489 οητοῦ
2289 422 2438 490 ἡλίου
2469 439 2479 450 ·

3486 305 3609 369 1280

2530 425 2804 494 ἑωσφόρος
2866 427 3102 495 καρδιῶν
3127 445 3140 460 ·
3182 432 3606 503 Χριστιανισμοῦ

2043 510 2332 578 βεϐαίωσις
2356 525 2369 537 ⁶
2401 512 2748 580 καταλλαγῆς
2775 514 2910 566 Θεοῦ
2941 517 3174 586 δήλωσις
3197 536 3210 548 °
3252 522 3410 589 χάρις
3438 525 3572 576 Θεοῦ
3594 542 3606 553 ·

2043 601 2204 670 σοφία
2234 602 2392 655 Θεοῦ·
2435 603 2636 672 μᾶλλον
2680 603 2736 656 δὲ
2775 605 3100 675 αῦτοσοφίας
3137 610 3277 679 ἀρχή
3300 627 3314 641 ο
3347 612 3482 664 Θεοῦ
3511 632 3607 682 φιν

2043 694 2099 745 νέ
2111 711 2274 763 ρωσις
2301 711 2314 724 '
2337 695 2617 763 μοναστῶν
2639 697 2800 765 ἔργον
2825 713 2837 728 ·
2869 699 3249 768 ἡσυχαζόντων
3275 704 3573 775 πολίτευμα
3597 725 3610 738 ο

2045 786 2272 854 ἡσυχίας
2327 787 2551 857 ἀφορμή
2582 804 2594 820 ·
2641 789 2937 859 ἁγγελικῆς
2976 792 3254 857 πολιτείας
3296 801 3612 868 τεκμήριον.

2044 875 2157 931 Καὶ
2185 877 2238 928 τί
2279 878 2360 930 δεῖ
2395 879 2622 932 πλεῖστα
2650 879 2826 948 λέγειν
2853 898 2868 946 ;
2903 883 3184 954 Προσευχῦ
3213 887 3360 940 ἐστιν
3392 889 3579 950 ὀαθεὸς
3599 931 3612 951 ,

2047 969 2072 1020 ὁ
2119 969 2361 1038 ἐνεργῶν
2395 970 2464 1021 τὰ
2513 971 2693 1024 πάντα
2744 973 2802 1023 ὲν
2845 975 3016 1035 πᾶσι,
3068 974 3156 1027 διὰ
3207 978 3268 1029 τὸ
3305 979 3434 1048 μίαν
3481 976 3616 1034 εἶναι

2047 1057 2281 1127 Πατρὸς,
2315 1059 2408 1110 καὶ
2445 1059 2608 1122 Υἱοῦ,
2658 1062 2750 1114 καὶ
2781 1063 2938 1127 ἁγίου
2975 1065 3295 1134 Πνεὺματος
3329 1070 3427 1138 τὴν
3473 1071 3617 1138 ἐνέρ-

2048 1167 2221 1218 γειαν,
2257 1151 2350 1202 τοῦ
2384 1153 2731 1220 ἐνεργοῦντος
2764 1154 2832 1206 τὰ
2870 1156 3046 1208 πάντα
3073 1158 3130 1210 ὲν
3163 1161 3381 1228 Χριστῷ
3425 1163 3616 1230 Ἰησοῦ.

2121 1240 2237 1310 ρ;δ’.
2285 1241 2505 1295 Ῥἁϐδον
2531 1245 2812 1312 δυνάμεως
2863 1250 2911 1299 εἰ
2947 1251 3022 1317 μὴ
3053 1252 3294 1320 Μωΰσῆς
3318 1255 3465 1320 παρὰ
3487 1254 3621 1305 θεοῦ

2050 1332 2282 1401 εἰλήφει,
2342 1334 2442 1385 οὑκ
2477 1334 2544 1387 ἂν
2576 1335 2706 1398 Θεὸς
2751 1337 2951 1406 Φαραὼ
3002 1339 3315 1409 γενόμενος,
3354 1342 3516 1394 αὑτὸν
3565 1360 3623 1394 τε

2053 1423 2287 1494 μαστίζῃ
2331 1427 2422 1478 καὶ
2461 1425 2558 1494 τὴν
2591 1427 2888 1492 Αἴγυπτον.
2934 1430 3040 1482 Καὶ
3085 1430 3206 1492 νοῦς
3243 1433 3292 1484 εἰ
3360 1435 3434 1501 μὴ
3465 1433 3624 1484 δῦναι

2054 1529 2144 1580 μιν
2178 1514 2483 1583 προσευχῆς
2507 1514 2564 1564 ἐν
2592 1517 2732 1584 χειρ“τ
2764 1515 3048 1585 μετάσχοι,
3091 1517 3188 1585 τὴν
3227 1519 3504 1587 ἁμαρτίαν
3537 1518 3622 1570 κατ

2050 1605 2148 1666 τὰς
2180 1606 2428 1668 ἐναντίας
2455 1605 2716 1676 δυνάμεις
2743 1607 3032 1678 συντρῖψαι
3061 1608 3340 1665 ἀδύνατον.

2125 1702 2240 1765 ριε’.
2276 1697 2339 1749 Οἱ
2377 1697 2651 1765 λέγοντες,
2689 1700 2722 1768 ἢ
2765 1699 3094 1768 πράττοντές
3135 1719 3188 1753 τι
3235 1702 3404 1770 χωρὶς
3439 1720 3629 1753 ταπει-

374 1800 506 1857 tate,
533 1804 660 1847 sunt
695 1794 840 1848 velut
873 1795 924 1847 in
962 1794 1139 1849 hieme
1182 1804 1274 1849 aut
1307 1795 1426 1850 sine
1457 1795 1571 1850 luto
1602 1794 1958 1867 aulitieantes.

2069 1787 2290 1850 νώσεως,
2334 1788 2576 1842 ἐοίκασιν
2625 1792 2682 1844 ἐν
2727 1790 2978 1860 χειμῶνι,
3031 1792 3062 1861 ἦ
3102 1793 3228 1844 ἄνευ
3279 1793 3452 1861 πηλοῦ
3483 1797 3626 1845 οξκο⁹

373 1883 525 1949 Illam
579 1893 762 1936 autem
807 1886 1141 1951 experientia
1211 1895 1262 1938 et
1328 1887 1556 1938 scientia
1613 1883 1858 1936 invenire
1894 1895 1958 1934 ac

377 1994 732 2047 cognoscisre,
769 1979 1224 2046 paucissimorum
1265 1988 1368 2033 est.
1411 1977 1548 2031 Nam
1583 1977 1674 2045 qui
1707 1990 1959 2029 sermone

375 2074 444 2126 de
493 2086 556 2124 ea
613 2071 915 2133 disserunt,
951 2071 1160 2124 similes
1211 2080 1338 2124 sunt
1391 2070 1748 2124 metientibus
1795 2069 1958 2136 abys-

375 2177 520 2214 sum.
564 2159 674 2213 Nos
730 2176 857 2213 vero
890 2160 1088 2229 quibus
1119 2159 1410 2213 admodmn
1443 2158 1606 2213 caecis
1631 2173 1799 2227 parva
1841 2170 1958 2213 ma-

375 2270 494 2323 gnae
535 2254 672 2309 lucis
711 2252 914 2307 aﬂulsit
965 2252 1221 2316 scintilla,
1258 2252 1530 2308 dicimus:
1564 2250 1699 2304 Vera
1746 2249 1961 2304 humili-

383 2355 490 2408 tas,
531 2361 632 2400 nec
690 2346 916 2400 humilia
964 2345 1117 2406 dicit.
1153 2359 1257 2399 nec
1305 2343 1564 2398 humilem
1605 2342 1764 2396 habet
1806 2341 1960 2395 habi-

380 2451 516 2504 tum,
550 2453 650 2494 nec
685 2439 917 2492 humiles
967 2437 1190 2491 allectat
1227 2452 1448 2500 sensus,
1477 2449 1578 2489 nec
1614 2435 1852 2503 seipsum
1888 2431 1962 2484 vi-

382 2541 602 2601 tuperat
633 2530 876 2585 humilis.
906 2529 1013 2584 Ista
1043 2529 1263 2595 quidem
1297 2537 1423 2582 sunt
1445 2527 1618 2591 initia,
1646 2535 1699 2602 et
1726 2524 1962 2593 species,

380 2636 430 2680 et
463 2626 599 2678 varii
629 2625 770 2677 modi
801 2623 1128 2677 humilitatis
1153 2639 1168 2686 ;
1198 2622 1292 2676 sed
1327 2622 1442 2692 ipsa
1468 2628 1554 2674 est
1583 2618 1755 2688 gratia
1787 2625 1842 2672 et
1873 2616 1966 2670 do-

386 2733 512 2771 num
549 2717 668 2772 Dei.
712 2714 880 2770 Porro
915 2714 1113 2784 duplex
1143 2723 1248 2779 est,
1300 2713 1454 2784 juxta
1494 2711 1708 2775 Patres,
1743 2707 1966 2763 humili-

386 2823 468 2864 tas
507 2828 521 2866 :
554 2811 763 2866 scilicet
802 2825 860 2865 se
893 2809 1220 2876 posthahcre
1269 2807 1545 2870 omnibus,
1601 2813 1652 2858 et
1689 2802 1965 2858 ascribere

390 2903 498 2956 Deo
531 2920 626 2956 sua
660 2902 824 2955 bona.
860 2899 989 2952 Illud
1019 2909 1100 2952 est
1127 2897 1486 2959 iuitinm,hoc
1514 2904 1695 2950 autem
1730 2904 1814 2948 est
1847 2909 1970 2963 per-

389 2997 551 3050 fectio
586 2993 932 3048 humilitatis.
998 2990 1148 3043 llanc
1197 2999 1374 3043 autem
1408 2988 1500 3057 qui
1548 2989 1743 3058 qnzerit
1786 3000 1953 3055 agno-

395 3102 552 3143 sccre
581 3095 632 3138 et
669 3095 924 3152 reputare
952 3082 1053 3136 tria
1079 3082 1191 3134 hate
1226 3080 1278 3133 in
1313 3079 1492 3148 scipso
1511 3080 1671 3133 debet
1702 3096 1716 3132 :
1749 3093 1807 3133 se
1845 3091 1966 3132 esse

392 3181 563 3252 magis
594 3195 755 3247 quam
789 3191 980 3232 omnes
1023 3168 1362 3246 péccatorem
1391 3189 1407 3239 ;
1437 3181 1491 3226 et
1519 3173 1730 3226 cunctis
1765 3169 1968 3239 turpio.

397 3291 509 3329 rem
562 3271 853 3334 creaturis,
883 3280 1154 3336 quatenus
1207 3276 1292 3320 εει
1342 3275 1528 3319 contra
1593 3275 1879 3328 naturam;
1920 3274 1973 3315 Cl

399 3367 852 3423 miserabiliorem
899 3359 1254 3422 daamonihus,
1292 3367 1479 3424 utpote
1517 3357 1823 3412 daemonum
1859 3371 1976 3409 scr-

399 3477 547 3515 vum.
584 3460 677 3514 Sic
707 3460 871 3526 igitur
913 3453 1060 3522 loqui
1108 3452 1268 3506 debet
1302 3467 1317 3508 :
1353 3449 1538 3519 Egone
1592 3449 1808 3518 penitus
1859 3448 1974 3503 scin

398 3543 618 3625 peccata
656 3548 938 3605 hominum
972 3554 1104 3616 quot
1132 3552 1187 3598 et
1215 3551 1416 3613 quanta
1442 3542 1569 3606 sint,
1600 3555 1668 3594 an
1704 3540 1974 3594 excedant

405 3649 487 3700 vel
542 3653 759 3713 a-quent
787 3655 938 3694 meas
982 3641 1151 3708 ipsius
1191 3634 1548 3705 iniquitates?
1574 3632 1707 3686 Nam
1757 3643 1977 3702 propter

402 3741 700 3810 ignaviam,
737 3751 768 3788 ο
801 3733 1002 3797 anima,
1026 3744 1217 3784 sumus
1261 3728 1401 3782 infra
1434 3736 1660 3780 cunctos
1705 3727 1973 3790 homines,

403 3843 666 3898 tanquam
721 3835 889 3890 terra,
923 3833 974 3877 et
1005 3822 1167 3884 cinis,
1198 3828 1250 3872 et
1306 3817 1601 3872 scabellum
1650 3819 1846 3886 pedum
1881 3829 1976 3868 eo-

401 3941 547 3979 rum.
590 3922 875 3988 Quomodo
917 3932 1022 3971 non
1069 3930 1153 3968 me
1191 3912 1417 3967 habeam
1448 3911 1686 3964 viliorem
1725 3910 1980 3963 on‘mihus

409 4015 702 4078 creaturis,
737 4026 855 4082 qum
877 4019 1002 4065 sunt
1030 4007 1325 4063 secundum
1357 4014 1606 4057 naturam
1641 4009 1792 4071 prout
1825 3999 1980 4055 factae

400 4120 547 4177 sunt,
578 4125 678 4179 ego
707 4123 836 4161 vero
871 4113 1102 4174 propter
1134 4103 1448 4156 innumeras
1491 4095 1809 4165 iniquitates
1857 4109 1976 4148 sum

399 4215 590 4258 contra
616 4209 864 4254 naturam
894 4194 1076 4250 τγυτυ
1125 4193 1266 4246 enim
1291 4189 1534 4260 jumenta
1553 4195 1606 4242 et
1631 4202 1822 4257 pecora
1854 4193 1981 4240 sunt

403 4296 619 4363 puriora
659 4307 745 4346 me
777 4299 1088 4358 peccatore.
1121 4285 1354 4350 ideoque
1384 4280 1638 4334 onmihus
1667 4279 1825 4333 vilior
1869 4280 1980 4331 lac-

407 4399 498 4441 tus
531 4400 677 4449 sum,
724 4380 816 4449 qui
845 4381 985 4447 apud
1010 4378 1241 4430 inferum
1275 4372 1356 4426 vel
1384 4382 1508 4425 ante
1539 4379 1767 4424 mortem
1804 4367 1978 4422 decidi

2051 1879 2255 1944 δομείν.
2311 1880 2486 1953 Πείρᾳ
2537 1883 2595 1935 δὲ
2643 1885 2737 1935 καὶ
2791 1883 2990 1951 γνώσει
3039 1885 3244 1955 ταύτην
3299 1887 3479 1953 εὑρεῖν
3538 1888 3625 1938 καὶ

2053 1971 2284 2038 γνῶναι,
2345 1974 2544 2042 ὀλίγων
2596 1975 2718 2026 λίαν
2765 1976 2931 2032 ἐστίν.
2976 1979 3036 2029 Οἱ
3081 1978 3188 2044 γὰρ
3230 1979 3285 2029 ἐν
3327 1979 3468 2046 λόγῳ
3505 1982 3627 2046 περὶ

2054 2063 2259 2133 ταύτης
2308 2065 2626 2130 διεξιόντες,
2663 2069 2840 2136 ὅμοιοί
2881 2069 3021 2120 εἰσιν
3051 2069 3100 2120 οἱ
3151 2069 3480 2138 μετροῦντες
3532 2071 3628 2136 τὴν

2057 2156 2312 2210 ἄϐυσσον.
2347 2159 2537 2226 Ἡμεῖς
2567 2159 2621 2211 δὲ
2651 2161 2701 2212 οἱ
2725 2160 2914 2228 τυφλοὶ
2948 2160 3210 2221 νεανικῶς
3243 2162 3370 2230 περὶ
3401 2161 3494 2212 τοῦ
3533 2179 3629 2228 με-

2059 2251 2224 2317 γάλου
2258 2251 2434 2318 φωτὸς
2459 2253 2651 2303 τούτου
2687 2252 2884 2322 μικρδν
2918 2255 3333 2322 (μνταζόμενοι,
3363 2253 3592 2322 λέγομεν
3615 2269 3626 2281 ’

2071 2341 2136 2394 Ἤ
2159 2343 2489 2406 ταπείνωσις
2523 2343 2728 2413 κυρίως
2753 2342 2876 2396 οὔτε
2901 2344 3316 2411 ταπεινολογίαν
3348 2343 3481 2412 ἔχει,
3510 2342 3634 2395 οὑτε

2058 2436 2530 2503 ταπεινοσχημοῖ·
2589 2434 2709 2487 οὑδὲ
2772 2437 2992 2505 φρονεῖν
3057 2436 3289 2488 ταπεινὰ
3360 2433 3633 2503 βιάζεται,

2061 2526 2182 2578 οὑδὲ
2233 2525 2434 2578 ἑαυτὸν·
2483 2526 2759 2595 μέμφεται
2807 2527 3253 2596 ταπεινούμενος.
3298 2527 3416 2579 Κᾶν
3466 2525 3640 2577 ταῦτα

2064 2619 2310 2686 ἀφορμαὶ
2337 2621 2432 2671 καὶ
2461 2620 2714 2689 σχήματα
2745 2617 3129 2681 ταπεινώσεως
3157 2620 3316 2677 εἰσιν,
3337 2616 3413 2679 ὡς
3445 2616 3639 2685 τρόποι

2063 2709 2335 2779 διάφοροι,
2368 2709 2505 2764 ἀλλὰ
2545 2710 2706 2780 χάρις
2745 2711 2893 2762 ἐστὶν
2939 2709 3104 2779 αὕτη,
3143 2709 3240 2762 xui.
3287 2708 3466 2777 δωρεὰ
3497 2707 3638 2760 ἀνωι-

2066 2796 2180 2851 θεν.
2219 2798 2339 2851 Atio)
2392 2799 2448 2852 δέ
2479 2799 2637 2864 εἰσιν,
2673 2801 2750 2862 ῶς
2778 2816 2941 2868 φασιν
2970 2800 3019 2851 οἱ
3059 2799 3325 2866 Πατέρες,
3366 2795 3640 2849 ταπεινώ-

2068 2905 2225 2952 σεις·
2273 2889 2335 2942 τὸ
2385 2889 2529 2959 ἔχειν
2579 2891 2770 2944 ἑαυτὸν
2825 2890 3084 2945 ὑποκάτω
3137 2891 3395 2952 πάντων,
3435 2891 3528 2940 καὶ
3581 2887 3642 2938 τὺ

2067 2981 2395 3050 ἐπιγράφειν
2420 2980 2540 3050 Θεῷ
2569 2980 2638 3034 τὰ
2667 2981 3092 3051 κατορθώματα.
3124 2981 3232 3032 Καὶ
3269 2980 3329 3031 τὺ
3360 2979 3460 3048 μὲν
3495 2978 3644 3049 πρῶ-

2066 3091 2180 3140 τον,
2207 3076 2346 3145 ἀρχή
2374 3092 2387 3105 ο
2418 3076 2479 3128 τὸ
2501 3075 2558 3128 δὲ
2583 3074 2856 3145 δεύτερον,
2886 3074 3056 3136 τέλος.
3095 3074 3433 3140 Ἐπιγίνεται
3455 3073 3511 3125 δὲ
3532 3077 3644 3137 τοῖς

2070 3165 2324 3234 ζητοῦσιν
2367 3167 2558 3238 αὑτὴν,
2597 3166 2659 3219 τὸ
2689 3165 2826 3236 μετὰ
2857 3164 3116 3233 γνώσεως
3142 3165 3309 3234 ἔχειν,
3355 3165 3452 3218 καὶ
3495 3165 3642 3234 λογί-

2070 3255 2256 3319 ζεσθαι
2295 3256 2362 3310 τὶ
2411 3257 2538 3326 τρία
2577 3255 2748 3310 ταῦτα
2783 3257 2839 3308 ὲν
2883 3255 3094 3325 ἑαυτῷ·
3144 3256 3204 3308 τὸ
3255 3256 3395 3326 ὑπὲρ
3438 3256 3642 3320 πάντας

2072 3347 2430 3416 ἁμαρτωλοὺς
2462 3345 2620 3412 εἶναι,
2652 3347 2743 3399 καὶ
2772 3345 2833 3399 τὸ
2865 3347 3002 3418 ὑπὲρ
3050 3346 3230 3400 πάντα
3271 3347 3339 3399 τὰ
3369 3349 3644 3418 κτίσματι

2070 3441 2350 3512 αἰσχροὺς,
2390 3441 2466 3505 ὼς
2491 3442 2569 3504 εἰς
2602 3441 2661 3494 τὸ
2705 3440 2856 3511 παρὰ
2884 3440 3046 3508 φύσιν
3073 3439 3266 3502 ὂνταςο
3294 3441 3387 3494 καὶ
3410 3441 3472 3494 τὸ
3505 3442 3647 3510 ὑπὲρ

2071 3533 2196 3595 τοὺς
2219 3531 2477 3602 δαίμονας
2504 3531 2917 3599 ὲλεεινοτέρους,
2941 3530 3016 3592 ὡς
3041 3529 3100 3582 τὸ
3125 3525 3263 3584 εἶναι
3282 3530 3502 3592 δούλους
3531 3535 3647 3594 τοῖς

2073 3621 2342 3691 δαίμοσιν.
2384 3623 2580 3691 Αέγειν
2632 3622 2688 3674 δὲ
2741 3619 2914 3683 οὑτως
2953 3620 3178 3688 ὀφείλειο
3238 3620 3348 3673 Ποῦ
3389 3621 3498 3691 γὰρ
3538 3617 3656 3675 οἶδα

2077 3712 2186 3780 ἐγὼ
2219 3713 2460 3782 ἀκριϐῶς
2494 3713 2592 3777 τὰς
2629 3713 2738 3766 τῶν
2766 3711 3074 3782 ἀνθρώπων
3110 3713 3385 3781 ἁμαρτίας
3411 3715 3596 3766 ὁποῖαι
3624 3713 3655 3782 ἢ

2075 3805 2194 3856 ὅσαι
2251 3805 2426 3868 εξσίν;
2469 3805 2553 3857 ὅτι
2606 3803 3054 3874 ὑπερϐαίνουσιν,
3103 3803 3136 3872 ἢ
3193 3802 3498 3866 ὲξισοῦνται
3536 3805 3659 3867 ταῖς

2077 3897 2236 3965 ἐμαῖς
2269 3897 2598 3966 ἁμαρτίαις;
2641 3898 2751 3950 Καὶ
2799 3895 2889 3948 διὰ
2938 3895 3038 3965 τὴν
3079 3895 3332 3962 ἄγνοιαν,
3385 3888 3431 3948 ὧ
3484 3894 3658 3964 ψυχὴ,

2078 3988 2338 4041 ὑποκάτω
2369 3987 2587 4040 πάντων
2621 3987 2924 4058 ἀνθρώπων
2958 3986 3146 4054 ἐσμὲν,
3185 3986 3260 4048 ὡς
3301 3987 3372 4056 γῆ
3405 3986 3501 4038 καὶ
3533 4003 3663 4037 σττο⁶

2079 4080 2188 4142 δὸς,
2221 4081 2315 4132 καὶ
2361 4079 2619 4133 ὑποκάτω
2642 4078 2750 4131 τῶν
2775 4077 2952 4130 ποδῶν
2981 4077 3180 4131 αὑτῶν.
3215 4077 3337 4138 Πῶς
3368 4077 3423 4129 δὲ
3455 4077 3550 4130 καὶ
3584 4075 3664 4147 μὴ

2081 4167 2180 4239 ἔχῃ
2213 4168 2402 4222 ἑαυτὸν
2436 4167 2810 4237 αἰσχρότερον,
2844 4167 3062 4219 πάντων
3089 4167 3201 4219 τῶν
3232 4167 3550 4234 κτισμάτων
3583 4167 3664 4228 εἰς

2081 4260 2140 4312 τὸ
2168 4260 2308 4313 κατὰ
2336 4258 2498 4324 φύσιν
2531 4259 2721 4319 ὄντων,
2757 4258 2942 4328 ῶσπερ
2971 4260 3281 4326 γεγόνασιν,
3309 4257 3443 4327 ἐμοῦ
3476 4257 3531 4309 δὲ
3575 4259 3667 4310 διὰ

2083 4353 2181 4416 τὰς
2210 4353 2558 4422 ἀμετρήτως
2602 4349 2836 4419 ἀνομίας
2863 4353 2942 4413 εἱς
2975 4351 3038 4402 τὸ
3069 4349 3219 4422 παρὰ
3257 4348 3446 4418 φύσινς
3503 4349 3666 4418 Ἀλη-

410 4487 464 4531 (ιι
491 4478 672 4547 jacco.
698 4472 831 4538 Quis
861 4485 968 4524 non
1015 4468 1113 4522 seit
1149 4480 1212 4520 ac
1244 4464 1407 4519 sentit
1441 4463 1678 4531 peiorem
1715 4460 1966 4515 daamoni-

2084 4445 2192 4508 θῶς
2241 4447 2350 4514 γὰρ
2387 4445 2480 4498 καὶ
2535 4445 2600 4498 τὰ
2643 4445 2808 4515 θηρία
2846 4446 2940 4498 καὶ
2982 4447 3050 4498 τὰ
3097 4447 3271 4517 κτήνη
3297 4444 3667 4515 καθαρώτερα

407 4572 507 4622 bus
562 4583 681 4620 esse
727 4575 1241 4634 peccaturom,cum
1283 4557 1352 4608 sit
1404 4571 1592 4609 eorum
1654 4553 1891 4608 famulus
1929 4562 1982 4607 et

407 4660 760 4728 mancipium,
795 4665 849 4710 et
885 4656 995 4725 jam
1032 4667 1180 4707 nunc
1213 4665 1336 4706 eum
1383 4649 1464 4704 eis
1497 4648 1547 4700 in
1576 4646 1814 4701 tenebris
1855 4660 1983 4699 con-

408 4753 633 4808 clusus?
665 4751 801 4804 Vere
835 4748 986 4818 pejor
1016 4761 1075 4800 es
1107 4743 1468 4806 daemonibus,
1492 4740 1583 4810 qui
1611 4740 1692 4793 eis
1730 4738 1980 4802 inservis,

423 4848 660 4912 ideoque
706 4858 829 4897 cum
881 4841 960 4895 eis
1008 4839 1262 4908 abyssum
1295 4839 1524 4889 sortitus
1553 4847 1632 4898 cs,
1663 4847 1696 4886 ο
1745 4829 1988 4885 miserri-

409 4937 532 4992 me!
569 4936 818 4995 Terram,
848 4943 899 4985 et
931 4931 1230 4994 infernum,
1269 4937 1321 4983 et
1355 4929 1602 4997 abyssum
1649 4929 1811 4978 etiam
1862 4935 1986 4977 ante

416 5041 644 5082 mortem
675 5026 950 5088 habitans,
981 5020 1256 5091 quomodo
1295 5029 1345 5072 te
1369 5019 1574 5087 justum
1609 5015 1984 5081 meutiris,qui

411 5128 756 5188 p-‘ccatorem
806 5123 858 5166 et
907 5111 1204 5165 nefandum
1242 5118 1296 5162 et
1345 5107 1642 5161 dmmonem
1700 5115 1752 5158 te
1805 5106 1988 5174 pravis

420 5211 674 5279 Operihus
730 5204 951 5260 fecisti?
978 5202 1119 5256 Proh
1152 5199 1494 5254 mendacium
1529 5199 1543 5251 ί
1579 5197 1710 5266 proh
1741 5211 1986 5250 errorem

415 5311 589 5365 tuum,
615 5316 648 5354 ο
680 5299 894 5352 inimice
923 5294 1040 5358 Dei,
1064 5294 1219 5347 canis
1249 5291 1546 5355 imniunde,
1571 5305 1731 5360 quem
1766 5289 1989 5358 proinde

403 5394 558 5460 ignis
588 5401 643 5445 et
679 5390 913 5446 tenebrae
945 5393 1165 5439 manent
1198 5385 1212 5437 l

2085 4536 2216 4606 ἐμοῦ
2261 4537 2354 4590 τοῦ
2414 4537 2742 4607 ἁμαρτωλοῦ
2796 4538 3163 4608 τυγχάνουσι’
3221 4537 3319 4590 καὶ
3367 4537 3456 4590 διὰ
3502 4537 3666 4590 τοῦτό

2085 4634 2200 4699 εἰμι
2242 4631 2500 4684 ὑποκάτω
2562 4630 2802 4694 πάντων,
2858 4629 2933 4690 ὼς
2979 4631 3057 4691 είς
3108 4629 3200 4681 τὸν
3248 4628 3380 4699 ᾅδην
3412 4629 3506 4680 καὶ
3558 4629 3670 4698 πρὸ

2089 4720 2319 4773 θανάτου
2367 4719 2750 4789 κατενεχθεὶς,
2789 4720 2883 4772 καὶ
2923 4719 3293 4787 statim:ng
3327 4720 3423 4782 Τίς
3468 4719 3524 4772 δὲ
3564 4722 3670 4773 οὑκ

2087 4806 2227 4859 οἶδεν
2259 4807 2317 4860 ὲν
2338 4807 2607 4879 αἰσθήσει,
2641 4809 2724 4861 ὅτι
2748 4809 2842 4861 καὶ
2870 4809 2979 4860 τῶν
3007 4809 3280 4876 δαιμόνων
3318 4809 3434 4861 ἐστὶ
3463 4808 3669 4879 χείρων

2089 4904 2118 4953 ὁ
2163 4900 2502 4970 ἁμαρτωλὸς,
2541 4900 2617 4964 ὡς
2661 4900 2846 4964 δοῦλος
2896 4901 3076 4954 αὑτῶν
3123 4899 3217 4952 καὶ
3261 4901 3524 4969 ὑπήκοος,
3573 4901 3674 4955 xui

2091 4997 2183 5047 ἀπ’
2235 4991 2480 5046 ἐντεῦθεν
2512 4993 2610 5044 σὺν
2654 4991 2838 5054 αὑτοῖς
2887 4991 2965 5062 τῷ
2999 4993 3180 5044 σκότει
3215 4991 3665 5060 συγκαθειργμέ-

2094 5101 2212 5148 νος;
2245 5086 2452 5149 Ὄντως
2477 5083 2572 5136 καὶ⁵
2606 5081 2806 5156 χείρων
2837 5083 2948 5135 τῶν
2975 5083 3264 5150 δαιμόνων,
3306 5085 3334 5134 ὁ
3363 5082 3453 5135 ὑπ’
3485 5084 3673 5137 αὑτῶν

2079 5186 2488 5257 κυριευόμενος,
2521 5181 2614 5235 καὶ
2646 5181 2733 5235 δια
2759 5183 2916 5232 τοῦτο
2947 5177 3044 5229 σὺν
3075 5175 3257 5234 αὑτοῖς
3281 5172 3380 5242 τὴν
3422 5171 3668 5229 ἄϐυσσον

2082 5275 2401 5347 ὲκληρὼσω,
2433 5272 2767 5341 ταλαίπωρε.
2800 5269 2838 5321 Γ
2842 5269 2906 5338 ἦν
2937 5266 2992 5318 δὲ
3014 5307 3028 5330 ,
3063 5267 3157 5317 καὶ
3187 5263 3339 5335 ᾅδην,
3369 5262 3463 5314 καὶ
3489 5262 3661 5316 ἄϐυσ-

2085 5385 2177 5422 σον
2208 5369 2235 5419 ὁ
2280 5367 2374 5417 καὶ
2415 5363 2520 5434 πρὸ
2557 5361 2792 5416 Θανάτου
2839 5355 3133 5419 κατοικῶν,
3170 5353 3286 5416 πῶς
3317 5353 3512 5405 ἑαυτὸν
3535 5394 3549 5418 ,
3588 5353 3668 5406 δί-

421 5445 576 5526 ἷαῖον
623 5445 912 5537 ὀνομάζων
943 5460 1327 5534 φρεναπατᾷς,
1365 5457 1716 5526 ἁμαρτωλὸν,
1759 5458 1855 5510 καὶ
1904 5454 2156 5525 βέϐηλον,
2192 5451 2290 5502 καὶ
2323 5447 2553 5518 δαίμονα
2590 5449 2700 5508 τοῖς
2756 5447 2948 5508 κακοῖς
3007 5445 3190 5516 ἔργοις
3248 5450 3521 5519 ποιήσαςς
3579 5447 3687 5504 quas

423 5568 522 5636 τῆς
555 5565 654 5632 σῆς
686 5562 910 5632 ἀπάτης
945 5559 1045 5614 καὶ
1079 5557 1315 5627 πλάνης,
1346 5555 1721 5624 δεισιδαίμων,
1771 5549 1921 5605 κὺων
1967 5548 2272 5619 ἀκάθαρτε,
2334 5541 2414 5612 τῷ
2445 5543 2580 5610 πυρὶ
2608 5539 2706 5594 καὶ
2738 5538 2819 5610 τῷ
2853 5540 3035 5594 σκότει
3065 5541 3150 5594 ὁτὲ
3174 5539 3344 5601 tu???
3385 5559 3688 5611 παραπεμ-

430 5661 662 5726 πόμενος
684 5658 696 5712 !

506 5749 626 5804 “6.
653 5748 777 5803 llaec
796 5745 1060 5816 sapientia
1099 5759 1259 5813 quam
1302 5740 1388 5796 dat
1425 5737 1676 5809 spiritus,
1714 5745 1817 5797 εει,
1843 5735 1993 5804 juxta

2482 5738 2490 5756 Ι

2201 5725 2331 5788 Pis“.
2368 5719 2529 5785 Σοφία
2562 5721 3058 5792 τῖνῑ.·);,εατοκίνητός
3090 5721 3224 5784 ἐστι,
3247 5717 3385 5771 κατᾶ
3415 5718 3537 5778 τοὺς
3577 5715 3696 5772 θεας
