  <div class='ocr_page' id='page_1' title='image "/cluster/home/n/w/nwhite01/storage/ocr_20150623/150/hvd.32044073498826/646.png"; bbox 0 0 3960 6190; ppageno 0'>
   <div class='ocr_carea' id='block_1_1' title="bbox 409 171 540 236">
    <p class='ocr_par' dir='ltr' id='par_1_1' title="bbox 409 171 540 236">
     <span class='ocr_line' id='line_1_1' title="bbox 409 171 540 236; baseline 0.046 -6"><span class='ocrx_word' id='word_1_1' title='bbox 409 171 540 236; x_wconf 75' lang='grc'><strong>1281</strong></span> 
     </span>
    </p>
   </div>
   <div class='ocr_carea' id='block_1_2' title="bbox 403 368 1979 455">
    <p class='ocr_par' dir='ltr' id='par_1_2' title="bbox 403 368 1979 455">
     <span class='ocr_line' id='line_1_2' title="bbox 403 368 1979 455; baseline 0.011 -33"><span class='ocrx_word' id='word_1_2' title='bbox 403 370 625 438; x_wconf 77' lang='grc' dir='ltr'><strong>γελικῆς</strong></span> <span class='ocrx_word' id='word_1_3' title='bbox 663 373 974 442; x_wconf 80' lang='grc' dir='ltr'><strong>προσευχῆς</strong></span> <span class='ocrx_word' id='word_1_4' title='bbox 999 390 1011 402; x_wconf 91' lang='grc'><strong>·</strong></span> <span class='ocrx_word' id='word_1_5' title='bbox 1053 368 1121 444; x_wconf 72' lang='grc' dir='ltr'><strong>ἧς</strong></span> <span class='ocrx_word' id='word_1_6' title='bbox 1155 375 1215 428; x_wconf 82' lang='grc' dir='ltr'><strong>τὸ</strong></span> <span class='ocrx_word' id='word_1_7' title='bbox 1252 381 1501 447; x_wconf 78' lang='grc' dir='ltr'><strong>σημεῖον,</strong></span> <span class='ocrx_word' id='word_1_8' title='bbox 1537 384 1594 434; x_wconf 76' lang='grc' dir='ltr'><strong>ἐν</strong></span> <span class='ocrx_word' id='word_1_9' title='bbox 1627 384 1704 454; x_wconf 80' lang='grc' dir='ltr'><strong>τῷ</strong></span> <span class='ocrx_word' id='word_1_10' title='bbox 1724 384 1979 455; x_wconf 77' lang='grc' dir='ltr'><strong>εὔχεσθαι</strong></span> 
     </span>
    </p>
   </div>
   <div class='ocr_carea' id='block_1_3' title="bbox 400 462 1978 546">
    <p class='ocr_par' dir='ltr' id='par_1_3' title="bbox 400 462 1978 546">
     <span class='ocr_line' id='line_1_3' title="bbox 400 462 1978 546; baseline 0.011 -32"><span class='ocrx_word' id='word_1_11' title='bbox 400 464 428 514; x_wconf 99' lang='lat'><strong>6</strong></span> <span class='ocrx_word' id='word_1_12' title='bbox 460 462 584 526; x_wconf 78' lang='grc' dir='ltr'><strong>νοῦς</strong></span> <span class='ocrx_word' id='word_1_13' title='bbox 613 462 849 526; x_wconf 83' lang='grc' dir='ltr'><strong>ἀνείδεος</strong></span> <span class='ocrx_word' id='word_1_14' title='bbox 901 464 1077 536; x_wconf 84' lang='grc' dir='ltr'><strong>πάντη</strong></span> <span class='ocrx_word' id='word_1_15' title='bbox 1126 467 1388 538; x_wconf 73' lang='grc' dir='ltr'><strong>ὁρᾶσθαι,</strong></span> <span class='ocrx_word' id='word_1_16' title='bbox 1450 474 1543 527; x_wconf 73' lang='grc' dir='ltr'><strong>καὶ</strong></span> <span class='ocrx_word' id='word_1_17' title='bbox 1589 477 1725 544; x_wconf 87' lang='grc' dir='ltr'><strong>μήτε</strong></span> <span class='ocrx_word' id='word_1_18' title='bbox 1767 478 1978 546; x_wconf 77' lang='grc' dir='ltr'><strong>ἑαυτὸν,</strong></span> 
     </span>
    </p>
   </div>
   <div class='ocr_carea' id='block_1_4' title="bbox 405 555 1982 632">
    <p class='ocr_par' dir='ltr' id='par_1_4' title="bbox 405 555 1982 632">
     <span class='ocr_line' id='line_1_4' title="bbox 405 555 1982 632; baseline 0.011 -26"><span class='ocrx_word' id='word_1_19' title='bbox 405 556 541 624; x_wconf 84' lang='grc' dir='ltr'><strong>μήτε</strong></span> <span class='ocrx_word' id='word_1_20' title='bbox 589 573 641 610; x_wconf 88' lang='grc' dir='ltr'><strong>τι</strong></span> <span class='ocrx_word' id='word_1_21' title='bbox 691 555 819 610; x_wconf 79' lang='grc' dir='ltr'><strong>ἄλλο</strong></span> <span class='ocrx_word' id='word_1_22' title='bbox 862 558 919 610; x_wconf 80' lang='grc' dir='ltr'><strong>ὲν</strong></span> <span class='ocrx_word' id='word_1_23' title='bbox 963 558 1228 631; x_wconf 86' lang='grc' dir='ltr'><strong>ταχύτητι</strong></span> <span class='ocrx_word' id='word_1_24' title='bbox 1279 561 1515 632; x_wconf 80' lang='grc' dir='ltr'><strong>βλέπων,</strong></span> <span class='ocrx_word' id='word_1_25' title='bbox 1561 567 1700 621; x_wconf 73' lang='grc' dir='ltr'>ἀλλὰ</span> <span class='ocrx_word' id='word_1_26' title='bbox 1735 571 1827 622; x_wconf 78' lang='grc' dir='ltr'><strong>καὶ</strong></span> <span class='ocrx_word' id='word_1_27' title='bbox 1873 571 1982 624; x_wconf 86' lang='grc' dir='ltr'><strong>τῶν</strong></span> 
     </span>
    </p>
   </div>
   <div class='ocr_carea' id='block_1_5' title="bbox 401 645 1979 719">
    <p class='ocr_par' dir='ltr' id='par_1_5' title="bbox 401 645 1979 719">
     <span class='ocr_line' id='line_1_5' title="bbox 401 645 1979 719; baseline 0.008 -22"><span class='ocrx_word' id='word_1_28' title='bbox 401 645 710 714; x_wconf 78' lang='grc' dir='ltr'><strong>αἰσθήσεων</strong></span> <span class='ocrx_word' id='word_1_29' title='bbox 739 645 1002 708; x_wconf 74' lang='grc' dir='ltr'><strong>πολλάκις</strong></span> <span class='ocrx_word' id='word_1_30' title='bbox 1037 647 1140 700; x_wconf 72' lang='grc' dir='ltr'><strong>ὑπὸ</strong></span> <span class='ocrx_word' id='word_1_31' title='bbox 1170 649 1264 702; x_wconf 73' lang='grc' dir='ltr'><strong>τοῦ</strong></span> <span class='ocrx_word' id='word_1_32' title='bbox 1296 651 1474 719; x_wconf 79' lang='grc' dir='ltr'><strong>φωτὸς</strong></span> <span class='ocrx_word' id='word_1_33' title='bbox 1502 654 1715 707; x_wconf 79' lang='grc' dir='ltr'><strong>ἐκείνου</strong></span> <span class='ocrx_word' id='word_1_34' title='bbox 1758 656 1979 709; x_wconf 77' lang='grc' dir='ltr'><strong>συστελ-</strong></span> 
     </span>
    </p>
   </div>
   <div class='ocr_carea' id='block_1_6' title="bbox 401 737 1980 818">
    <p class='ocr_par' dir='ltr' id='par_1_6' title="bbox 401 737 1980 818">
     <span class='ocr_line' id='line_1_6' title="bbox 401 737 1980 818; baseline 0.007 -29"><span class='ocrx_word' id='word_1_35' title='bbox 401 737 664 806; x_wconf 79' lang='grc' dir='ltr'><strong>λομένων.</strong></span> <span class='ocrx_word' id='word_1_36' title='bbox 727 737 786 790; x_wconf 86' lang='lat'><strong>&#39;0</strong></span> <span class='ocrx_word' id='word_1_37' title='bbox 831 737 937 807; x_wconf 79' lang='grc' dir='ltr'><strong>γὰρ</strong></span> <span class='ocrx_word' id='word_1_38' title='bbox 993 737 1117 802; x_wconf 77' lang='grc' dir='ltr'><strong>νοῦς</strong></span> <span class='ocrx_word' id='word_1_39' title='bbox 1170 739 1330 805; x_wconf 83' lang='grc' dir='ltr'><strong>άῦλος</strong></span> <span class='ocrx_word' id='word_1_40' title='bbox 1391 743 1486 796; x_wconf 75' lang='grc' dir='ltr'><strong>καὶ</strong></span> <span class='ocrx_word' id='word_1_41' title='bbox 1535 746 1831 818; x_wconf 78' lang='grc' dir='ltr'><strong>φωτοειδὴς</strong></span> <span class='ocrx_word' id='word_1_42' title='bbox 1861 749 1980 801; x_wconf 90' lang='grc' dir='ltr'><strong>τότε</strong></span> 
     </span>
    </p>
   </div>
   <div class='ocr_carea' id='block_1_7' title="bbox 401 827 1890 905">
    <p class='ocr_par' dir='ltr' id='par_1_7' title="bbox 401 827 1890 905">
     <span class='ocr_line' id='line_1_7' title="bbox 401 827 1890 905; baseline 0.008 -26"><span class='ocrx_word' id='word_1_43' title='bbox 401 829 629 895; x_wconf 83' lang='grc' dir='ltr'><strong>γίνεται,</strong></span> <span class='ocrx_word' id='word_1_44' title='bbox 665 827 785 899; x_wconf 84' lang='grc' dir='ltr'><strong>Θεῴ</strong></span> <span class='ocrx_word' id='word_1_45' title='bbox 808 829 1065 900; x_wconf 73' lang='grc' dir='ltr'><strong>ἀρρήτως</strong></span> <span class='ocrx_word' id='word_1_46' title='bbox 1096 830 1176 892; x_wconf 86' lang='grc' dir='ltr'><strong>είς</strong></span> <span class='ocrx_word' id='word_1_47' title='bbox 1210 830 1268 884; x_wconf 85' lang='grc' dir='ltr'><strong>ἓν</strong></span> <span class='ocrx_word' id='word_1_48' title='bbox 1294 833 1511 905; x_wconf 84' lang='grc' dir='ltr'><strong>πνεῦμα</strong></span> <span class='ocrx_word' id='word_1_49' title='bbox 1529 834 1890 905; x_wconf 79' lang='grc' dir='ltr'><strong>κολλώμενος.</strong></span> 
     </span>
    </p>
   </div>
   <div class='ocr_carea' id='block_1_8' title="bbox 473 917 1983 998">
    <p class='ocr_par' dir='ltr' id='par_1_8' title="bbox 473 917 1983 998">
     <span class='ocr_line' id='line_1_8' title="bbox 473 917 1983 998; baseline 0.009 -29"><span class='ocrx_word' id='word_1_50' title='bbox 473 917 596 989; x_wconf 69' lang='grc' dir='ltr'><strong>ριζν.</strong></span> <span class='ocrx_word' id='word_1_51' title='bbox 634 919 785 971; x_wconf 76' lang='grc' dir='ltr'><strong>Εἰσὶν</strong></span> <span class='ocrx_word' id='word_1_52' title='bbox 828 919 921 971; x_wconf 85' lang='grc' dir='ltr'><strong>οὑν</strong></span> <span class='ocrx_word' id='word_1_53' title='bbox 963 921 1010 972; x_wconf 81' lang='grc' dir='ltr'><strong>οἱ</strong></span> <span class='ocrx_word' id='word_1_54' title='bbox 1077 920 1362 989; x_wconf 80' lang='grc' dir='ltr'><strong>ἐνάγοντες</strong></span> <span class='ocrx_word' id='word_1_55' title='bbox 1416 927 1507 978; x_wconf 70' lang='grc' dir='ltr'><strong>καὶ</strong></span> <span class='ocrx_word' id='word_1_56' title='bbox 1553 927 1874 998; x_wconf 78' lang='grc' dir='ltr'><strong>ὁδηγοῦντες</strong></span> <span class='ocrx_word' id='word_1_57' title='bbox 1903 930 1983 993; x_wconf 86' lang='grc' dir='ltr'><strong>είς</strong></span> 
     </span>
    </p>
   </div>
   <div class='ocr_carea' id='block_1_9' title="bbox 399 1010 1982 1092">
    <p class='ocr_par' dir='ltr' id='par_1_9' title="bbox 399 1010 1982 1092">
     <span class='ocr_line' id='line_1_9' title="bbox 399 1010 1982 1092; baseline 0.007 -30"><span class='ocrx_word' id='word_1_58' title='bbox 399 1010 568 1080; x_wconf 74' lang='grc' dir='ltr'><strong>αὑτὴν</strong></span> <span class='ocrx_word' id='word_1_59' title='bbox 609 1012 709 1080; x_wconf 77' lang='grc' dir='ltr'><strong>τὴν</strong></span> <span class='ocrx_word' id='word_1_60' title='bbox 778 1011 1054 1064; x_wconf 78' lang='grc' dir='ltr'><strong>θεόσδοτον</strong></span> <span class='ocrx_word' id='word_1_61' title='bbox 1115 1017 1442 1070; x_wconf 84' lang='grc' dir='ltr'><strong>ταπείνωσιν</strong></span> <span class='ocrx_word' id='word_1_62' title='bbox 1489 1020 1682 1089; x_wconf 79' lang='grc' dir='ltr'>τρόποι</span> <span class='ocrx_word' id='word_1_63' title='bbox 1735 1019 1982 1092; x_wconf 84' lang='grc' dir='ltr'><strong>διάφοροι</strong></span> 
     </span>
    </p>
   </div>
   <div class='ocr_carea' id='block_1_10' title="bbox 402 1091 1978 1180">
    <p class='ocr_par' dir='ltr' id='par_1_10' title="bbox 402 1091 1978 1180">
     <span class='ocr_line' id='line_1_10' title="bbox 402 1091 1978 1180; baseline 0.008 -27"><span class='ocrx_word' id='word_1_64' title='bbox 402 1103 562 1168; x_wconf 77' lang='grc' dir='ltr'><strong>ἑπτὰ,</strong></span> <span class='ocrx_word' id='word_1_65' title='bbox 608 1107 920 1158; x_wconf 75' lang='grc' dir='ltr'><strong>συστατικοὶ</strong></span> <span class='ocrx_word' id='word_1_66' title='bbox 956 1106 1200 1179; x_wconf 82' lang='grc' dir='ltr'><strong>ἀλλήλων</strong></span> <span class='ocrx_word' id='word_1_67' title='bbox 1242 1110 1338 1163; x_wconf 75' lang='grc' dir='ltr'><strong>καὶ</strong></span> <span class='ocrx_word' id='word_1_68' title='bbox 1393 1091 1702 1180; x_wconf 69' lang='grc' dir='ltr'><strong>γεννητικοί</strong></span> <span class='ocrx_word' id='word_1_69' title='bbox 1728 1129 1742 1142; x_wconf 88' lang='grc'><strong>·</strong></span> <span class='ocrx_word' id='word_1_70' title='bbox 1776 1091 1978 1180; x_wconf 80' lang='grc' dir='ltr'><strong>σιωπὴ,</strong></span> 
     </span>
    </p>
   </div>
   <div class='ocr_carea' id='block_1_11' title="bbox 400 1196 1977 1274">
    <p class='ocr_par' dir='ltr' id='par_1_11' title="bbox 400 1196 1977 1274">
     <span class='ocr_line' id='line_1_11' title="bbox 400 1196 1977 1274; baseline 0.006 -27"><span class='ocrx_word' id='word_1_71' title='bbox 400 1196 890 1267; x_wconf 84' lang='grc' dir='ltr'><strong>ταπεινοφροσύνη,</strong></span> <span class='ocrx_word' id='word_1_72' title='bbox 926 1203 1333 1269; x_wconf 83' lang='grc' dir='ltr'><strong>ταπεινολογία,</strong></span> <span class='ocrx_word' id='word_1_73' title='bbox 1374 1205 1787 1274; x_wconf 83' lang='grc' dir='ltr'><strong>ταπεινοφορία,</strong></span> <span class='ocrx_word' id='word_1_74' title='bbox 1816 1204 1977 1256; x_wconf 85' lang='grc' dir='ltr'><strong>αὑτο-</strong></span> 
     </span>
    </p>
   </div>
   <div class='ocr_carea' id='block_1_12' title="bbox 405 1286 1980 1367">
    <p class='ocr_par' dir='ltr' id='par_1_12' title="bbox 405 1286 1980 1367">
     <span class='ocr_line' id='line_1_12' title="bbox 405 1286 1980 1367; baseline 0.007 -28"><span class='ocrx_word' id='word_1_75' title='bbox 405 1286 644 1355; x_wconf 69' lang='grc' dir='ltr'><strong>μεμψία,</strong></span> <span class='ocrx_word' id='word_1_76' title='bbox 709 1290 991 1359; x_wconf 79' lang='grc' dir='ltr'><strong>συντριϐὴ,</strong></span> <span class='ocrx_word' id='word_1_77' title='bbox 1050 1294 1294 1363; x_wconf 85' lang='grc' dir='ltr'><strong>ὲσχατιά.</strong></span> <span class='ocrx_word' id='word_1_78' title='bbox 1328 1296 1440 1348; x_wconf 79' lang='grc' dir='ltr'><strong>Καὶ</strong></span> <span class='ocrx_word' id='word_1_79' title='bbox 1479 1297 1510 1365; x_wconf 83' lang='grc' dir='ltr'>ἡ</span> <span class='ocrx_word' id='word_1_80' title='bbox 1554 1295 1652 1363; x_wconf 85' lang='grc' dir='ltr'><strong>μὲν</strong></span> <span class='ocrx_word' id='word_1_81' title='bbox 1712 1295 1890 1367; x_wconf 84' lang='grc' dir='ltr'><strong>σιωπὴ</strong></span> <span class='ocrx_word' id='word_1_82' title='bbox 1921 1299 1980 1350; x_wconf 84' lang='grc' dir='ltr'><strong>ὲν</strong></span> 
     </span>
    </p>
   </div>
   <div class='ocr_carea' id='block_1_13' title="bbox 401 1377 1979 1456">
    <p class='ocr_par' dir='ltr' id='par_1_13' title="bbox 401 1377 1979 1456">
     <span class='ocr_line' id='line_1_13' title="bbox 401 1377 1979 1456; baseline 0.015 -29"><span class='ocrx_word' id='word_1_83' title='bbox 401 1378 600 1444; x_wconf 75' lang='grc' dir='ltr'><strong>γνώσει</strong></span> <span class='ocrx_word' id='word_1_84' title='bbox 626 1377 802 1431; x_wconf 79' lang='grc' dir='ltr'><strong>τίκτει</strong></span> <span class='ocrx_word' id='word_1_85' title='bbox 831 1384 930 1448; x_wconf 68' lang='grc' dir='ltr'><strong>τὴν</strong></span> <span class='ocrx_word' id='word_1_86' title='bbox 950 1385 1473 1455; x_wconf 87' lang='grc' dir='ltr'><strong>ταπεινοφροσύνην.</strong></span> <span class='ocrx_word' id='word_1_87' title='bbox 1545 1387 1640 1439; x_wconf 85' lang='grc' dir='ltr'><strong>Ἐκ</strong></span> <span class='ocrx_word' id='word_1_88' title='bbox 1666 1387 1720 1438; x_wconf 80' lang='grc' dir='ltr'><strong>δὲ</strong></span> <span class='ocrx_word' id='word_1_89' title='bbox 1754 1388 1852 1456; x_wconf 78' lang='grc' dir='ltr'><strong>τῆς</strong></span> <span class='ocrx_word' id='word_1_90' title='bbox 1880 1405 1979 1440; x_wconf 83' lang='grc' dir='ltr'><strong>τα⁶</strong></span> 
     </span>
    </p>
   </div>
   <div class='ocr_carea' id='block_1_14' title="bbox 401 1469 1980 1546">
    <p class='ocr_par' dir='ltr' id='par_1_14' title="bbox 401 1469 1980 1546">
     <span class='ocr_line' id='line_1_14' title="bbox 401 1469 1980 1546; baseline 0.009 -30"><span class='ocrx_word' id='word_1_91' title='bbox 401 1469 831 1539; x_wconf 77' lang='grc' dir='ltr'><strong>πεινοφροσύνης</strong></span> <span class='ocrx_word' id='word_1_92' title='bbox 870 1470 1144 1525; x_wconf 84' lang='grc' dir='ltr'><strong>τίκτονται</strong></span> <span class='ocrx_word' id='word_1_93' title='bbox 1181 1476 1230 1526; x_wconf 74' lang='grc' dir='ltr'><strong>οἱ</strong></span> <span class='ocrx_word' id='word_1_94' title='bbox 1261 1478 1410 1545; x_wconf 83' lang='grc' dir='ltr'>τρεῖς</span> <span class='ocrx_word' id='word_1_95' title='bbox 1438 1476 1630 1545; x_wconf 90' lang='grc' dir='ltr'><strong>τρόποι</strong></span> <span class='ocrx_word' id='word_1_96' title='bbox 1661 1478 1758 1546; x_wconf 80' lang='grc' dir='ltr'><strong>τῆς</strong></span> <span class='ocrx_word' id='word_1_97' title='bbox 1786 1495 1980 1530; x_wconf 82' lang='grc' dir='ltr'><strong>ταπει-</strong></span> 
     </span>
    </p>
   </div>
   <div class='ocr_carea' id='block_1_15' title="bbox 400 1557 1982 1634">
    <p class='ocr_par' dir='ltr' id='par_1_15' title="bbox 400 1557 1982 1634">
     <span class='ocr_line' id='line_1_15' title="bbox 400 1557 1982 1634; baseline 0.009 -25"><span class='ocrx_word' id='word_1_98' title='bbox 400 1557 650 1620; x_wconf 79' lang='grc' dir='ltr'><strong>νώσεωςο</strong></span> <span class='ocrx_word' id='word_1_99' title='bbox 714 1561 776 1613; x_wconf 76' lang='grc' dir='ltr'><strong>τὸ</strong></span> <span class='ocrx_word' id='word_1_100' title='bbox 836 1565 1072 1617; x_wconf 83' lang='grc' dir='ltr'><strong>ταπεινά</strong></span> <span class='ocrx_word' id='word_1_101' title='bbox 1106 1565 1463 1634; x_wconf 79' lang='grc' dir='ltr'><strong>φθέγγεσθαι,</strong></span> <span class='ocrx_word' id='word_1_102' title='bbox 1515 1569 1577 1621; x_wconf 79' lang='grc' dir='ltr'><strong>τὸ</strong></span> <span class='ocrx_word' id='word_1_103' title='bbox 1618 1571 1852 1623; x_wconf 76' lang='grc' dir='ltr'><strong>ταπεινὰ</strong></span> <span class='ocrx_word' id='word_1_104' title='bbox 1889 1571 1982 1623; x_wconf 74' lang='grc' dir='ltr'><strong>καὶ</strong></span> 
     </span>
    </p>
   </div>
   <div class='ocr_carea' id='block_1_16' title="bbox 400 1650 1977 1730">
    <p class='ocr_par' dir='ltr' id='par_1_16' title="bbox 400 1650 1977 1730">
     <span class='ocr_line' id='line_1_16' title="bbox 400 1650 1977 1730; baseline 0.01 -29"><span class='ocrx_word' id='word_1_105' title='bbox 400 1650 592 1720; x_wconf 82' lang='grc' dir='ltr'>εὐτελῆ</span> <span class='ocrx_word' id='word_1_106' title='bbox 631 1655 837 1723; x_wconf 81' lang='grc' dir='ltr'><strong>φορεῖν,</strong></span> <span class='ocrx_word' id='word_1_107' title='bbox 873 1655 970 1708; x_wconf 79' lang='grc' dir='ltr'><strong>καὶ</strong></span> <span class='ocrx_word' id='word_1_108' title='bbox 1015 1656 1074 1708; x_wconf 74' lang='grc' dir='ltr'><strong>τὸ</strong></span> <span class='ocrx_word' id='word_1_109' title='bbox 1107 1659 1296 1711; x_wconf 78' lang='grc' dir='ltr'><strong>ἑαυτὸν</strong></span> <span class='ocrx_word' id='word_1_110' title='bbox 1323 1659 1614 1724; x_wconf 79' lang='grc' dir='ltr'><strong>διαπαντὸς</strong></span> <span class='ocrx_word' id='word_1_111' title='bbox 1643 1662 1977 1730; x_wconf 73' lang='grc' dir='ltr'><strong>μέμφεσθαι.</strong></span> 
     </span>
    </p>
   </div>
   <div class='ocr_carea' id='block_1_17' title="bbox 401 1738 1980 1820">
    <p class='ocr_par' dir='ltr' id='par_1_17' title="bbox 401 1738 1980 1820">
     <span class='ocr_line' id='line_1_17' title="bbox 401 1738 1980 1820; baseline 0.008 -32"><span class='ocrx_word' id='word_1_112' title='bbox 401 1738 464 1789; x_wconf 81' lang='lat' dir='ltr'><strong>Oi</strong></span> <span class='ocrx_word' id='word_1_113' title='bbox 497 1741 644 1806; x_wconf 83' lang='grc' dir='ltr'><strong>τρεῖς</strong></span> <span class='ocrx_word' id='word_1_114' title='bbox 665 1740 721 1792; x_wconf 84' lang='grc' dir='ltr'><strong>δὲ</strong></span> <span class='ocrx_word' id='word_1_115' title='bbox 750 1742 940 1810; x_wconf 84' lang='grc' dir='ltr'><strong>τρόποι</strong></span> <span class='ocrx_word' id='word_1_116' title='bbox 975 1738 1119 1799; x_wconf 77' lang='grc' dir='ltr'><strong>οὗτοι</strong></span> <span class='ocrx_word' id='word_1_117' title='bbox 1155 1745 1398 1801; x_wconf 90' lang='grc' dir='ltr'><strong>τίκτουσι</strong></span> <span class='ocrx_word' id='word_1_118' title='bbox 1433 1749 1532 1818; x_wconf 77' lang='grc' dir='ltr'><strong>τὴν</strong></span> <span class='ocrx_word' id='word_1_119' title='bbox 1564 1751 1856 1820; x_wconf 78' lang='grc' dir='ltr'><strong>συντριϐὴν</strong></span> <span class='ocrx_word' id='word_1_120' title='bbox 1882 1751 1980 1820; x_wconf 70' lang='grc' dir='ltr'><strong>τὴν</strong></span> 
     </span>
    </p>
   </div>
   <div class='ocr_carea' id='block_1_18' title="bbox 400 1827 1976 1908">
    <p class='ocr_par' dir='ltr' id='par_1_18' title="bbox 400 1827 1976 1908">
     <span class='ocr_line' id='line_1_18' title="bbox 400 1827 1976 1908; baseline 0.007 -30"><span class='ocrx_word' id='word_1_121' title='bbox 400 1827 464 1880; x_wconf 83' lang='grc' dir='ltr'><strong>ὲκ</strong></span> <span class='ocrx_word' id='word_1_122' title='bbox 497 1829 596 1897; x_wconf 79' lang='grc' dir='ltr'><strong>τῆς</strong></span> <span class='ocrx_word' id='word_1_123' title='bbox 634 1834 1084 1902; x_wconf 76' lang='grc' dir='ltr'><strong>παραχωρήσεως</strong></span> <span class='ocrx_word' id='word_1_124' title='bbox 1135 1835 1245 1888; x_wconf 86' lang='grc' dir='ltr'><strong>τῶν</strong></span> <span class='ocrx_word' id='word_1_125' title='bbox 1289 1839 1612 1907; x_wconf 73' lang='grc' dir='ltr'><strong>πειρασμῶν</strong></span> <span class='ocrx_word' id='word_1_126' title='bbox 1664 1841 1976 1908; x_wconf 76' lang='grc' dir='ltr'><strong>γινομένην,</strong></span> 
     </span>
    </p>
   </div>
   <div class='ocr_carea' id='block_1_19' title="bbox 401 1919 1983 1995">
    <p class='ocr_par' dir='ltr' id='par_1_19' title="bbox 401 1919 1983 1995">
     <span class='ocr_line' id='line_1_19' title="bbox 401 1919 1983 1995; baseline 0.008 -27"><span class='ocrx_word' id='word_1_127' title='bbox 401 1919 466 1985; x_wconf 79' lang='grc' dir='ltr'><strong>ἢν</strong></span> <span class='ocrx_word' id='word_1_128' title='bbox 497 1920 588 1971; x_wconf 81' lang='grc' dir='ltr'><strong>καὶ</strong></span> <span class='ocrx_word' id='word_1_129' title='bbox 623 1923 973 1995; x_wconf 77' lang='grc' dir='ltr'><strong>οἰκονομικὴν</strong></span> <span class='ocrx_word' id='word_1_130' title='bbox 1005 1925 1284 1979; x_wconf 78' lang='grc' dir='ltr'>παίδευσιν</span> <span class='ocrx_word' id='word_1_131' title='bbox 1320 1927 1611 1994; x_wconf 78' lang='grc' dir='ltr'><strong>φάσκουσι,</strong></span> <span class='ocrx_word' id='word_1_132' title='bbox 1649 1930 1744 1984; x_wconf 72' lang='grc' dir='ltr'><strong>καὶ</strong></span> <span class='ocrx_word' id='word_1_133' title='bbox 1771 1932 1833 1982; x_wconf 86' lang='grc' dir='ltr'><strong>ἐκ</strong></span> <span class='ocrx_word' id='word_1_134' title='bbox 1866 1930 1983 1982; x_wconf 81' lang='grc' dir='ltr'><strong>δαι·</strong></span> 
     </span>
    </p>
   </div>
   <div class='ocr_carea' id='block_1_20' title="bbox 409 2011 1981 2091">
    <p class='ocr_par' dir='ltr' id='par_1_20' title="bbox 409 2011 1981 2091">
     <span class='ocr_line' id='line_1_20' title="bbox 409 2011 1981 2091; baseline 0.008 -30"><span class='ocrx_word' id='word_1_135' title='bbox 409 2011 585 2078; x_wconf 82' lang='grc' dir='ltr'><strong>μόνων</strong></span> <span class='ocrx_word' id='word_1_136' title='bbox 636 2015 986 2067; x_wconf 77' lang='grc' dir='ltr'><strong>ταπείνωσιν.</strong></span> <span class='ocrx_word' id='word_1_137' title='bbox 1055 2017 1118 2068; x_wconf 78' lang='grc' dir='ltr'><strong>Ἦ</strong></span> <span class='ocrx_word' id='word_1_138' title='bbox 1174 2018 1231 2070; x_wconf 86' lang='grc' dir='ltr'><strong>δὲ</strong></span> <span class='ocrx_word' id='word_1_139' title='bbox 1263 2019 1523 2090; x_wconf 78' lang='grc' dir='ltr'><strong>συντριϐὴ</strong></span> <span class='ocrx_word' id='word_1_140' title='bbox 1563 2021 1803 2091; x_wconf 79' lang='grc' dir='ltr'><strong>εὐχερῶς</strong></span> <span class='ocrx_word' id='word_1_141' title='bbox 1833 2021 1981 2091; x_wconf 75' lang='grc' dir='ltr'><strong>ἔργῳ</strong></span> 
     </span>
    </p>
   </div>
   <div class='ocr_carea' id='block_1_21' title="bbox 407 2101 1979 2182">
    <p class='ocr_par' dir='ltr' id='par_1_21' title="bbox 407 2101 1979 2182">
     <span class='ocr_line' id='line_1_21' title="bbox 407 2101 1979 2182; baseline 0.01 -31"><span class='ocrx_word' id='word_1_142' title='bbox 407 2103 552 2152; x_wconf 84' lang='grc' dir='ltr'><strong>ποιεῖ</strong></span> <span class='ocrx_word' id='word_1_143' title='bbox 581 2101 678 2171; x_wconf 82' lang='grc' dir='ltr'><strong>τὴν</strong></span> <span class='ocrx_word' id='word_1_144' title='bbox 709 2103 888 2175; x_wconf 77' lang='grc' dir='ltr'><strong>ψυχὴν</strong></span> <span class='ocrx_word' id='word_1_145' title='bbox 918 2105 1174 2160; x_wconf 75' lang='grc' dir='ltr'><strong>ὑποκάτω</strong></span> <span class='ocrx_word' id='word_1_146' title='bbox 1201 2110 1417 2162; x_wconf 83' lang='grc' dir='ltr'><strong>πάντων</strong></span> <span class='ocrx_word' id='word_1_147' title='bbox 1436 2107 1594 2176; x_wconf 76' lang='grc' dir='ltr'><strong>εἶναι,</strong></span> <span class='ocrx_word' id='word_1_148' title='bbox 1630 2113 1722 2165; x_wconf 76' lang='grc' dir='ltr'><strong>καὶ</strong></span> <span class='ocrx_word' id='word_1_149' title='bbox 1753 2112 1979 2182; x_wconf 79' lang='grc' dir='ltr'><strong>ἔσχατον</strong></span> 
     </span>
    </p>
   </div>
   <div class='ocr_carea' id='block_1_22' title="bbox 407 2190 1979 2270">
    <p class='ocr_par' dir='ltr' id='par_1_22' title="bbox 407 2190 1979 2270">
     <span class='ocr_line' id='line_1_22' title="bbox 407 2190 1979 2270; baseline 0.01 -29"><span class='ocrx_word' id='word_1_150' title='bbox 407 2190 645 2254; x_wconf 77' lang='grc' dir='ltr'><strong>πάντων,</strong></span> <span class='ocrx_word' id='word_1_151' title='bbox 666 2191 741 2254; x_wconf 82' lang='grc' dir='ltr'><strong>ὡς</strong></span> <span class='ocrx_word' id='word_1_152' title='bbox 763 2194 865 2246; x_wconf 84' lang='grc' dir='ltr'><strong>ὑπὸ</strong></span> <span class='ocrx_word' id='word_1_153' title='bbox 896 2195 1111 2248; x_wconf 86' lang='grc' dir='ltr'><strong>πάντων</strong></span> <span class='ocrx_word' id='word_1_154' title='bbox 1142 2199 1556 2270; x_wconf 84' lang='grc' dir='ltr'><strong>κυριευομένην.</strong></span> <span class='ocrx_word' id='word_1_155' title='bbox 1587 2202 1648 2254; x_wconf 81' lang='grc' dir='ltr'><strong>Οἱ</strong></span> <span class='ocrx_word' id='word_1_156' title='bbox 1672 2202 1781 2255; x_wconf 86' lang='grc' dir='ltr'><strong>δύω</strong></span> <span class='ocrx_word' id='word_1_157' title='bbox 1809 2203 1866 2256; x_wconf 80' lang='grc' dir='ltr'><strong>δὲ</strong></span> <span class='ocrx_word' id='word_1_158' title='bbox 1887 2198 1979 2258; x_wconf 56' lang='grc' dir='ltr'><strong>οἶν</strong></span> 
     </span>
    </p>
   </div>
   <div class='ocr_carea' id='block_1_23' title="bbox 407 2282 1976 2362">
    <p class='ocr_par' dir='ltr' id='par_1_23' title="bbox 407 2282 1976 2362">
     <span class='ocr_line' id='line_1_23' title="bbox 407 2282 1976 2362; baseline 0.008 -30"><span class='ocrx_word' id='word_1_159' title='bbox 407 2297 489 2332; x_wconf 88' lang='grc' dir='ltr'><strong>τοι</strong></span> <span class='ocrx_word' id='word_1_160' title='bbox 518 2282 708 2351; x_wconf 89' lang='grc' dir='ltr'><strong>τρόποι</strong></span> <span class='ocrx_word' id='word_1_161' title='bbox 726 2283 824 2352; x_wconf 82' lang='grc' dir='ltr'><strong>τὴν</strong></span> <span class='ocrx_word' id='word_1_162' title='bbox 853 2285 1063 2337; x_wconf 87' lang='grc' dir='ltr'><strong>τελείαν</strong></span> <span class='ocrx_word' id='word_1_163' title='bbox 1110 2287 1203 2340; x_wconf 78' lang='grc' dir='ltr'><strong>καὶ</strong></span> <span class='ocrx_word' id='word_1_164' title='bbox 1233 2287 1570 2358; x_wconf 82' lang='grc' dir='ltr'><strong>θεοδώρητον</strong></span> <span class='ocrx_word' id='word_1_165' title='bbox 1625 2290 1850 2362; x_wconf 86' lang='grc' dir='ltr'><strong>φέρουσι</strong></span> <span class='ocrx_word' id='word_1_166' title='bbox 1876 2309 1976 2345; x_wconf 81' lang='grc' dir='ltr'><strong>τα·</strong></span> 
     </span>
    </p>
   </div>
   <div class='ocr_carea' id='block_1_24' title="bbox 406 2373 1977 2450">
    <p class='ocr_par' dir='ltr' id='par_1_24' title="bbox 406 2373 1977 2450">
     <span class='ocr_line' id='line_1_24' title="bbox 406 2373 1977 2450; baseline 0.007 -28"><span class='ocrx_word' id='word_1_167' title='bbox 406 2373 678 2437; x_wconf 84' lang='grc' dir='ltr'><strong>πείνωσιν,</strong></span> <span class='ocrx_word' id='word_1_168' title='bbox 716 2375 903 2443; x_wconf 76' lang='grc' dir='ltr'><strong>ἥντινα</strong></span> <span class='ocrx_word' id='word_1_169' title='bbox 952 2375 1182 2446; x_wconf 84' lang='grc' dir='ltr'><strong>δύναμιν</strong></span> <span class='ocrx_word' id='word_1_170' title='bbox 1257 2378 1574 2450; x_wconf 85' lang='grc' dir='ltr'><strong>τελειότητα</strong></span> <span class='ocrx_word' id='word_1_171' title='bbox 1631 2383 1821 2435; x_wconf 85' lang='grc' dir='ltr'><strong>πασῶν</strong></span> <span class='ocrx_word' id='word_1_172' title='bbox 1869 2383 1977 2436; x_wconf 87' lang='grc' dir='ltr'><strong>τῶν</strong></span> 
     </span>
    </p>
   </div>
   <div class='ocr_carea' id='block_1_25' title="bbox 405 2462 1979 2545">
    <p class='ocr_par' dir='ltr' id='par_1_25' title="bbox 405 2462 1979 2545">
     <span class='ocr_line' id='line_1_25' title="bbox 405 2462 1979 2545; baseline 0.01 -32"><span class='ocrx_word' id='word_1_173' title='bbox 405 2462 616 2530; x_wconf 84' lang='grc' dir='ltr'><strong>ἀρετῶν</strong></span> <span class='ocrx_word' id='word_1_174' title='bbox 637 2465 861 2517; x_wconf 79' lang='grc' dir='ltr'><strong>καλοῦσι</strong></span> <span class='ocrx_word' id='word_1_175' title='bbox 883 2482 897 2495; x_wconf 79' lang='grc'><strong><em>⁸</em></strong></span> <span class='ocrx_word' id='word_1_176' title='bbox 930 2467 1023 2519; x_wconf 72' lang='grc' dir='ltr'><strong>καὶ</strong></span> <span class='ocrx_word' id='word_1_177' title='bbox 1049 2467 1188 2538; x_wconf 78' lang='grc' dir='ltr'><strong>αὕτη</strong></span> <span class='ocrx_word' id='word_1_178' title='bbox 1210 2472 1508 2541; x_wconf 74' lang='grc' dir='ltr'><strong>ἐπιγράφει</strong></span> <span class='ocrx_word' id='word_1_179' title='bbox 1538 2473 1657 2543; x_wconf 82' lang='grc' dir='ltr'><strong>Θεῷ</strong></span> <span class='ocrx_word' id='word_1_180' title='bbox 1688 2475 1753 2528; x_wconf 77' lang='grc' dir='ltr'><strong>τά</strong></span> <span class='ocrx_word' id='word_1_181' title='bbox 1783 2493 1979 2545; x_wconf 82' lang='grc' dir='ltr'><strong>κατορ-</strong></span> 
     </span>
    </p>
   </div>
   <div class='ocr_carea' id='block_1_26' title="bbox 406 2553 1977 2638">
    <p class='ocr_par' dir='ltr' id='par_1_26' title="bbox 406 2553 1977 2638">
     <span class='ocr_line' id='line_1_26' title="bbox 406 2553 1977 2638; baseline 0.01 -33"><span class='ocrx_word' id='word_1_182' title='bbox 406 2553 655 2622; x_wconf 80' lang='grc' dir='ltr'><strong>θώματα.</strong></span> <span class='ocrx_word' id='word_1_183' title='bbox 716 2557 913 2627; x_wconf 81' lang='grc' dir='ltr'><strong>Πρώτη</strong></span> <span class='ocrx_word' id='word_1_184' title='bbox 963 2554 1054 2612; x_wconf 84' lang='grc' dir='ltr'><strong>οὑν</strong></span> <span class='ocrx_word' id='word_1_185' title='bbox 1095 2561 1308 2613; x_wconf 86' lang='grc' dir='ltr'><strong>πάντων</strong></span> <span class='ocrx_word' id='word_1_186' title='bbox 1336 2563 1483 2616; x_wconf 66' lang='grc' dir='ltr'><strong>ἑστιν</strong></span> <span class='ocrx_word' id='word_1_187' title='bbox 1526 2565 1558 2634; x_wconf 84' lang='grc' dir='ltr'>ή</span> <span class='ocrx_word' id='word_1_188' title='bbox 1590 2567 1790 2634; x_wconf 72' lang='grc' dir='ltr'><strong>σιωπὴ,</strong></span> <span class='ocrx_word' id='word_1_189' title='bbox 1827 2567 1884 2632; x_wconf 77' lang='grc' dir='ltr'>ἐξ</span> <span class='ocrx_word' id='word_1_190' title='bbox 1911 2565 1977 2638; x_wconf 80' lang='grc' dir='ltr'><strong>ἦς</strong></span> 
     </span>
    </p>
   </div>
   <div class='ocr_carea' id='block_1_27' title="bbox 403 2643 1976 2724">
    <p class='ocr_par' dir='ltr' id='par_1_27' title="bbox 403 2643 1976 2724">
     <span class='ocr_line' id='line_1_27' title="bbox 403 2643 1976 2724; baseline 0.01 -30"><span class='ocrx_word' id='word_1_191' title='bbox 403 2643 712 2714; x_wconf 80' lang='grc' dir='ltr'><strong>τίκτεταιή</strong></span> <span class='ocrx_word' id='word_1_192' title='bbox 772 2650 1280 2722; x_wconf 84' lang='grc' dir='ltr'><strong>ταπεινοφροσύνη·</strong></span> <span class='ocrx_word' id='word_1_193' title='bbox 1335 2652 1474 2724; x_wconf 76' lang='grc' dir='ltr'><strong>αὕτη</strong></span> <span class='ocrx_word' id='word_1_194' title='bbox 1505 2653 1558 2706; x_wconf 83' lang='grc' dir='ltr'><strong>δὲ</strong></span> <span class='ocrx_word' id='word_1_195' title='bbox 1616 2654 1792 2708; x_wconf 81' lang='grc' dir='ltr'><strong>τίκτει</strong></span> <span class='ocrx_word' id='word_1_196' title='bbox 1853 2661 1976 2720; x_wconf 64' lang='grc' dir='ltr'><strong>τοὺς</strong></span> 
     </span>
    </p>
   </div>
   <div class='ocr_carea' id='block_1_28' title="bbox 403 2734 1977 2811">
    <p class='ocr_par' dir='ltr' id='par_1_28' title="bbox 403 2734 1977 2811">
     <span class='ocr_line' id='line_1_28' title="bbox 403 2734 1977 2811; baseline 0.008 -28"><span class='ocrx_word' id='word_1_197' title='bbox 403 2735 552 2803; x_wconf 83' lang='grc' dir='ltr'><strong>τρεῖς</strong></span> <span class='ocrx_word' id='word_1_198' title='bbox 581 2734 818 2804; x_wconf 83' lang='grc' dir='ltr'><strong>τρόπους</strong></span> <span class='ocrx_word' id='word_1_199' title='bbox 843 2737 941 2806; x_wconf 82' lang='grc' dir='ltr'><strong>τῆς</strong></span> <span class='ocrx_word' id='word_1_200' title='bbox 961 2741 1366 2804; x_wconf 78' lang='grc' dir='ltr'><strong>ταπεινώσεως.</strong></span> <span class='ocrx_word' id='word_1_201' title='bbox 1391 2742 1453 2794; x_wconf 83' lang='grc' dir='ltr'>Οἱ</span> <span class='ocrx_word' id='word_1_202' title='bbox 1475 2744 1622 2811; x_wconf 86' lang='grc' dir='ltr'><strong>τρεῖς</strong></span> <span class='ocrx_word' id='word_1_203' title='bbox 1661 2742 1717 2795; x_wconf 86' lang='grc' dir='ltr'><strong>δὲ</strong></span> <span class='ocrx_word' id='word_1_204' title='bbox 1735 2743 1977 2797; x_wconf 74' lang='grc' dir='ltr'><strong>τίκτουσι</strong></span> 
     </span>
    </p>
   </div>
   <div class='ocr_carea' id='block_1_29' title="bbox 401 2825 1978 2906">
    <p class='ocr_par' dir='ltr' id='par_1_29' title="bbox 401 2825 1978 2906">
     <span class='ocr_line' id='line_1_29' title="bbox 401 2825 1978 2906; baseline 0.007 -29"><span class='ocrx_word' id='word_1_205' title='bbox 401 2825 494 2878; x_wconf 77' lang='grc' dir='ltr'><strong>τὸν</strong></span> <span class='ocrx_word' id='word_1_206' title='bbox 532 2827 628 2880; x_wconf 77' lang='grc' dir='ltr'><strong>ἕνα</strong></span> <span class='ocrx_word' id='word_1_207' title='bbox 656 2830 756 2899; x_wconf 75' lang='grc' dir='ltr'><strong>τῆς</strong></span> <span class='ocrx_word' id='word_1_208' title='bbox 803 2830 1120 2900; x_wconf 79' lang='grc' dir='ltr'><strong>συντριὸἤς’</strong></span> <span class='ocrx_word' id='word_1_209' title='bbox 1163 2833 1191 2884; x_wconf 91' lang='grc' dir='ltr'><strong>ό</strong></span> <span class='ocrx_word' id='word_1_210' title='bbox 1234 2832 1290 2885; x_wconf 84' lang='grc' dir='ltr'><strong>δὲ</strong></span> <span class='ocrx_word' id='word_1_211' title='bbox 1325 2832 1426 2902; x_wconf 85' lang='grc' dir='ltr'><strong>τῆς</strong></span> <span class='ocrx_word' id='word_1_212' title='bbox 1479 2835 1769 2906; x_wconf 81' lang='grc' dir='ltr'><strong>συντριϐἧς</strong></span> <span class='ocrx_word' id='word_1_213' title='bbox 1804 2835 1978 2889; x_wconf 89' lang='grc' dir='ltr'><strong>τίκτει</strong></span> 
     </span>
    </p>
   </div>
   <div class='ocr_carea' id='block_1_30' title="bbox 1449 187 2618 268">
    <p class='ocr_par' dir='ltr' id='par_1_30' title="bbox 1449 187 2618 268">
     <span class='ocr_line' id='line_1_30' title="bbox 1449 187 2618 268; baseline 0.022 -26"><span class='ocrx_word' id='word_1_214' title='bbox 1449 187 1538 244; x_wconf 83' lang='lat' dir='ltr'><strong>CA</strong></span> <span class='ocrx_word' id='word_1_215' title='bbox 1553 189 1728 248; x_wconf 81' lang='lat' dir='ltr'><strong>PITA</strong></span> <span class='ocrx_word' id='word_1_216' title='bbox 1772 192 1920 250; x_wconf 75' lang='lat' dir='ltr'><strong>PER</strong></span> <span class='ocrx_word' id='word_1_217' title='bbox 1969 194 2389 264; x_wconf 77' lang='lat' dir='ltr'><strong>ACROSTICH</strong></span> <span class='ocrx_word' id='word_1_218' title='bbox 2409 207 2618 268; x_wconf 79' lang='lat' dir='ltr'><strong>IDEM.</strong></span> 
     </span>
    </p>
   </div>
   <div class='ocr_carea' id='block_1_31' title="bbox 403 281 2054 363">
    <p class='ocr_par' dir='ltr' id='par_1_31' title="bbox 403 281 2054 363">
     <span class='ocr_line' id='line_1_31' title="bbox 403 281 2054 363; baseline 0.003 -21"><span class='ocrx_word' id='word_1_219' title='bbox 403 281 614 346; x_wconf 68' lang='grc' dir='ltr'><strong>λό’έουςο</strong></span> <span class='ocrx_word' id='word_1_220' title='bbox 647 281 932 351; x_wconf 69' lang='grc' dir='ltr'><strong>ἡδύναμις</strong></span> <span class='ocrx_word' id='word_1_221' title='bbox 964 286 1062 354; x_wconf 82' lang='grc' dir='ltr'><strong>τῆς</strong></span> <span class='ocrx_word' id='word_1_222' title='bbox 1095 286 1307 356; x_wconf 76' lang='grc' dir='ltr'><strong>νοερᾶς,</strong></span> <span class='ocrx_word' id='word_1_223' title='bbox 1333 288 1425 339; x_wconf 81' lang='grc' dir='ltr'><strong>καὶ</strong></span> <span class='ocrx_word' id='word_1_224' title='bbox 1455 291 1722 362; x_wconf 76' lang='grc' dir='ltr'><strong>καθαρᾶς,</strong></span> <span class='ocrx_word' id='word_1_225' title='bbox 1755 295 1845 346; x_wconf 71' lang='grc' dir='ltr'><strong>καὶ</strong></span> <span class='ocrx_word' id='word_1_226' title='bbox 1880 295 1979 363; x_wconf 83' lang='grc' dir='ltr'><strong>ἀγ·</strong></span> <span class='ocrx_word' id='word_1_227' title='bbox 2011 308 2054 362; x_wconf 77' lang='grc' dir='ltr'><strong>Α</strong></span> 
     </span>
    </p>
   </div>
   <div class='ocr_carea' id='block_1_32' title="bbox 3521 216 3657 282">
    <p class='ocr_par' dir='ltr' id='par_1_32' title="bbox 3521 216 3657 282">
     <span class='ocr_line' id='line_1_32' title="bbox 3521 216 3657 282; baseline -0.037 0"><span class='ocrx_word' id='word_1_228' title='bbox 3521 216 3657 282; x_wconf 63' lang='grc' dir='ltr'><strong>12ῦὲ</strong></span> 
     </span>
    </p>
   </div>
   <div class='ocr_carea' id='block_1_33' title="bbox 2086 313 3658 398">
    <p class='ocr_par' dir='ltr' id='par_1_33' title="bbox 2086 313 3658 398">
     <span class='ocr_line' id='line_1_33' title="bbox 2086 313 3658 398; baseline 0.015 -35"><span class='ocrx_word' id='word_1_229' title='bbox 2086 313 2388 382; x_wconf 69' lang='lat' dir='ltr'><strong>theologos,</strong></span> <span class='ocrx_word' id='word_1_230' title='bbox 2425 320 2598 376; x_wconf 81' lang='lat' dir='ltr'><strong>virtus</strong></span> <span class='ocrx_word' id='word_1_231' title='bbox 2663 323 2915 378; x_wconf 67' lang='lat' dir='ltr'><strong>tnentalis</strong></span> <span class='ocrx_word' id='word_1_232' title='bbox 2984 340 3236 394; x_wconf 74' lang='lat' dir='ltr'><strong>purzrque</strong></span> <span class='ocrx_word' id='word_1_233' title='bbox 3285 335 3340 382; x_wconf 86' lang='lat' dir='ltr'><strong>et</strong></span> <span class='ocrx_word' id='word_1_234' title='bbox 3398 331 3658 398; x_wconf 61' lang='lat' dir='ltr'><strong>angelice</strong></span> 
     </span>
    </p>
   </div>
   <div class='ocr_carea' id='block_1_34' title="bbox 2079 407 3655 485">
    <p class='ocr_par' dir='ltr' id='par_1_34' title="bbox 2079 407 3655 485">
     <span class='ocr_line' id='line_1_34' title="bbox 2079 407 3655 485; baseline 0.011 -29"><span class='ocrx_word' id='word_1_235' title='bbox 2079 407 2343 464; x_wconf 86' lang='lat' dir='ltr'><strong>orationis</strong></span> <span class='ocrx_word' id='word_1_236' title='bbox 2385 427 2400 466; x_wconf 88' lang='lat'><strong>:</strong></span> <span class='ocrx_word' id='word_1_237' title='bbox 2434 413 2591 482; x_wconf 86' lang='lat' dir='ltr'><strong>cujus</strong></span> <span class='ocrx_word' id='word_1_238' title='bbox 2619 415 2828 485; x_wconf 80' lang='lat' dir='ltr'><strong>signum</strong></span> <span class='ocrx_word' id='word_1_239' title='bbox 2874 430 2955 471; x_wconf 85' lang='lat' dir='ltr'><strong>est</strong></span> <span class='ocrx_word' id='word_1_240' title='bbox 2995 433 3147 473; x_wconf 83' lang='lat' dir='ltr'><strong>mens</strong></span> <span class='ocrx_word' id='word_1_241' title='bbox 3176 420 3227 473; x_wconf 88' lang='lat' dir='ltr'><strong>in</strong></span> <span class='ocrx_word' id='word_1_242' title='bbox 3275 423 3484 476; x_wconf 76' lang='lat' dir='ltr'><strong>orando</strong></span> <span class='ocrx_word' id='word_1_243' title='bbox 3533 426 3655 478; x_wconf 89' lang='lat' dir='ltr'><strong>nul-</strong></span> 
     </span>
    </p>
   </div>
   <div class='ocr_carea' id='block_1_35' title="bbox 2078 496 3654 582">
    <p class='ocr_par' dir='ltr' id='par_1_35' title="bbox 2078 496 3654 582">
     <span class='ocr_line' id='line_1_35' title="bbox 2078 496 3654 582; baseline 0.013 -32"><span class='ocrx_word' id='word_1_244' title='bbox 2078 496 2184 552; x_wconf 85' lang='lat' dir='ltr'><strong>lam</strong></span> <span class='ocrx_word' id='word_1_245' title='bbox 2227 503 2502 572; x_wconf 83' lang='lat' dir='ltr'><strong>aspiciens</strong></span> <span class='ocrx_word' id='word_1_246' title='bbox 2538 506 2792 582; x_wconf 86' lang='lat' dir='ltr'><strong>formam,</strong></span> <span class='ocrx_word' id='word_1_247' title='bbox 2826 525 2926 564; x_wconf 78' lang='lat' dir='ltr'><strong>nec</strong></span> <span class='ocrx_word' id='word_1_248' title='bbox 2975 525 3035 564; x_wconf 90' lang='lat' dir='ltr'><strong>se</strong></span> <span class='ocrx_word' id='word_1_249' title='bbox 3097 521 3190 564; x_wconf 88' lang='lat' dir='ltr'><strong>attt</strong></span> <span class='ocrx_word' id='word_1_250' title='bbox 3248 513 3450 581; x_wconf 84' lang='lat' dir='ltr'><strong>aliquid</strong></span> <span class='ocrx_word' id='word_1_251' title='bbox 3507 516 3654 570; x_wconf 80' lang='lat' dir='ltr'><strong>aliud</strong></span> 
     </span>
    </p>
   </div>
   <div class='ocr_carea' id='block_1_36' title="bbox 2077 594 3648 672">
    <p class='ocr_par' dir='ltr' id='par_1_36' title="bbox 2077 594 3648 672">
     <span class='ocr_line' id='line_1_36' title="bbox 2077 594 3648 672; baseline 0.011 -29"><span class='ocrx_word' id='word_1_252' title='bbox 2077 605 2201 644; x_wconf 73' lang='lat' dir='ltr'><strong>mox</strong></span> <span class='ocrx_word' id='word_1_253' title='bbox 2233 594 2451 662; x_wconf 89' lang='lat' dir='ltr'><strong>videns,</strong></span> <span class='ocrx_word' id='word_1_254' title='bbox 2481 599 2576 652; x_wconf 88' lang='lat' dir='ltr'><strong>sed</strong></span> <span class='ocrx_word' id='word_1_255' title='bbox 2607 615 2633 652; x_wconf 93' lang='lat' dir='ltr'><strong>a</strong></span> <span class='ocrx_word' id='word_1_256' title='bbox 2669 602 2924 656; x_wconf 67' lang='lat' dir='ltr'><strong>sensibus</strong></span> <span class='ocrx_word' id='word_1_257' title='bbox 2963 618 3108 671; x_wconf 64' lang='lat' dir='ltr'><strong>saape</strong></span> <span class='ocrx_word' id='word_1_258' title='bbox 3133 604 3221 657; x_wconf 89' lang='lat' dir='ltr'><strong>illa</strong></span> <span class='ocrx_word' id='word_1_259' title='bbox 3249 605 3368 659; x_wconf 85' lang='lat' dir='ltr'><strong>luce</strong></span> <span class='ocrx_word' id='word_1_260' title='bbox 3399 607 3648 672; x_wconf 86' lang='lat' dir='ltr'><strong>abrepta.</strong></span> 
     </span>
    </p>
   </div>
   <div class='ocr_carea' id='block_1_37' title="bbox 2073 681 3649 763">
    <p class='ocr_par' dir='ltr' id='par_1_37' title="bbox 2073 681 3649 763">
     <span class='ocr_line' id='line_1_37' title="bbox 2073 681 3649 763; baseline 0.011 -31"><span class='ocrx_word' id='word_1_261' title='bbox 2073 681 2302 738; x_wconf 86' lang='lat' dir='ltr'><strong>Animus</strong></span> <span class='ocrx_word' id='word_1_262' title='bbox 2329 688 2472 739; x_wconf 88' lang='lat' dir='ltr'><strong>enim</strong></span> <span class='ocrx_word' id='word_1_263' title='bbox 2508 699 2638 744; x_wconf 91' lang='lat' dir='ltr'><strong>tunc</strong></span> <span class='ocrx_word' id='word_1_264' title='bbox 2686 689 3061 747; x_wconf 83' lang='lat' dir='ltr'><strong>imntaterialis</strong></span> <span class='ocrx_word' id='word_1_265' title='bbox 3090 705 3144 746; x_wconf 89' lang='lat' dir='ltr'><strong>et</strong></span> <span class='ocrx_word' id='word_1_266' title='bbox 3176 695 3388 750; x_wconf 84' lang='lat' dir='ltr'><strong>lucidus</strong></span> <span class='ocrx_word' id='word_1_267' title='bbox 3420 696 3498 763; x_wconf 86' lang='lat' dir='ltr'><strong>fit,</strong></span> <span class='ocrx_word' id='word_1_268' title='bbox 3533 698 3649 750; x_wconf 82' lang='lat' dir='ltr'><strong>Deo</strong></span> 
     </span>
    </p>
   </div>
   <div class='ocr_carea' id='block_1_38' title="bbox 2083 772 3342 852">
    <p class='ocr_par' dir='ltr' id='par_1_38' title="bbox 2083 772 3342 852">
     <span class='ocr_line' id='line_1_38' title="bbox 2083 772 3342 852; baseline 0.014 -28"><span class='ocrx_word' id='word_1_269' title='bbox 2083 772 2434 833; x_wconf 71' lang='lat' dir='ltr'><strong>ini-ﬂabiliter</strong></span> <span class='ocrx_word' id='word_1_270' title='bbox 2467 780 2519 834; x_wconf 90' lang='lat' dir='ltr'><strong>in</strong></span> <span class='ocrx_word' id='word_1_271' title='bbox 2557 781 2760 836; x_wconf 84' lang='lat' dir='ltr'><strong>unitate</strong></span> <span class='ocrx_word' id='word_1_272' title='bbox 2787 782 3010 852; x_wconf 86' lang='lat' dir='ltr'><strong>spiritus</strong></span> <span class='ocrx_word' id='word_1_273' title='bbox 3039 785 3342 842; x_wconf 69' lang='lat' dir='ltr'><strong>adhaerens.</strong></span> 
     </span>
    </p>
   </div>
   <div class='ocr_carea' id='block_1_39' title="bbox 2159 890 3663 947">
    <p class='ocr_par' dir='ltr' id='par_1_39' title="bbox 2159 890 3663 947">
     <span class='ocr_line' id='line_1_39' title="bbox 2159 890 3663 947; baseline 0.001 -5"><span class='ocrx_word' id='word_1_274' title='bbox 2159 890 2283 944; x_wconf 82' lang='lat' dir='ltr'><strong>H7.</strong></span> <span class='ocrx_word' id='word_1_275' title='bbox 2319 891 2622 947; x_wconf 85' lang='lat' dir='ltr'><strong>luleretttes</strong></span> <span class='ocrx_word' id='word_1_276' title='bbox 2652 902 2704 946; x_wconf 92' lang='lat' dir='ltr'><strong>et</strong></span> <span class='ocrx_word' id='word_1_277' title='bbox 2734 908 2994 947; x_wconf 81' lang='lat' dir='ltr'><strong>uucentcs</strong></span> <span class='ocrx_word' id='word_1_278' title='bbox 3025 897 3090 945; x_wconf 88' lang='lat' dir='ltr'><strong>ad</strong></span> <span class='ocrx_word' id='word_1_279' title='bbox 3116 895 3352 946; x_wconf 81' lang='lat' dir='ltr'><strong>divinam</strong></span> <span class='ocrx_word' id='word_1_280' title='bbox 3389 893 3663 945; x_wconf 79' lang='lat' dir='ltr'><strong>humilita-</strong></span> 
     </span>
    </p>
   </div>
   <div class='ocr_carea' id='block_1_40' title="bbox 2087 982 3658 1051">
    <p class='ocr_par' dir='ltr' id='par_1_40' title="bbox 2087 982 3658 1051">
     <span class='ocr_line' id='line_1_40' title="bbox 2087 982 3658 1051; baseline 0.002 -20"><span class='ocrx_word' id='word_1_281' title='bbox 2087 989 2191 1033; x_wconf 91' lang='lat' dir='ltr'><strong>tem</strong></span> <span class='ocrx_word' id='word_1_282' title='bbox 2224 992 2354 1036; x_wconf 90' lang='lat' dir='ltr'><strong>sunt</strong></span> <span class='ocrx_word' id='word_1_283' title='bbox 2385 982 2484 1036; x_wconf 85' lang='lat' dir='ltr'><strong>viae</strong></span> <span class='ocrx_word' id='word_1_284' title='bbox 2516 993 2724 1051; x_wconf 88' lang='lat' dir='ltr'><strong>septem</strong></span> <span class='ocrx_word' id='word_1_285' title='bbox 2748 984 3000 1049; x_wconf 66' lang='lat' dir='ltr'><strong>diversae,</strong></span> <span class='ocrx_word' id='word_1_286' title='bbox 3033 999 3151 1051; x_wconf 61' lang='lat' dir='ltr'><strong>qua</strong></span> <span class='ocrx_word' id='word_1_287' title='bbox 3178 1000 3237 1038; x_wconf 87' lang='lat' dir='ltr'><strong>se</strong></span> <span class='ocrx_word' id='word_1_288' title='bbox 3263 984 3494 1037; x_wconf 87' lang='lat' dir='ltr'><strong>invicem</strong></span> <span class='ocrx_word' id='word_1_289' title='bbox 3528 999 3658 1034; x_wconf 87' lang='lat' dir='ltr'><strong>con-</strong></span> 
     </span>
    </p>
   </div>
   <div class='ocr_carea' id='block_1_41' title="bbox 2084 1074 3656 1144">
    <p class='ocr_par' dir='ltr' id='par_1_41' title="bbox 2084 1074 3656 1144">
     <span class='ocr_line' id='line_1_41' title="bbox 2084 1074 3656 1144; baseline -0.002 -16"><span class='ocrx_word' id='word_1_290' title='bbox 2084 1082 2390 1143; x_wconf 85' lang='lat' dir='ltr'><strong>sequuntur</strong></span> <span class='ocrx_word' id='word_1_291' title='bbox 2425 1083 2476 1128; x_wconf 89' lang='lat' dir='ltr'><strong>et</strong></span> <span class='ocrx_word' id='word_1_292' title='bbox 2503 1087 2904 1144; x_wconf 71' lang='lat' dir='ltr'><strong>congenerant:</strong></span> <span class='ocrx_word' id='word_1_293' title='bbox 2932 1075 3236 1139; x_wconf 85' lang='lat' dir='ltr'><strong>silentium,</strong></span> <span class='ocrx_word' id='word_1_294' title='bbox 3279 1074 3500 1128; x_wconf 86' lang='lat' dir='ltr'><strong>humilis</strong></span> <span class='ocrx_word' id='word_1_295' title='bbox 3530 1089 3656 1128; x_wconf 84' lang='lat' dir='ltr'><strong>sen-</strong></span> 
     </span>
    </p>
   </div>
   <div class='ocr_carea' id='block_1_42' title="bbox 2083 1166 3658 1236">
    <p class='ocr_par' dir='ltr' id='par_1_42' title="bbox 2083 1166 3658 1236">
     <span class='ocr_line' id='line_1_42' title="bbox 2083 1166 3658 1236; baseline -0.001 -19"><span class='ocrx_word' id='word_1_296' title='bbox 2083 1180 2200 1228; x_wconf 85' lang='lat' dir='ltr'><strong>sus,</strong></span> <span class='ocrx_word' id='word_1_297' title='bbox 2245 1166 2702 1236; x_wconf 89' lang='lat' dir='ltr'><strong>ltumililoquium.</strong></span> <span class='ocrx_word' id='word_1_298' title='bbox 2740 1169 2958 1223; x_wconf 86' lang='lat' dir='ltr'><strong>humilis</strong></span> <span class='ocrx_word' id='word_1_299' title='bbox 2987 1168 3226 1234; x_wconf 89' lang='lat' dir='ltr'><strong>habitus,</strong></span> <span class='ocrx_word' id='word_1_300' title='bbox 3273 1167 3356 1222; x_wconf 86' lang='lat' dir='ltr'><strong>sui</strong></span> <span class='ocrx_word' id='word_1_301' title='bbox 3412 1177 3658 1220; x_wconf 85' lang='lat' dir='ltr'><strong>content-</strong></span> 
     </span>
    </p>
   </div>
   <div class='ocr_carea' id='block_1_43' title="bbox 2082 1258 3659 1330">
    <p class='ocr_par' dir='ltr' id='par_1_43' title="bbox 2082 1258 3659 1330">
     <span class='ocr_line' id='line_1_43' title="bbox 2082 1258 3659 1330; baseline 0.002 -24"><span class='ocrx_word' id='word_1_302' title='bbox 2082 1269 2232 1326; x_wconf 83' lang='lat' dir='ltr'><strong>ptus,</strong></span> <span class='ocrx_word' id='word_1_303' title='bbox 2271 1259 2548 1323; x_wconf 86' lang='lat' dir='ltr'><strong>contritio,</strong></span> <span class='ocrx_word' id='word_1_304' title='bbox 2573 1272 2626 1313; x_wconf 87' lang='lat' dir='ltr'><strong>et</strong></span> <span class='ocrx_word' id='word_1_305' title='bbox 2657 1261 2739 1313; x_wconf 90' lang='lat' dir='ltr'><strong>sui</strong></span> <span class='ocrx_word' id='word_1_306' title='bbox 2775 1261 2840 1314; x_wconf 88' lang='lat' dir='ltr'><strong>ad</strong></span> <span class='ocrx_word' id='word_1_307' title='bbox 2878 1261 3061 1315; x_wconf 80' lang='lat' dir='ltr'><strong>infima</strong></span> <span class='ocrx_word' id='word_1_308' title='bbox 3109 1261 3407 1330; x_wconf 78' lang='lat' dir='ltr'><strong>depressio.</strong></span> <span class='ocrx_word' id='word_1_309' title='bbox 3443 1259 3505 1312; x_wconf 89' lang='lat' dir='ltr'><strong>Et</strong></span> <span class='ocrx_word' id='word_1_310' title='bbox 3536 1258 3659 1324; x_wconf 87' lang='lat' dir='ltr'><strong>qui-</strong></span> 
     </span>
    </p>
   </div>
   <div class='ocr_carea' id='block_1_44' title="bbox 2082 1349 3658 1421">
    <p class='ocr_par' dir='ltr' id='par_1_44' title="bbox 2082 1349 3658 1421">
     <span class='ocr_line' id='line_1_44' title="bbox 2082 1349 3658 1421; baseline 0.001 -21"><span class='ocrx_word' id='word_1_311' title='bbox 2082 1350 2204 1402; x_wconf 84' lang='lat' dir='ltr'><strong>dem</strong></span> <span class='ocrx_word' id='word_1_312' title='bbox 2239 1349 2518 1404; x_wconf 88' lang='lat' dir='ltr'><strong>silentium</strong></span> <span class='ocrx_word' id='word_1_313' title='bbox 2563 1352 2787 1421; x_wconf 86' lang='lat' dir='ltr'><strong>mystice</strong></span> <span class='ocrx_word' id='word_1_314' title='bbox 2818 1353 2959 1420; x_wconf 88' lang='lat' dir='ltr'><strong>parit</strong></span> <span class='ocrx_word' id='word_1_315' title='bbox 2984 1352 3244 1406; x_wconf 86' lang='lat' dir='ltr'><strong>humilem</strong></span> <span class='ocrx_word' id='word_1_316' title='bbox 3297 1365 3542 1405; x_wconf 86' lang='lat' dir='ltr'><strong>sensum.</strong></span> <span class='ocrx_word' id='word_1_317' title='bbox 3580 1349 3658 1402; x_wconf 75' lang='lat' dir='ltr'><strong>Ex</strong></span> 
     </span>
    </p>
   </div>
   <div class='ocr_carea' id='block_1_45' title="bbox 2085 1441 3658 1498">
    <p class='ocr_par' dir='ltr' id='par_1_45' title="bbox 2085 1441 3658 1498">
     <span class='ocr_line' id='line_1_45' title="bbox 2085 1441 3658 1498; baseline 0.001 -5"><span class='ocrx_word' id='word_1_318' title='bbox 2085 1441 2271 1495; x_wconf 86' lang='lat' dir='ltr'><strong>humili</strong></span> <span class='ocrx_word' id='word_1_319' title='bbox 2340 1452 2520 1498; x_wconf 88' lang='lat' dir='ltr'><strong>autem</strong></span> <span class='ocrx_word' id='word_1_320' title='bbox 2583 1457 2749 1496; x_wconf 84' lang='lat' dir='ltr'><strong>sensu</strong></span> <span class='ocrx_word' id='word_1_321' title='bbox 2819 1453 3117 1496; x_wconf 88' lang='lat' dir='ltr'><strong>nascuntur</strong></span> <span class='ocrx_word' id='word_1_322' title='bbox 3179 1454 3288 1496; x_wconf 91' lang='lat' dir='ltr'><strong>tres</strong></span> <span class='ocrx_word' id='word_1_323' title='bbox 3337 1441 3658 1496; x_wconf 80' lang='lat' dir='ltr'><strong>humilitatis</strong></span> 
     </span>
    </p>
   </div>
   <div class='ocr_carea' id='block_1_46' title="bbox 2085 1532 3658 1603">
    <p class='ocr_par' dir='ltr' id='par_1_46' title="bbox 2085 1532 3658 1603">
     <span class='ocr_line' id='line_1_46' title="bbox 2085 1532 3658 1603; baseline 0 -18"><span class='ocrx_word' id='word_1_324' title='bbox 2085 1533 2249 1593; x_wconf 87' lang='lat' dir='ltr'><strong>modi,</strong></span> <span class='ocrx_word' id='word_1_325' title='bbox 2279 1550 2472 1602; x_wconf 89' lang='lat' dir='ltr'><strong>nempe</strong></span> <span class='ocrx_word' id='word_1_326' title='bbox 2528 1535 2996 1603; x_wconf 88' lang='lat' dir='ltr'><strong>hutnililoquium,</strong></span> <span class='ocrx_word' id='word_1_327' title='bbox 3042 1534 3264 1587; x_wconf 88' lang='lat' dir='ltr'><strong>humilis</strong></span> <span class='ocrx_word' id='word_1_328' title='bbox 3317 1543 3371 1587; x_wconf 84' lang='lat' dir='ltr'><strong>et</strong></span> <span class='ocrx_word' id='word_1_329' title='bbox 3427 1532 3658 1599; x_wconf 77' lang='lat' dir='ltr'><strong>simplex</strong></span> 
     </span>
    </p>
   </div>
   <div class='ocr_carea' id='block_1_47' title="bbox 2015 1596 3656 1697">
    <p class='ocr_par' dir='ltr' id='par_1_47' title="bbox 2015 1596 3656 1697">
     <span class='ocr_line' id='line_1_47' title="bbox 2015 1596 3656 1697; baseline -0.001 -18"><span class='ocrx_word' id='word_1_330' title='bbox 2015 1596 2054 1650; x_wconf 64' lang='grc' dir='ltr'>Β</span> <span class='ocrx_word' id='word_1_331' title='bbox 2085 1626 2326 1688; x_wconf 84' lang='lat' dir='ltr'><strong>habitus,</strong></span> <span class='ocrx_word' id='word_1_332' title='bbox 2355 1596 2418 1681; x_wconf 72' lang='lat' dir='ltr'><strong>et</strong></span> <span class='ocrx_word' id='word_1_333' title='bbox 2436 1626 2676 1697; x_wconf 80' lang='lat' dir='ltr'><strong>perfecta</strong></span> <span class='ocrx_word' id='word_1_334' title='bbox 2732 1596 2816 1682; x_wconf 86' lang='lat' dir='ltr'><strong>sui</strong></span> <span class='ocrx_word' id='word_1_335' title='bbox 2855 1627 3155 1694; x_wconf 74' lang='lat' dir='ltr'><strong>despectio.</strong></span> <span class='ocrx_word' id='word_1_336' title='bbox 3190 1624 3250 1677; x_wconf 79' lang='lat' dir='ltr'><strong>lli</strong></span> <span class='ocrx_word' id='word_1_337' title='bbox 3299 1635 3474 1676; x_wconf 86' lang='lat' dir='ltr'><strong>autem</strong></span> <span class='ocrx_word' id='word_1_338' title='bbox 3510 1596 3656 1678; x_wconf 83' lang='lat' dir='ltr'><strong>modi</strong></span> 
     </span>
    </p>
   </div>
   <div class='ocr_carea' id='block_1_48' title="bbox 2084 1717 3658 1786">
    <p class='ocr_par' dir='ltr' id='par_1_48' title="bbox 2084 1717 3658 1786">
     <span class='ocr_line' id='line_1_48' title="bbox 2084 1717 3658 1786; baseline -0.001 -16"><span class='ocrx_word' id='word_1_339' title='bbox 2084 1730 2193 1774; x_wconf 87' lang='lat' dir='ltr'><strong>tres</strong></span> <span class='ocrx_word' id='word_1_340' title='bbox 2236 1729 2500 1786; x_wconf 82' lang='lat' dir='ltr'><strong>generant</strong></span> <span class='ocrx_word' id='word_1_341' title='bbox 2534 1719 2945 1776; x_wconf 84' lang='lat' dir='ltr'><strong>contritionem.</strong></span> <span class='ocrx_word' id='word_1_342' title='bbox 2986 1734 3050 1770; x_wconf 73' lang='lat' dir='ltr'><strong>ex</strong></span> <span class='ocrx_word' id='word_1_343' title='bbox 3111 1717 3500 1770; x_wconf 84' lang='lat' dir='ltr'><strong>tentationihns</strong></span> <span class='ocrx_word' id='word_1_344' title='bbox 3533 1717 3658 1783; x_wconf 77' lang='grc' dir='ltr'><strong>ιιιιί-</strong></span> 
     </span>
    </p>
   </div>
   <div class='ocr_carea' id='block_1_49' title="bbox 2082 1808 3659 1880">
    <p class='ocr_par' dir='ltr' id='par_1_49' title="bbox 2082 1808 3659 1880">
     <span class='ocr_line' id='line_1_49' title="bbox 2082 1808 3659 1880; baseline -0.001 -16"><span class='ocrx_word' id='word_1_345' title='bbox 2082 1810 2184 1864; x_wconf 86' lang='lat' dir='ltr'><strong>bus</strong></span> <span class='ocrx_word' id='word_1_346' title='bbox 2232 1812 2611 1880; x_wconf 85' lang='lat' dir='ltr'><strong>relinquimur,</strong></span> <span class='ocrx_word' id='word_1_347' title='bbox 2645 1822 2849 1875; x_wconf 83' lang='lat' dir='ltr'><strong>natam,</strong></span> <span class='ocrx_word' id='word_1_348' title='bbox 2887 1826 3004 1877; x_wconf 66' lang='lat' dir='ltr'><strong>quae</strong></span> <span class='ocrx_word' id='word_1_349' title='bbox 3053 1811 3253 1863; x_wconf 88' lang='lat' dir='ltr'><strong>dicitur</strong></span> <span class='ocrx_word' id='word_1_350' title='bbox 3295 1808 3659 1862; x_wconf 65' lang='lat' dir='ltr'><strong>Providentia:</strong></span> 
     </span>
    </p>
   </div>
   <div class='ocr_carea' id='block_1_50' title="bbox 2080 1901 3660 1974">
    <p class='ocr_par' dir='ltr' id='par_1_50' title="bbox 2080 1901 3660 1974">
     <span class='ocr_line' id='line_1_50' title="bbox 2080 1901 3660 1974; baseline -0.004 -16"><span class='ocrx_word' id='word_1_351' title='bbox 2080 1905 2366 1974; x_wconf 86' lang='lat' dir='ltr'><strong>disciplina</strong></span> <span class='ocrx_word' id='word_1_352' title='bbox 2398 1917 2449 1958; x_wconf 88' lang='lat' dir='ltr'><strong>ct</strong></span> <span class='ocrx_word' id='word_1_353' title='bbox 2485 1921 2552 1957; x_wconf 81' lang='lat' dir='ltr'><strong>ex</strong></span> <span class='ocrx_word' id='word_1_354' title='bbox 2583 1904 2916 1958; x_wconf 72' lang='lat' dir='ltr'><strong>(ltemonihus</strong></span> <span class='ocrx_word' id='word_1_355' title='bbox 2949 1907 3142 1956; x_wconf 83' lang='lat' dir='ltr'><strong>oborta</strong></span> <span class='ocrx_word' id='word_1_356' title='bbox 3178 1903 3486 1956; x_wconf 82' lang='lat' dir='ltr'><strong>humilitas.</strong></span> <span class='ocrx_word' id='word_1_357' title='bbox 3517 1901 3660 1954; x_wconf 84' lang='lat' dir='ltr'><strong>Cou-</strong></span> 
     </span>
    </p>
   </div>
   <div class='ocr_carea' id='block_1_51' title="bbox 2081 1995 3659 2051">
    <p class='ocr_par' dir='ltr' id='par_1_51' title="bbox 2081 1995 3659 2051">
     <span class='ocr_line' id='line_1_51' title="bbox 2081 1995 3659 2051; baseline -0.004 0"><span class='ocrx_word' id='word_1_358' title='bbox 2081 1998 2230 2051; x_wconf 90' lang='lat' dir='ltr'><strong>tritio</strong></span> <span class='ocrx_word' id='word_1_359' title='bbox 2262 2010 2442 2051; x_wconf 88' lang='lat' dir='ltr'><strong>autem</strong></span> <span class='ocrx_word' id='word_1_360' title='bbox 2476 1997 2632 2050; x_wconf 84' lang='lat' dir='ltr'><strong>facile</strong></span> <span class='ocrx_word' id='word_1_361' title='bbox 2663 1997 2824 2050; x_wconf 72' lang='lat' dir='ltr'><strong>edicit</strong></span> <span class='ocrx_word' id='word_1_362' title='bbox 2851 2007 2909 2049; x_wconf 83' lang='grc' dir='ltr'><strong>ιιι</strong></span> <span class='ocrx_word' id='word_1_363' title='bbox 2934 1998 3114 2050; x_wconf 86' lang='lat' dir='ltr'><strong>anima</strong></span> <span class='ocrx_word' id='word_1_364' title='bbox 3149 1995 3400 2048; x_wconf 75' lang='lat' dir='ltr'><strong>omnibus</strong></span> <span class='ocrx_word' id='word_1_365' title='bbox 3431 1995 3659 2046; x_wconf 81' lang='lat' dir='ltr'><strong>interior</strong></span> 
     </span>
    </p>
   </div>
   <div class='ocr_carea' id='block_1_52' title="bbox 2077 2085 3653 2145">
    <p class='ocr_par' dir='ltr' id='par_1_52' title="bbox 2077 2085 3653 2145">
     <span class='ocr_line' id='line_1_52' title="bbox 2077 2085 3653 2145; baseline -0.006 -1"><span class='ocrx_word' id='word_1_366' title='bbox 2077 2101 2126 2144; x_wconf 89' lang='lat' dir='ltr'><strong>et</strong></span> <span class='ocrx_word' id='word_1_367' title='bbox 2162 2092 2319 2145; x_wconf 88' lang='lat' dir='ltr'><strong>vilior</strong></span> <span class='ocrx_word' id='word_1_368' title='bbox 2351 2091 2442 2144; x_wconf 80' lang='lat' dir='ltr'><strong>fiat</strong></span> <span class='ocrx_word' id='word_1_369' title='bbox 2469 2102 2519 2145; x_wconf 85' lang='lat' dir='ltr'><strong>et</strong></span> <span class='ocrx_word' id='word_1_370' title='bbox 2564 2090 2819 2143; x_wconf 87' lang='lat' dir='ltr'><strong>omnibus</strong></span> <span class='ocrx_word' id='word_1_371' title='bbox 2848 2091 3075 2143; x_wconf 75' lang='lat' dir='ltr'><strong>serviat.</strong></span> <span class='ocrx_word' id='word_1_372' title='bbox 3120 2089 3226 2143; x_wconf 81' lang='lat' dir='ltr'><strong>Sed</strong></span> <span class='ocrx_word' id='word_1_373' title='bbox 3281 2088 3335 2141; x_wconf 88' lang='lat' dir='ltr'><strong>hi</strong></span> <span class='ocrx_word' id='word_1_374' title='bbox 3365 2087 3472 2140; x_wconf 92' lang='lat' dir='ltr'><strong>duo</strong></span> <span class='ocrx_word' id='word_1_375' title='bbox 3506 2085 3653 2139; x_wconf 89' lang='lat' dir='ltr'><strong>modi</strong></span> 
     </span>
    </p>
   </div>
   <div class='ocr_carea' id='block_1_53' title="bbox 2079 2179 3658 2255">
    <p class='ocr_par' dir='ltr' id='par_1_53' title="bbox 2079 2179 3658 2255">
     <span class='ocr_line' id='line_1_53' title="bbox 2079 2179 3658 2255; baseline -0.005 -18"><span class='ocrx_word' id='word_1_376' title='bbox 2079 2185 2376 2255; x_wconf 81' lang='lat' dir='ltr'><strong>perfectam</strong></span> <span class='ocrx_word' id='word_1_377' title='bbox 2408 2193 2461 2236; x_wconf 88' lang='lat' dir='ltr'><strong>et</strong></span> <span class='ocrx_word' id='word_1_378' title='bbox 2487 2184 2722 2238; x_wconf 82' lang='lat' dir='ltr'><strong>divinam</strong></span> <span class='ocrx_word' id='word_1_379' title='bbox 2784 2182 3088 2250; x_wconf 86' lang='lat' dir='ltr'><strong>important</strong></span> <span class='ocrx_word' id='word_1_380' title='bbox 3125 2179 3509 2251; x_wconf 87' lang='lat' dir='ltr'><strong>humilitatem,</strong></span> <span class='ocrx_word' id='word_1_381' title='bbox 3538 2191 3658 2245; x_wconf 71' lang='lat' dir='ltr'><strong>qum</strong></span> 
     </span>
    </p>
   </div>
   <div class='ocr_carea' id='block_1_54' title="bbox 2078 2270 3658 2340">
    <p class='ocr_par' dir='ltr' id='par_1_54' title="bbox 2078 2270 3658 2340">
     <span class='ocr_line' id='line_1_54' title="bbox 2078 2270 3658 2340; baseline -0.005 -12"><span class='ocrx_word' id='word_1_382' title='bbox 2078 2277 2252 2329; x_wconf 83' lang='lat' dir='ltr'><strong>virtus</strong></span> <span class='ocrx_word' id='word_1_383' title='bbox 2287 2275 2551 2328; x_wconf 89' lang='lat' dir='ltr'><strong>virtutum</strong></span> <span class='ocrx_word' id='word_1_384' title='bbox 2588 2275 2828 2326; x_wconf 89' lang='lat' dir='ltr'><strong>omnium</strong></span> <span class='ocrx_word' id='word_1_385' title='bbox 2877 2272 3136 2340; x_wconf 84' lang='lat' dir='ltr'><strong>perfectio</strong></span> <span class='ocrx_word' id='word_1_386' title='bbox 3165 2271 3363 2325; x_wconf 82' lang='lat' dir='ltr'><strong>dicitur</strong></span> <span class='ocrx_word' id='word_1_387' title='bbox 3397 2287 3411 2326; x_wconf 84' lang='lat'><strong>:</strong></span> <span class='ocrx_word' id='word_1_388' title='bbox 3448 2280 3497 2322; x_wconf 89' lang='lat' dir='ltr'><strong>et</strong></span> <span class='ocrx_word' id='word_1_389' title='bbox 3543 2270 3658 2322; x_wconf 66' lang='grc' dir='ltr'><strong>Ιηιό</strong></span> 
     </span>
    </p>
   </div>
   <div class='ocr_carea' id='block_1_55' title="bbox 2079 2361 3656 2432">
    <p class='ocr_par' dir='ltr' id='par_1_55' title="bbox 2079 2361 3656 2432">
     <span class='ocr_line' id='line_1_55' title="bbox 2079 2361 3656 2432; baseline -0.004 -13"><span class='ocrx_word' id='word_1_390' title='bbox 2079 2366 2187 2422; x_wconf 92' lang='lat' dir='ltr'><strong>Deo</strong></span> <span class='ocrx_word' id='word_1_391' title='bbox 2229 2368 2368 2422; x_wconf 89' lang='lat' dir='ltr'><strong>bona</strong></span> <span class='ocrx_word' id='word_1_392' title='bbox 2413 2381 2512 2422; x_wconf 82' lang='lat' dir='ltr'><strong>sua</strong></span> <span class='ocrx_word' id='word_1_393' title='bbox 2563 2366 2776 2421; x_wconf 88' lang='lat' dir='ltr'><strong>tribuit.</strong></span> <span class='ocrx_word' id='word_1_394' title='bbox 2812 2363 3057 2418; x_wconf 88' lang='lat' dir='ltr'><strong>Primum</strong></span> <span class='ocrx_word' id='word_1_395' title='bbox 3097 2365 3260 2432; x_wconf 84' lang='lat' dir='ltr'><strong>igitur</strong></span> <span class='ocrx_word' id='word_1_396' title='bbox 3291 2361 3534 2415; x_wconf 89' lang='lat' dir='ltr'><strong>omnium</strong></span> <span class='ocrx_word' id='word_1_397' title='bbox 3570 2370 3656 2414; x_wconf 87' lang='lat' dir='ltr'><strong>est</strong></span> 
     </span>
    </p>
   </div>
   <div class='ocr_carea' id='block_1_56' title="bbox 2077 2454 3649 2528">
    <p class='ocr_par' dir='ltr' id='par_1_56' title="bbox 2077 2454 3649 2528">
     <span class='ocr_line' id='line_1_56' title="bbox 2077 2454 3649 2528; baseline -0.005 -14"><span class='ocrx_word' id='word_1_398' title='bbox 2077 2459 2390 2524; x_wconf 82' lang='lat' dir='ltr'><strong>silentium,</strong></span> <span class='ocrx_word' id='word_1_399' title='bbox 2422 2474 2484 2512; x_wconf 73' lang='lat' dir='ltr'><strong>ex</strong></span> <span class='ocrx_word' id='word_1_400' title='bbox 2535 2473 2643 2528; x_wconf 88' lang='lat' dir='ltr'><strong>quo</strong></span> <span class='ocrx_word' id='word_1_401' title='bbox 2697 2457 2936 2511; x_wconf 83' lang='lat' dir='ltr'><strong>nascitur</strong></span> <span class='ocrx_word' id='word_1_402' title='bbox 2989 2454 3209 2510; x_wconf 84' lang='lat' dir='ltr'><strong>humilis</strong></span> <span class='ocrx_word' id='word_1_403' title='bbox 3261 2469 3456 2509; x_wconf 89' lang='lat' dir='ltr'><strong>sensus</strong></span> <span class='ocrx_word' id='word_1_404' title='bbox 3504 2470 3520 2511; x_wconf 85' lang='lat'><strong>:</strong></span> <span class='ocrx_word' id='word_1_405' title='bbox 3560 2454 3649 2506; x_wconf 91' lang='lat' dir='ltr'><strong>hic</strong></span> 
     </span>
    </p>
   </div>
   <div class='ocr_carea' id='block_1_57' title="bbox 2077 2547 3650 2621">
    <p class='ocr_par' dir='ltr' id='par_1_57' title="bbox 2077 2547 3650 2621">
     <span class='ocr_line' id='line_1_57' title="bbox 2077 2547 3650 2621; baseline -0.003 -16"><span class='ocrx_word' id='word_1_406' title='bbox 2077 2568 2204 2606; x_wconf 82' lang='lat' dir='ltr'><strong>vero</strong></span> <span class='ocrx_word' id='word_1_407' title='bbox 2245 2553 2384 2621; x_wconf 82' lang='lat' dir='ltr'><strong>parit</strong></span> <span class='ocrx_word' id='word_1_408' title='bbox 2417 2562 2525 2604; x_wconf 89' lang='lat' dir='ltr'><strong>tres</strong></span> <span class='ocrx_word' id='word_1_409' title='bbox 2561 2551 2878 2604; x_wconf 74' lang='lat' dir='ltr'><strong>humilitatis</strong></span> <span class='ocrx_word' id='word_1_410' title='bbox 2936 2550 3162 2611; x_wconf 83' lang='lat' dir='ltr'><strong>modos;</strong></span> <span class='ocrx_word' id='word_1_411' title='bbox 3211 2547 3262 2601; x_wconf 86' lang='grc' dir='ltr'><strong>Ιιὶ</strong></span> <span class='ocrx_word' id='word_1_412' title='bbox 3306 2558 3488 2601; x_wconf 86' lang='lat' dir='ltr'><strong>autem</strong></span> <span class='ocrx_word' id='word_1_413' title='bbox 3537 2556 3650 2601; x_wconf 78' lang='lat' dir='ltr'><strong>tres</strong></span> 
     </span>
    </p>
   </div>
   <div class='ocr_carea' id='block_1_58' title="bbox 2078 2639 3654 2713">
    <p class='ocr_par' dir='ltr' id='par_1_58' title="bbox 2078 2639 3654 2713">
     <span class='ocr_line' id='line_1_58' title="bbox 2078 2639 3654 2713; baseline -0.004 -16"><span class='ocrx_word' id='word_1_414' title='bbox 2078 2661 2239 2697; x_wconf 89' lang='lat' dir='ltr'><strong>unam</strong></span> <span class='ocrx_word' id='word_1_415' title='bbox 2274 2655 2538 2713; x_wconf 73' lang='lat' dir='ltr'><strong>generant</strong></span> <span class='ocrx_word' id='word_1_416' title='bbox 2579 2644 2965 2697; x_wconf 75' lang='lat' dir='ltr'><strong>contritionem</strong></span> <span class='ocrx_word' id='word_1_417' title='bbox 2999 2659 3014 2704; x_wconf 85' lang='lat'><strong>;</strong></span> <span class='ocrx_word' id='word_1_418' title='bbox 3063 2651 3230 2711; x_wconf 87' lang='lat' dir='ltr'><strong>atque</strong></span> <span class='ocrx_word' id='word_1_419' title='bbox 3280 2640 3536 2693; x_wconf 80' lang='lat' dir='ltr'><strong>contritio</strong></span> <span class='ocrx_word' id='word_1_420' title='bbox 3575 2639 3654 2705; x_wconf 77' lang='lat' dir='ltr'><strong>gi-</strong></span> 
     </span>
    </p>
   </div>
   <div class='ocr_carea' id='block_1_59' title="bbox 2077 2731 3654 2802">
    <p class='ocr_par' dir='ltr' id='par_1_59' title="bbox 2077 2731 3654 2802">
     <span class='ocr_line' id='line_1_59' title="bbox 2077 2731 3654 2802; baseline -0.001 -16"><span class='ocrx_word' id='word_1_421' title='bbox 2077 2734 2190 2802; x_wconf 80' lang='lat' dir='ltr'><strong>gnit</strong></span> <span class='ocrx_word' id='word_1_422' title='bbox 2233 2737 2522 2802; x_wconf 81' lang='lat' dir='ltr'><strong>septimum</strong></span> <span class='ocrx_word' id='word_1_423' title='bbox 2572 2735 2814 2798; x_wconf 86' lang='lat' dir='ltr'><strong>modum,</strong></span> <span class='ocrx_word' id='word_1_424' title='bbox 2851 2749 2948 2788; x_wconf 89' lang='lat' dir='ltr'><strong>seu</strong></span> <span class='ocrx_word' id='word_1_425' title='bbox 2991 2732 3365 2800; x_wconf 87' lang='lat' dir='ltr'><strong>snhjacentem</strong></span> <span class='ocrx_word' id='word_1_426' title='bbox 3398 2731 3654 2784; x_wconf 89' lang='lat' dir='ltr'><strong>omnibus</strong></span> 
     </span>
    </p>
   </div>
   <div class='ocr_carea' id='block_1_60' title="bbox 2078 2822 3651 2893">
    <p class='ocr_par' dir='ltr' id='par_1_60' title="bbox 2078 2822 3651 2893">
     <span class='ocr_line' id='line_1_60' title="bbox 2078 2822 3651 2893; baseline -0.005 -14"><span class='ocrx_word' id='word_1_427' title='bbox 2078 2828 2304 2893; x_wconf 88' lang='lat' dir='ltr'><strong>primam</strong></span> <span class='ocrx_word' id='word_1_428' title='bbox 2345 2826 2737 2888; x_wconf 82' lang='lat' dir='ltr'><strong>humilitatem,</strong></span> <span class='ocrx_word' id='word_1_429' title='bbox 2774 2840 2892 2891; x_wconf 83' lang='lat' dir='ltr'><strong>quae</strong></span> <span class='ocrx_word' id='word_1_430' title='bbox 2921 2824 3086 2877; x_wconf 84' lang='lat' dir='ltr'><strong>etiam</strong></span> <span class='ocrx_word' id='word_1_431' title='bbox 3120 2823 3540 2893; x_wconf 77' lang='lat' dir='ltr'><strong>providentialis</strong></span> <span class='ocrx_word' id='word_1_432' title='bbox 3566 2822 3651 2874; x_wconf 82' lang='lat' dir='ltr'><strong>di-</strong></span> 
     </span>
    </p>
   </div>
   <div class='ocr_carea' id='block_1_61' title="bbox 403 2915 1976 2998">
    <p class='ocr_par' dir='ltr' id='par_1_61' title="bbox 403 2919 1976 2998">
     <span class='ocr_line' id='line_1_61' title="bbox 403 2919 1976 2998; baseline 0.006 -28"><span class='ocrx_word' id='word_1_433' title='bbox 403 2919 495 2971; x_wconf 78' lang='grc' dir='ltr'><strong>τδν</strong></span> <span class='ocrx_word' id='word_1_434' title='bbox 529 2919 754 2990; x_wconf 77' lang='grc' dir='ltr'><strong>ἕϐδομον</strong></span> <span class='ocrx_word' id='word_1_435' title='bbox 783 2921 873 2973; x_wconf 73' lang='grc' dir='ltr'><strong>τὸν</strong></span> <span class='ocrx_word' id='word_1_436' title='bbox 913 2922 1170 2977; x_wconf 84' lang='grc' dir='ltr'><strong>ὑποκάτω</strong></span> <span class='ocrx_word' id='word_1_437' title='bbox 1233 2925 1451 2979; x_wconf 85' lang='grc' dir='ltr'><strong>πάντων</strong></span> <span class='ocrx_word' id='word_1_438' title='bbox 1494 2926 1592 2996; x_wconf 83' lang='grc' dir='ltr'><strong>τῆς</strong></span> <span class='ocrx_word' id='word_1_439' title='bbox 1627 2925 1851 2998; x_wconf 82' lang='grc' dir='ltr'><strong>πρώτης</strong></span> <span class='ocrx_word' id='word_1_440' title='bbox 1876 2945 1976 2979; x_wconf 89' lang='grc' dir='ltr'><strong>τα-</strong></span> 
     </span>
    </p>
   </div>
   <div class='ocr_carea' id='block_1_62' title="bbox 2078 2915 3653 2998">
    <p class='ocr_par' dir='ltr' id='par_1_62' title="bbox 2078 2915 3653 2985">
     <span class='ocr_line' id='line_1_62' title="bbox 2078 2915 3653 2985; baseline -0.004 -15"><span class='ocrx_word' id='word_1_441' title='bbox 2078 2917 2213 2970; x_wconf 82' lang='lat' dir='ltr'><strong>citur</strong></span> <span class='ocrx_word' id='word_1_442' title='bbox 2236 2916 2555 2980; x_wconf 80' lang='lat' dir='ltr'><strong>humilitas;</strong></span> <span class='ocrx_word' id='word_1_443' title='bbox 2587 2934 2705 2984; x_wconf 63' lang='lat' dir='ltr'><strong>qua!</strong></span> <span class='ocrx_word' id='word_1_444' title='bbox 2745 2918 2961 2985; x_wconf 84' lang='lat' dir='ltr'><strong>quidem</strong></span> <span class='ocrx_word' id='word_1_445' title='bbox 2999 2915 3414 2979; x_wconf 80' lang='lat' dir='ltr'><strong>pt&#39;ovidetttialis</strong></span> <span class='ocrx_word' id='word_1_446' title='bbox 3446 2915 3653 2982; x_wconf 84' lang='lat' dir='ltr'><strong>impor-</strong></span> 
     </span>
    </p>
   </div>
   <div class='ocr_carea' id='block_1_63' title="bbox 404 3011 1977 3088">
    <p class='ocr_par' dir='ltr' id='par_1_63' title="bbox 404 3011 1977 3088">
     <span class='ocr_line' id='line_1_63' title="bbox 404 3011 1977 3088; baseline 0.007 -27"><span class='ocrx_word' id='word_1_447' title='bbox 404 3011 718 3074; x_wconf 83' lang='grc' dir='ltr'><strong>πεινώσεως</strong></span> <span class='ocrx_word' id='word_1_448' title='bbox 747 3013 969 3084; x_wconf 84' lang='grc' dir='ltr'><strong>τρόπον,</strong></span> <span class='ocrx_word' id='word_1_449' title='bbox 1002 3015 1186 3068; x_wconf 81' lang='grc' dir='ltr'><strong>ὅντινα</strong></span> <span class='ocrx_word' id='word_1_450' title='bbox 1215 3017 1310 3070; x_wconf 72' lang='grc' dir='ltr'><strong>καὶ</strong></span> <span class='ocrx_word' id='word_1_451' title='bbox 1333 3019 1686 3088; x_wconf 74' lang='grc' dir='ltr'><strong>οἰκονομικὴν</strong></span> <span class='ocrx_word' id='word_1_452' title='bbox 1711 3021 1977 3072; x_wconf 58' lang='grc' dir='ltr'><strong>ταπείνω-</strong></span> 
     </span>
    </p>
   </div>
   <div class='ocr_carea' id='block_1_64' title="bbox 405 3101 1977 3181">
    <p class='ocr_par' dir='ltr' id='par_1_64' title="bbox 405 3101 1977 3181">
     <span class='ocr_line' id='line_1_64' title="bbox 405 3101 1977 3181; baseline 0.007 -29"><span class='ocrx_word' id='word_1_453' title='bbox 405 3118 490 3154; x_wconf 90' lang='grc' dir='ltr'><strong>σιν</strong></span> <span class='ocrx_word' id='word_1_454' title='bbox 514 3101 785 3170; x_wconf 83' lang='grc' dir='ltr'><strong>λέγουσιν.</strong></span> <span class='ocrx_word' id='word_1_455' title='bbox 836 3103 898 3156; x_wconf 85' lang='grc' dir='ltr'><strong>Ἦ</strong></span> <span class='ocrx_word' id='word_1_456' title='bbox 925 3105 980 3157; x_wconf 80' lang='grc' dir='ltr'><strong>δὲ</strong></span> <span class='ocrx_word' id='word_1_457' title='bbox 1011 3106 1329 3177; x_wconf 75' lang='grc' dir='ltr'><strong>οἰκονομικὴ</strong></span> <span class='ocrx_word' id='word_1_458' title='bbox 1378 3109 1534 3179; x_wconf 84' lang='grc' dir='ltr'><strong>φέρει</strong></span> <span class='ocrx_word' id='word_1_459' title='bbox 1577 3108 1676 3180; x_wconf 83' lang='grc' dir='ltr'><strong>τὴν</strong></span> <span class='ocrx_word' id='word_1_460' title='bbox 1707 3109 1977 3181; x_wconf 83' lang='grc' dir='ltr'><strong>Θεοδὼρη-</strong></span> 
     </span>
    </p>
   </div>
   <div class='ocr_carea' id='block_1_65' title="bbox 403 3197 1978 3275">
    <p class='ocr_par' dir='ltr' id='par_1_65' title="bbox 403 3197 1978 3275">
     <span class='ocr_line' id='line_1_65' title="bbox 403 3197 1978 3275; baseline 0.006 -29"><span class='ocrx_word' id='word_1_461' title='bbox 403 3211 516 3257; x_wconf 77' lang='grc' dir='ltr'><strong>τον,</strong></span> <span class='ocrx_word' id='word_1_462' title='bbox 548 3198 642 3249; x_wconf 78' lang='grc' dir='ltr'><strong>καὶ</strong></span> <span class='ocrx_word' id='word_1_463' title='bbox 691 3197 923 3262; x_wconf 75' lang='grc' dir='ltr'><strong>τελείαν,</strong></span> <span class='ocrx_word' id='word_1_464' title='bbox 958 3200 1052 3252; x_wconf 70' lang='grc' dir='ltr'><strong>καὶ</strong></span> <span class='ocrx_word' id='word_1_465' title='bbox 1100 3201 1530 3270; x_wconf 82' lang='grc' dir='ltr'><strong>ἀσχημάτιστον,</strong></span> <span class='ocrx_word' id='word_1_466' title='bbox 1594 3204 1688 3257; x_wconf 77' lang='grc' dir='ltr'><strong>καὶ</strong></span> <span class='ocrx_word' id='word_1_467' title='bbox 1717 3203 1978 3275; x_wconf 82' lang='grc' dir='ltr'><strong>ἀληθινὴν</strong></span> 
     </span>
    </p>
   </div>
   <div class='ocr_carea' id='block_1_66' title="bbox 406 3285 1980 3361">
    <p class='ocr_par' dir='ltr' id='par_1_66' title="bbox 406 3285 1980 3361">
     <span class='ocr_line' id='line_1_66' title="bbox 406 3285 1980 3361; baseline 0.007 -25"><span class='ocrx_word' id='word_1_468' title='bbox 406 3285 754 3338; x_wconf 81' lang='grc' dir='ltr'><strong>ταπείνωσιν.</strong></span> <span class='ocrx_word' id='word_1_469' title='bbox 781 3288 890 3340; x_wconf 74' lang='grc' dir='ltr'><strong>Καὶ</strong></span> <span class='ocrx_word' id='word_1_470' title='bbox 915 3289 946 3356; x_wconf 89' lang='grc' dir='ltr'><strong>ὴ</strong></span> <span class='ocrx_word' id='word_1_471' title='bbox 976 3288 1073 3357; x_wconf 79' lang='grc' dir='ltr'><strong>μὲν</strong></span> <span class='ocrx_word' id='word_1_472' title='bbox 1105 3289 1298 3361; x_wconf 82' lang='grc' dir='ltr'><strong>πρώτη</strong></span> <span class='ocrx_word' id='word_1_473' title='bbox 1323 3293 1629 3361; x_wconf 80' lang='grc' dir='ltr'><strong>ἐπιγίνεται</strong></span> <span class='ocrx_word' id='word_1_474' title='bbox 1660 3293 1850 3357; x_wconf 77' lang='grc' dir='ltr'><strong>οὕτως’</strong></span> <span class='ocrx_word' id='word_1_475' title='bbox 1883 3296 1980 3347; x_wconf 76' lang='grc' dir='ltr'><strong>ἐὰν</strong></span> 
     </span>
    </p>
   </div>
   <div class='ocr_carea' id='block_1_67' title="bbox 411 3375 1980 3456">
    <p class='ocr_par' dir='ltr' id='par_1_67' title="bbox 411 3375 1980 3456">
     <span class='ocr_line' id='line_1_67' title="bbox 411 3375 1980 3456; baseline 0.006 -28"><span class='ocrx_word' id='word_1_476' title='bbox 411 3375 485 3446; x_wconf 84' lang='grc' dir='ltr'><strong>μὴ</strong></span> <span class='ocrx_word' id='word_1_477' title='bbox 511 3377 913 3448; x_wconf 83' lang='grc' dir='ltr'><strong>ἐγκαταλειφθῇ</strong></span> <span class='ocrx_word' id='word_1_478' title='bbox 942 3381 968 3432; x_wconf 87' lang='lat'><strong>6</strong></span> <span class='ocrx_word' id='word_1_479' title='bbox 991 3379 1272 3451; x_wconf 79' lang='grc' dir='ltr'><strong>ἄνθρωπος</strong></span> <span class='ocrx_word' id='word_1_480' title='bbox 1321 3385 1416 3436; x_wconf 77' lang='grc' dir='ltr'><strong>καὶ</strong></span> <span class='ocrx_word' id='word_1_481' title='bbox 1451 3381 1670 3456; x_wconf 81' lang='grc' dir='ltr'><strong>νικηθῇ,</strong></span> <span class='ocrx_word' id='word_1_482' title='bbox 1716 3386 1980 3438; x_wconf 86' lang='grc' dir='ltr'><strong>καταδου-</strong></span> 
     </span>
    </p>
   </div>
   <div class='ocr_carea' id='block_1_68' title="bbox 405 3465 1980 3548">
    <p class='ocr_par' dir='ltr' id='par_1_68' title="bbox 405 3465 1980 3548">
     <span class='ocr_line' id='line_1_68' title="bbox 405 3465 1980 3548; baseline 0.01 -31"><span class='ocrx_word' id='word_1_483' title='bbox 405 3465 619 3533; x_wconf 69' lang='grc' dir='ltr'><strong>λωθεὶς,</strong></span> <span class='ocrx_word' id='word_1_484' title='bbox 644 3470 735 3521; x_wconf 77' lang='grc' dir='ltr'><strong>καὶ</strong></span> <span class='ocrx_word' id='word_1_485' title='bbox 765 3470 1027 3541; x_wconf 82' lang='grc' dir='ltr'><strong>κυριευθῇ</strong></span> <span class='ocrx_word' id='word_1_486' title='bbox 1056 3472 1220 3525; x_wconf 81' lang='grc' dir='ltr'><strong>παντὶ</strong></span> <span class='ocrx_word' id='word_1_487' title='bbox 1251 3475 1413 3528; x_wconf 79' lang='grc' dir='ltr'><strong>πάθει</strong></span> <span class='ocrx_word' id='word_1_488' title='bbox 1451 3478 1546 3529; x_wconf 73' lang='grc' dir='ltr'><strong>καὶ</strong></span> <span class='ocrx_word' id='word_1_489' title='bbox 1584 3477 1850 3548; x_wconf 82' lang='grc' dir='ltr'><strong>λογισμῷ,</strong></span> <span class='ocrx_word' id='word_1_490' title='bbox 1885 3479 1980 3532; x_wconf 74' lang='grc' dir='ltr'><strong>καὶ</strong></span> 
     </span>
    </p>
   </div>
   <div class='ocr_carea' id='block_1_69' title="bbox 407 3559 1980 3637">
    <p class='ocr_par' dir='ltr' id='par_1_69' title="bbox 407 3559 1980 3637">
     <span class='ocr_line' id='line_1_69' title="bbox 407 3559 1980 3637; baseline 0.007 -28"><span class='ocrx_word' id='word_1_491' title='bbox 407 3559 677 3627; x_wconf 84' lang='grc' dir='ltr'><strong>πνεύματι</strong></span> <span class='ocrx_word' id='word_1_492' title='bbox 701 3559 1020 3629; x_wconf 83' lang='grc' dir='ltr'><strong>νικώμενος,</strong></span> <span class='ocrx_word' id='word_1_493' title='bbox 1045 3567 1138 3617; x_wconf 80' lang='grc' dir='ltr'><strong>καὶ</strong></span> <span class='ocrx_word' id='word_1_494' title='bbox 1172 3566 1306 3634; x_wconf 85' lang='grc' dir='ltr'><strong>μήτε</strong></span> <span class='ocrx_word' id='word_1_495' title='bbox 1339 3564 1589 3635; x_wconf 77' lang='grc' dir='ltr'><strong>βοήθειαν</strong></span> <span class='ocrx_word' id='word_1_496' title='bbox 1629 3569 1898 3637; x_wconf 86' lang='grc' dir='ltr'><strong>εὑρίσκων</strong></span> <span class='ocrx_word' id='word_1_497' title='bbox 1920 3570 1980 3634; x_wconf 80' lang='grc' dir='ltr'>ἐξ</span> 
     </span>
    </p>
   </div>
   <div class='ocr_carea' id='block_1_70' title="bbox 407 3647 1978 3728">
    <p class='ocr_par' dir='ltr' id='par_1_70' title="bbox 407 3647 1978 3728">
     <span class='ocr_line' id='line_1_70' title="bbox 407 3647 1978 3728; baseline 0.008 -29"><span class='ocrx_word' id='word_1_498' title='bbox 407 3647 658 3720; x_wconf 64' lang='lat' dir='ltr'><strong>Em!wa</strong></span> <span class='ocrx_word' id='word_1_499' title='bbox 695 3652 758 3703; x_wconf 86' lang='grc' dir='ltr'><strong>ὲκ</strong></span> <span class='ocrx_word' id='word_1_500' title='bbox 790 3651 1008 3722; x_wconf 85' lang='grc' dir='ltr'><strong>Θεοῦ,ἢ</strong></span> <span class='ocrx_word' id='word_1_501' title='bbox 1046 3651 1110 3706; x_wconf 79' lang='grc' dir='ltr'><strong>ἐκ</strong></span> <span class='ocrx_word' id='word_1_502' title='bbox 1138 3671 1281 3718; x_wconf 89' lang='grc' dir='ltr'><strong>τινος</strong></span> <span class='ocrx_word' id='word_1_503' title='bbox 1313 3655 1376 3707; x_wconf 85' lang='grc' dir='ltr'><strong>τὸ</strong></span> <span class='ocrx_word' id='word_1_504' title='bbox 1423 3656 1664 3720; x_wconf 82' lang='grc' dir='ltr'><strong>σύνολον,</strong></span> <span class='ocrx_word' id='word_1_505' title='bbox 1709 3657 1849 3711; x_wconf 86' lang='grc' dir='ltr'><strong>ὥστε</strong></span> <span class='ocrx_word' id='word_1_506' title='bbox 1889 3676 1978 3728; x_wconf 79' lang='grc' dir='ltr'><strong>μι-</strong></span> 
     </span>
    </p>
   </div>
   <div class='ocr_carea' id='block_1_71' title="bbox 407 3738 1981 3817">
    <p class='ocr_par' dir='ltr' id='par_1_71' title="bbox 407 3738 1981 3817">
     <span class='ocr_line' id='line_1_71' title="bbox 407 3738 1981 3817; baseline 0.008 -28"><span class='ocrx_word' id='word_1_507' title='bbox 407 3738 540 3806; x_wconf 83' lang='grc' dir='ltr'><strong>κροῦ</strong></span> <span class='ocrx_word' id='word_1_508' title='bbox 567 3739 698 3800; x_wconf 83' lang='grc' dir='ltr'><strong>δεῖν,</strong></span> <span class='ocrx_word' id='word_1_509' title='bbox 732 3742 826 3792; x_wconf 73' lang='grc' dir='ltr'><strong>καὶ</strong></span> <span class='ocrx_word' id='word_1_510' title='bbox 857 3743 938 3806; x_wconf 88' lang='grc' dir='ltr'><strong>εἰς</strong></span> <span class='ocrx_word' id='word_1_511' title='bbox 973 3744 1319 3815; x_wconf 75' lang='grc' dir='ltr'><strong>ἀπελπισμδν</strong></span> <span class='ocrx_word' id='word_1_512' title='bbox 1362 3746 1512 3817; x_wconf 75' lang='grc' dir='ltr'><strong>ἔλθῃ.</strong></span> <span class='ocrx_word' id='word_1_513' title='bbox 1568 3749 1663 3800; x_wconf 73' lang='grc' dir='ltr'><strong>καὶ</strong></span> <span class='ocrx_word' id='word_1_514' title='bbox 1695 3750 1981 3801; x_wconf 79' lang='grc' dir='ltr'><strong>ταπεινού-</strong></span> 
     </span>
    </p>
   </div>
   <div class='ocr_carea' id='block_1_72' title="bbox 411 3831 1978 3908">
    <p class='ocr_par' dir='ltr' id='par_1_72' title="bbox 411 3831 1978 3908">
     <span class='ocr_line' id='line_1_72' title="bbox 411 3831 1978 3908; baseline 0.008 -28"><span class='ocrx_word' id='word_1_515' title='bbox 411 3845 570 3897; x_wconf 86' lang='grc' dir='ltr'><strong>μενος</strong></span> <span class='ocrx_word' id='word_1_516' title='bbox 597 3831 675 3892; x_wconf 81' lang='grc' dir='ltr'><strong>εἱς</strong></span> <span class='ocrx_word' id='word_1_517' title='bbox 703 3831 900 3896; x_wconf 81' lang='grc' dir='ltr'><strong>πάντα,</strong></span> <span class='ocrx_word' id='word_1_518' title='bbox 933 3833 995 3885; x_wconf 92' lang='grc' dir='ltr'><strong>οὑ</strong></span> <span class='ocrx_word' id='word_1_519' title='bbox 1022 3832 1244 3887; x_wconf 87' lang='grc' dir='ltr'><strong>δύναται</strong></span> <span class='ocrx_word' id='word_1_520' title='bbox 1288 3837 1642 3906; x_wconf 80' lang='grc' dir='ltr'><strong>συντριϐῆναι</strong></span> <span class='ocrx_word' id='word_1_521' title='bbox 1689 3840 1784 3891; x_wconf 72' lang='grc' dir='ltr'><strong>καὶ</strong></span> <span class='ocrx_word' id='word_1_522' title='bbox 1834 3839 1978 3908; x_wconf 77' lang='grc' dir='ltr'><strong>ἔχειν</strong></span> 
     </span>
    </p>
   </div>
   <div class='ocr_carea' id='block_1_73' title="bbox 408 3920 1978 3996">
    <p class='ocr_par' dir='ltr' id='par_1_73' title="bbox 408 3920 1978 3996">
     <span class='ocr_line' id='line_1_73' title="bbox 408 3920 1978 3996; baseline 0.008 -24"><span class='ocrx_word' id='word_1_523' title='bbox 408 3920 599 3973; x_wconf 69' lang='grc' dir='ltr'><strong>ἑαυτὸν</strong></span> <span class='ocrx_word' id='word_1_524' title='bbox 640 3921 898 3976; x_wconf 79' lang='grc' dir='ltr'><strong>ὑποκάτω</strong></span> <span class='ocrx_word' id='word_1_525' title='bbox 957 3925 1194 3988; x_wconf 88' lang='grc' dir='ltr'><strong>πάντων,</strong></span> <span class='ocrx_word' id='word_1_526' title='bbox 1248 3927 1340 3979; x_wconf 72' lang='grc' dir='ltr'><strong>καὶ</strong></span> <span class='ocrx_word' id='word_1_527' title='bbox 1371 3927 1616 3996; x_wconf 77' lang='grc' dir='ltr'><strong>ἔσχατον,</strong></span> <span class='ocrx_word' id='word_1_528' title='bbox 1656 3930 1750 3983; x_wconf 76' lang='grc' dir='ltr'><strong>καὶ</strong></span> <span class='ocrx_word' id='word_1_529' title='bbox 1795 3931 1978 3985; x_wconf 77' lang='grc' dir='ltr'><strong>δοῦλον</strong></span> 
     </span>
    </p>
   </div>
   <div class='ocr_carea' id='block_1_74' title="bbox 409 4013 1978 4089">
    <p class='ocr_par' dir='ltr' id='par_1_74' title="bbox 409 4013 1978 4089">
     <span class='ocr_line' id='line_1_74' title="bbox 409 4013 1978 4089; baseline 0.009 -27"><span class='ocrx_word' id='word_1_530' title='bbox 409 4013 648 4074; x_wconf 78' lang='grc' dir='ltr'><strong>πάντων,</strong></span> <span class='ocrx_word' id='word_1_531' title='bbox 686 4013 780 4066; x_wconf 69' lang='grc' dir='ltr'><strong>καὶ</strong></span> <span class='ocrx_word' id='word_1_532' title='bbox 802 4014 979 4066; x_wconf 87' lang='grc' dir='ltr'><strong>αὑτῶν</strong></span> <span class='ocrx_word' id='word_1_533' title='bbox 1010 4015 1074 4085; x_wconf 81' lang='grc' dir='ltr'><strong>δὴ</strong></span> <span class='ocrx_word' id='word_1_534' title='bbox 1107 4017 1323 4086; x_wconf 83' lang='grc' dir='ltr'><strong>χείρονα</strong></span> <span class='ocrx_word' id='word_1_535' title='bbox 1346 4019 1453 4070; x_wconf 78' lang='grc' dir='ltr'><strong>τῶν</strong></span> <span class='ocrx_word' id='word_1_536' title='bbox 1486 4019 1861 4089; x_wconf 84' lang='grc' dir='ltr'><strong>δαιμόνων,ὡ;</strong></span> <span class='ocrx_word' id='word_1_537' title='bbox 1885 4022 1978 4076; x_wconf 80' lang='grc' dir='ltr'><strong>ὑπ’</strong></span> 
     </span>
    </p>
   </div>
   <div class='ocr_carea' id='block_1_75' title="bbox 409 4103 1976 4196">
    <p class='ocr_par' dir='ltr' id='par_1_75' title="bbox 409 4103 1976 4196">
     <span class='ocr_line' id='line_1_75' title="bbox 409 4103 1976 4196; baseline 0.008 -42"><span class='ocrx_word' id='word_1_538' title='bbox 409 4103 588 4155; x_wconf 80' lang='grc' dir='ltr'><strong>αὑτῶν</strong></span> <span class='ocrx_word' id='word_1_539' title='bbox 666 4105 1096 4196; x_wconf 60' lang='grc' dir='ltr'><strong>τυραννούμενον</strong></span> <span class='ocrx_word' id='word_1_540' title='bbox 1167 4107 1261 4159; x_wconf 72' lang='grc' dir='ltr'><strong>καὶ</strong></span> <span class='ocrx_word' id='word_1_541' title='bbox 1311 4109 1630 4179; x_wconf 79' lang='grc' dir='ltr'><strong>νικώμενον.</strong></span> <span class='ocrx_word' id='word_1_542' title='bbox 1680 4115 1786 4166; x_wconf 77' lang='grc' dir='ltr'><strong>Καὶ</strong></span> <span class='ocrx_word' id='word_1_543' title='bbox 1837 4113 1976 4184; x_wconf 73' lang='grc' dir='ltr'><strong>αὕτη</strong></span> 
     </span>
    </p>
   </div>
   <div class='ocr_carea' id='block_1_76' title="bbox 409 4195 1978 4278">
    <p class='ocr_par' dir='ltr' id='par_1_76' title="bbox 409 4195 1978 4278">
     <span class='ocr_line' id='line_1_76' title="bbox 409 4195 1978 4278; baseline 0.01 -34"><span class='ocrx_word' id='word_1_544' title='bbox 409 4195 552 4246; x_wconf 72' lang='grc' dir='ltr'><strong>ἐστὶν</strong></span> <span class='ocrx_word' id='word_1_545' title='bbox 583 4196 616 4266; x_wconf 79' lang='grc' dir='ltr'>ἡ</span> <span class='ocrx_word' id='word_1_546' title='bbox 643 4196 956 4268; x_wconf 77' lang='grc' dir='ltr'><strong>οἰκονομικὴ</strong></span> <span class='ocrx_word' id='word_1_547' title='bbox 989 4195 993 4196; x_wconf 24' lang='grc' dir='ltr'><strong>ί</strong></span> <span class='ocrx_word' id='word_1_548' title='bbox 1017 4197 1114 4268; x_wconf 80' lang='grc' dir='ltr'><strong>τῆς</strong></span> <span class='ocrx_word' id='word_1_549' title='bbox 1143 4199 1406 4270; x_wconf 87' lang='grc' dir='ltr'><strong>Προνοίας</strong></span> <span class='ocrx_word' id='word_1_550' title='bbox 1431 4203 1781 4272; x_wconf 81' lang='grc' dir='ltr'><strong>ταπείνωσις,</strong></span> <span class='ocrx_word' id='word_1_551' title='bbox 1824 4207 1890 4258; x_wconf 84' lang='grc' dir='ltr'><strong>δι’</strong></span> <span class='ocrx_word' id='word_1_552' title='bbox 1910 4203 1978 4278; x_wconf 81' lang='grc' dir='ltr'><strong>ἦς</strong></span> 
     </span>
    </p>
   </div>
   <div class='ocr_carea' id='block_1_77' title="bbox 2079 3002 3647 3075">
    <p class='ocr_par' dir='ltr' id='par_1_77' title="bbox 2079 3002 3647 3075">
     <span class='ocr_line' id='line_1_77' title="bbox 2079 3002 3647 3075; baseline -0.003 -15"><span class='ocrx_word' id='word_1_553' title='bbox 2079 3016 2149 3061; x_wconf 88' lang='lat' dir='ltr'><strong>tat</strong></span> <span class='ocrx_word' id='word_1_554' title='bbox 2191 3007 2455 3071; x_wconf 88' lang='lat' dir='ltr'><strong>divinam,</strong></span> <span class='ocrx_word' id='word_1_555' title='bbox 2487 3006 2804 3075; x_wconf 81' lang='lat' dir='ltr'><strong>perfectam,</strong></span> <span class='ocrx_word' id='word_1_556' title='bbox 2837 3021 3130 3074; x_wconf 81' lang='lat' dir='ltr'><strong>veramque</strong></span> <span class='ocrx_word' id='word_1_557' title='bbox 3167 3018 3233 3058; x_wconf 90' lang='lat' dir='ltr'><strong>ac</strong></span> <span class='ocrx_word' id='word_1_558' title='bbox 3289 3003 3508 3056; x_wconf 86' lang='lat' dir='ltr'><strong>minime</strong></span> <span class='ocrx_word' id='word_1_559' title='bbox 3581 3002 3647 3055; x_wconf 80' lang='lat' dir='ltr'><strong>ft-</strong></span> 
     </span>
    </p>
   </div>
   <div class='ocr_carea' id='block_1_78' title="bbox 2077 3093 3652 3166">
    <p class='ocr_par' dir='ltr' id='par_1_78' title="bbox 2077 3093 3652 3166">
     <span class='ocr_line' id='line_1_78' title="bbox 2077 3093 3652 3166; baseline -0.004 -13"><span class='ocrx_word' id='word_1_560' title='bbox 2077 3107 2217 3153; x_wconf 89' lang='lat' dir='ltr'><strong>ctam</strong></span> <span class='ocrx_word' id='word_1_561' title='bbox 2253 3098 2634 3152; x_wconf 83' lang='lat' dir='ltr'><strong>humilitatem.</strong></span> <span class='ocrx_word' id='word_1_562' title='bbox 2667 3098 2728 3150; x_wconf 82' lang='lat' dir='ltr'><strong>Et</strong></span> <span class='ocrx_word' id='word_1_563' title='bbox 2762 3099 2874 3152; x_wconf 68' lang='lat' dir='ltr'><strong>haec</strong></span> <span class='ocrx_word' id='word_1_564' title='bbox 2908 3097 3085 3166; x_wconf 88' lang='lat' dir='ltr'><strong>prima</strong></span> <span class='ocrx_word' id='word_1_565' title='bbox 3111 3095 3187 3149; x_wconf 89' lang='lat' dir='ltr'><strong>sic</strong></span> <span class='ocrx_word' id='word_1_566' title='bbox 3235 3094 3514 3160; x_wconf 79' lang='lat' dir='ltr'><strong>nascitur;</strong></span> <span class='ocrx_word' id='word_1_567' title='bbox 3547 3093 3652 3147; x_wconf 85' lang='lat' dir='ltr'><strong>nisi</strong></span> 
     </span>
    </p>
   </div>
   <div class='ocr_carea' id='block_1_79' title="bbox 2077 3187 3651 3260">
    <p class='ocr_par' dir='ltr' id='par_1_79' title="bbox 2077 3187 3651 3260">
     <span class='ocr_line' id='line_1_79' title="bbox 2077 3187 3651 3260; baseline -0.004 -14"><span class='ocrx_word' id='word_1_568' title='bbox 2077 3192 2219 3246; x_wconf 89' lang='lat' dir='ltr'><strong>forte</strong></span> <span class='ocrx_word' id='word_1_569' title='bbox 2252 3192 2662 3260; x_wconf 81' lang='lat' dir='ltr'><strong>derelinquatur</strong></span> <span class='ocrx_word' id='word_1_570' title='bbox 2699 3192 2862 3245; x_wconf 84' lang='lat' dir='ltr'><strong>homo</strong></span> <span class='ocrx_word' id='word_1_571' title='bbox 2908 3193 3194 3259; x_wconf 82' lang='lat' dir='ltr'><strong>victusque</strong></span> <span class='ocrx_word' id='word_1_572' title='bbox 3228 3198 3281 3242; x_wconf 88' lang='lat' dir='ltr'><strong>ct</strong></span> <span class='ocrx_word' id='word_1_573' title='bbox 3323 3187 3651 3254; x_wconf 87' lang='lat' dir='ltr'><strong>mancipium</strong></span> 
     </span>
    </p>
   </div>
   <div class='ocr_carea' id='block_1_80' title="bbox 2075 3279 3649 3352">
    <p class='ocr_par' dir='ltr' id='par_1_80' title="bbox 2075 3279 3649 3352">
     <span class='ocr_line' id='line_1_80' title="bbox 2075 3279 3649 3352; baseline -0.004 -16"><span class='ocrx_word' id='word_1_574' title='bbox 2075 3282 2332 3337; x_wconf 86' lang='lat' dir='ltr'><strong>inserviat</strong></span> <span class='ocrx_word' id='word_1_575' title='bbox 2366 3283 2511 3335; x_wconf 89' lang='lat' dir='ltr'><strong>omni</strong></span> <span class='ocrx_word' id='word_1_576' title='bbox 2553 3282 2684 3336; x_wconf 89' lang='lat' dir='ltr'><strong>vitio</strong></span> <span class='ocrx_word' id='word_1_577' title='bbox 2709 3292 2762 3335; x_wconf 86' lang='lat' dir='ltr'><strong>et</strong></span> <span class='ocrx_word' id='word_1_578' title='bbox 2788 3281 3136 3352; x_wconf 80' lang='lat' dir='ltr'><strong>cogitationi,</strong></span> <span class='ocrx_word' id='word_1_579' title='bbox 3170 3290 3223 3333; x_wconf 91' lang='lat' dir='ltr'><strong>et</strong></span> <span class='ocrx_word' id='word_1_580' title='bbox 3267 3281 3412 3333; x_wconf 88' lang='lat' dir='ltr'><strong>malo</strong></span> <span class='ocrx_word' id='word_1_581' title='bbox 3448 3279 3649 3346; x_wconf 84' lang='lat' dir='ltr'><strong>spiritu</strong></span> 
     </span>
    </p>
   </div>
   <div class='ocr_carea' id='block_1_81' title="bbox 2075 3371 3654 3443">
    <p class='ocr_par' dir='ltr' id='par_1_81' title="bbox 2075 3371 3654 3443">
     <span class='ocr_line' id='line_1_81' title="bbox 2075 3371 3654 3443; baseline -0.004 -15"><span class='ocrx_word' id='word_1_582' title='bbox 2075 3387 2382 3443; x_wconf 89' lang='lat' dir='ltr'><strong>superetur,</strong></span> <span class='ocrx_word' id='word_1_583' title='bbox 2410 3389 2509 3428; x_wconf 89' lang='lat' dir='ltr'><strong>nec</strong></span> <span class='ocrx_word' id='word_1_584' title='bbox 2541 3373 2804 3427; x_wconf 83' lang='lat' dir='ltr'><strong>auxilium</strong></span> <span class='ocrx_word' id='word_1_585' title='bbox 2863 3372 3104 3440; x_wconf 84' lang='lat' dir='ltr'><strong>accipiat</strong></span> <span class='ocrx_word' id='word_1_586' title='bbox 3138 3387 3203 3426; x_wconf 84' lang='lat' dir='ltr'><strong>ex</strong></span> <span class='ocrx_word' id='word_1_587' title='bbox 3239 3371 3515 3437; x_wconf 81' lang='lat' dir='ltr'><strong>operibus,</strong></span> <span class='ocrx_word' id='word_1_588' title='bbox 3553 3383 3654 3423; x_wconf 87' lang='lat' dir='ltr'><strong>nec</strong></span> 
     </span>
    </p>
   </div>
   <div class='ocr_carea' id='block_1_82' title="bbox 2073 3462 3655 3535">
    <p class='ocr_par' dir='ltr' id='par_1_82' title="bbox 2073 3462 3655 3535">
     <span class='ocr_line' id='line_1_82' title="bbox 2073 3462 3655 3535; baseline -0.004 -14"><span class='ocrx_word' id='word_1_589' title='bbox 2073 3482 2101 3521; x_wconf 87' lang='lat' dir='ltr'><strong>a</strong></span> <span class='ocrx_word' id='word_1_590' title='bbox 2147 3467 2280 3531; x_wconf 88' lang='lat' dir='ltr'><strong>Deo,</strong></span> <span class='ocrx_word' id='word_1_591' title='bbox 2317 3483 2414 3522; x_wconf 87' lang='lat' dir='ltr'><strong>nec</strong></span> <span class='ocrx_word' id='word_1_592' title='bbox 2451 3466 2648 3520; x_wconf 85' lang='lat' dir='ltr'><strong>ahullo</strong></span> <span class='ocrx_word' id='word_1_593' title='bbox 2673 3480 3016 3535; x_wconf 87' lang='lat' dir='ltr'><strong>quocunque,</strong></span> <span class='ocrx_word' id='word_1_594' title='bbox 3082 3465 3154 3518; x_wconf 86' lang='lat' dir='ltr'><strong>ita</strong></span> <span class='ocrx_word' id='word_1_595' title='bbox 3188 3473 3248 3517; x_wconf 88' lang='lat' dir='ltr'><strong>ut</strong></span> <span class='ocrx_word' id='word_1_596' title='bbox 3275 3478 3407 3531; x_wconf 87' lang='lat' dir='ltr'><strong>pene</strong></span> <span class='ocrx_word' id='word_1_597' title='bbox 3437 3462 3488 3515; x_wconf 92' lang='lat' dir='ltr'><strong>in</strong></span> <span class='ocrx_word' id='word_1_598' title='bbox 3559 3462 3655 3515; x_wconf 69' lang='grc' dir='ltr'><strong>(1ου</strong></span> 
     </span>
    </p>
   </div>
   <div class='ocr_carea' id='block_1_83' title="bbox 2073 3555 3653 3625">
    <p class='ocr_par' dir='ltr' id='par_1_83' title="bbox 2073 3555 3653 3625">
     <span class='ocr_line' id='line_1_83' title="bbox 2073 3555 3653 3625; baseline -0.006 -11"><span class='ocrx_word' id='word_1_599' title='bbox 2073 3559 2446 3625; x_wconf 75' lang='lat' dir='ltr'><strong>sperationem</strong></span> <span class='ocrx_word' id='word_1_600' title='bbox 2503 3557 2724 3622; x_wconf 79' lang='lat' dir='ltr'><strong>incidat,</strong></span> <span class='ocrx_word' id='word_1_601' title='bbox 2763 3567 2816 3611; x_wconf 90' lang='lat' dir='ltr'><strong>et</strong></span> <span class='ocrx_word' id='word_1_602' title='bbox 2842 3557 2895 3610; x_wconf 92' lang='lat' dir='ltr'><strong>in</strong></span> <span class='ocrx_word' id='word_1_603' title='bbox 2931 3555 3182 3610; x_wconf 89' lang='lat' dir='ltr'><strong>omnibus</strong></span> <span class='ocrx_word' id='word_1_604' title='bbox 3210 3555 3523 3608; x_wconf 84' lang='lat' dir='ltr'><strong>humiliatus</strong></span> <span class='ocrx_word' id='word_1_605' title='bbox 3547 3568 3653 3606; x_wconf 89' lang='lat' dir='ltr'><strong>non</strong></span> 
     </span>
    </p>
   </div>
   <div class='ocr_carea' id='block_1_84' title="bbox 2073 3647 3649 3718">
    <p class='ocr_par' dir='ltr' id='par_1_84' title="bbox 2073 3647 3649 3718">
     <span class='ocr_line' id='line_1_84' title="bbox 2073 3647 3649 3718; baseline -0.003 -17"><span class='ocrx_word' id='word_1_606' title='bbox 2073 3653 2246 3718; x_wconf 87' lang='lat' dir='ltr'><strong>possit</strong></span> <span class='ocrx_word' id='word_1_607' title='bbox 2295 3649 2502 3703; x_wconf 88' lang='lat' dir='ltr'><strong>conteri</strong></span> <span class='ocrx_word' id='word_1_608' title='bbox 2552 3658 2608 3702; x_wconf 87' lang='lat' dir='ltr'><strong>et.</strong></span> <span class='ocrx_word' id='word_1_609' title='bbox 2637 3663 2696 3702; x_wconf 88' lang='lat' dir='ltr'><strong>se</strong></span> <span class='ocrx_word' id='word_1_610' title='bbox 2746 3649 2952 3702; x_wconf 86' lang='lat' dir='ltr'><strong>habere</strong></span> <span class='ocrx_word' id='word_1_611' title='bbox 2985 3657 3043 3700; x_wconf 79' lang='grc' dir='ltr'><strong>ιιι</strong></span> <span class='ocrx_word' id='word_1_612' title='bbox 3070 3647 3316 3700; x_wconf 89' lang='lat' dir='ltr'><strong>omnium</strong></span> <span class='ocrx_word' id='word_1_613' title='bbox 3353 3647 3649 3709; x_wconf 75' lang='lat' dir='ltr'><strong>&quot;infimum,</strong></span> 
     </span>
    </p>
   </div>
   <div class='ocr_carea' id='block_1_85' title="bbox 2075 3739 3650 3810">
    <p class='ocr_par' dir='ltr' id='par_1_85' title="bbox 2075 3739 3650 3810">
     <span class='ocr_line' id='line_1_85' title="bbox 2075 3739 3650 3810; baseline -0.004 -16"><span class='ocrx_word' id='word_1_614' title='bbox 2075 3742 2566 3810; x_wconf 78' lang='lat' dir='ltr'><strong>novissimumque,</strong></span> <span class='ocrx_word' id='word_1_615' title='bbox 2605 3752 2659 3794; x_wconf 86' lang='lat' dir='ltr'><strong>et</strong></span> <span class='ocrx_word' id='word_1_616' title='bbox 2735 3757 2978 3802; x_wconf 76' lang='lat' dir='ltr'><strong>servum,</strong></span> <span class='ocrx_word' id='word_1_617' title='bbox 3017 3750 3180 3807; x_wconf 85' lang='lat' dir='ltr'><strong>atque</strong></span> <span class='ocrx_word' id='word_1_618' title='bbox 3239 3740 3370 3807; x_wconf 86' lang='lat' dir='ltr'><strong>ipsis</strong></span> <span class='ocrx_word' id='word_1_619' title='bbox 3411 3739 3650 3806; x_wconf 74' lang='lat' dir='ltr'><strong>pejor-em</strong></span> 
     </span>
    </p>
   </div>
   <div class='ocr_carea' id='block_1_86' title="bbox 2072 3833 3646 3906">
    <p class='ocr_par' dir='ltr' id='par_1_86' title="bbox 2072 3833 3646 3906">
     <span class='ocr_line' id='line_1_86' title="bbox 2072 3833 3646 3906; baseline -0.003 -17"><span class='ocrx_word' id='word_1_620' title='bbox 2072 3835 2437 3900; x_wconf 71' lang='lat' dir='ltr'><strong>daemonibus,</strong></span> <span class='ocrx_word' id='word_1_621' title='bbox 2472 3845 2658 3906; x_wconf 89' lang='lat' dir='ltr'><strong>utpote</strong></span> <span class='ocrx_word' id='word_1_622' title='bbox 2704 3835 2773 3888; x_wconf 84' lang='lat' dir='ltr'><strong>ab</strong></span> <span class='ocrx_word' id='word_1_623' title='bbox 2807 3835 2875 3888; x_wconf 88' lang='lat' dir='ltr'><strong>iis</strong></span> <span class='ocrx_word' id='word_1_624' title='bbox 2916 3833 3193 3889; x_wconf 88' lang='lat' dir='ltr'><strong>devictum</strong></span> <span class='ocrx_word' id='word_1_625' title='bbox 3224 3844 3278 3886; x_wconf 90' lang='lat' dir='ltr'><strong>et</strong></span> <span class='ocrx_word' id='word_1_626' title='bbox 3310 3843 3646 3899; x_wconf 86' lang='lat' dir='ltr'><strong>superatum.</strong></span> 
     </span>
    </p>
   </div>
   <div class='ocr_carea' id='block_1_87' title="bbox 2071 3922 3647 3990">
    <p class='ocr_par' dir='ltr' id='par_1_87' title="bbox 2071 3922 3647 3990">
     <span class='ocr_line' id='line_1_87' title="bbox 2071 3922 3647 3990; baseline -0.003 -11"><span class='ocrx_word' id='word_1_627' title='bbox 2071 3924 2140 3979; x_wconf 89' lang='lat' dir='ltr'><strong>Et</strong></span> <span class='ocrx_word' id='word_1_628' title='bbox 2173 3923 2286 3976; x_wconf 71' lang='lat' dir='ltr'><strong>haec</strong></span> <span class='ocrx_word' id='word_1_629' title='bbox 2311 3924 2539 3977; x_wconf 86' lang='lat' dir='ltr'><strong>estdata</strong></span> <span class='ocrx_word' id='word_1_630' title='bbox 2569 3939 2599 3977; x_wconf 86' lang='lat' dir='ltr'><strong>a</strong></span> <span class='ocrx_word' id='word_1_631' title='bbox 2636 3924 2979 3978; x_wconf 83' lang='lat' dir='ltr'><strong>Providentia</strong></span> <span class='ocrx_word' id='word_1_632' title='bbox 3020 3922 3324 3985; x_wconf 83' lang='lat' dir='ltr'><strong>humilitas,</strong></span> <span class='ocrx_word' id='word_1_633' title='bbox 3357 3937 3454 3990; x_wconf 84' lang='lat' dir='ltr'><strong>per</strong></span> <span class='ocrx_word' id='word_1_634' title='bbox 3483 3937 3647 3987; x_wconf 89' lang='lat' dir='ltr'><strong>quam</strong></span> 
     </span>
    </p>
   </div>
   <div class='ocr_carea' id='block_1_88' title="bbox 2072 4016 3645 4086">
    <p class='ocr_par' dir='ltr' id='par_1_88' title="bbox 2072 4016 3645 4086">
     <span class='ocr_line' id='line_1_88' title="bbox 2072 4016 3645 4086; baseline -0.003 -12"><span class='ocrx_word' id='word_1_635' title='bbox 2072 4018 2308 4074; x_wconf 87' lang='lat' dir='ltr'><strong>secunda</strong></span> <span class='ocrx_word' id='word_1_636' title='bbox 2336 4025 2390 4071; x_wconf 88' lang='lat' dir='ltr'><strong>et.</strong></span> <span class='ocrx_word' id='word_1_637' title='bbox 2417 4018 2666 4072; x_wconf 86' lang='lat' dir='ltr'><strong>sublimis</strong></span> <span class='ocrx_word' id='word_1_638' title='bbox 2699 4018 2963 4070; x_wconf 86' lang='lat' dir='ltr'><strong>divinitus</strong></span> <span class='ocrx_word' id='word_1_639' title='bbox 2991 4016 3176 4080; x_wconf 90' lang='lat' dir='ltr'><strong>datur,</strong></span> <span class='ocrx_word' id='word_1_640' title='bbox 3201 4031 3323 4086; x_wconf 68' lang='lat' dir='ltr'><strong>qum</strong></span> <span class='ocrx_word' id='word_1_641' title='bbox 3355 4026 3436 4070; x_wconf 89' lang='lat' dir='ltr'><strong>est</strong></span> <span class='ocrx_word' id='word_1_642' title='bbox 3467 4018 3645 4070; x_wconf 80' lang='lat' dir='ltr'><strong>divina</strong></span> 
     </span>
    </p>
   </div>
   <div class='ocr_carea' id='block_1_89' title="bbox 2073 4107 3646 4178">
    <p class='ocr_par' dir='ltr' id='par_1_89' title="bbox 2073 4107 3646 4178">
     <span class='ocr_line' id='line_1_89' title="bbox 2073 4107 3646 4178; baseline -0.003 -14"><span class='ocrx_word' id='word_1_643' title='bbox 2073 4111 2247 4164; x_wconf 77' lang='lat' dir='ltr'><strong>virtus</strong></span> <span class='ocrx_word' id='word_1_644' title='bbox 2305 4125 2536 4178; x_wconf 89' lang='lat' dir='ltr'><strong>operans</strong></span> <span class='ocrx_word' id='word_1_645' title='bbox 2562 4119 2615 4163; x_wconf 90' lang='lat' dir='ltr'><strong>et</strong></span> <span class='ocrx_word' id='word_1_646' title='bbox 2656 4109 2860 4163; x_wconf 80' lang='lat' dir='ltr'><strong>faciens</strong></span> <span class='ocrx_word' id='word_1_647' title='bbox 2903 4109 3105 4172; x_wconf 84' lang='lat' dir='ltr'><strong>omnia,</strong></span> <span class='ocrx_word' id='word_1_648' title='bbox 3139 4119 3191 4160; x_wconf 80' lang='lat' dir='ltr'><strong>et</strong></span> <span class='ocrx_word' id='word_1_649' title='bbox 3244 4109 3326 4162; x_wconf 94' lang='lat' dir='ltr'><strong>cui</strong></span> <span class='ocrx_word' id='word_1_650' title='bbox 3381 4107 3544 4160; x_wconf 87' lang='lat' dir='ltr'><strong>homo</strong></span> <span class='ocrx_word' id='word_1_651' title='bbox 3587 4121 3646 4159; x_wconf 78' lang='lat' dir='ltr'><strong>se</strong></span> 
     </span>
    </p>
   </div>
   <div class='ocr_carea' id='block_1_90' title="bbox 2073 4200 3647 4268">
    <p class='ocr_par' dir='ltr' id='par_1_90' title="bbox 2073 4200 3647 4268">
     <span class='ocr_line' id='line_1_90' title="bbox 2073 4200 3647 4268; baseline -0.003 -12"><span class='ocrx_word' id='word_1_652' title='bbox 2073 4203 2221 4256; x_wconf 80' lang='lat' dir='ltr'><strong>velut</strong></span> <span class='ocrx_word' id='word_1_653' title='bbox 2258 4203 2683 4255; x_wconf 82' lang='lat' dir='ltr'><strong>instrumentum</strong></span> <span class='ocrx_word' id='word_1_654' title='bbox 2721 4201 3035 4254; x_wconf 85' lang='lat' dir='ltr'><strong>ministrare</strong></span> <span class='ocrx_word' id='word_1_655' title='bbox 3063 4200 3251 4253; x_wconf 83' lang='lat' dir='ltr'><strong>videns</strong></span> <span class='ocrx_word' id='word_1_656' title='bbox 3287 4214 3527 4268; x_wconf 87' lang='lat' dir='ltr'><strong>semper,</strong></span> <span class='ocrx_word' id='word_1_657' title='bbox 3551 4213 3647 4268; x_wconf 90' lang='lat' dir='ltr'><strong>per</strong></span> 
     </span>
    </p>
   </div>
   <div class='ocr_carea' id='block_1_91' title="bbox 411 4284 1976 4359">
    <p class='ocr_par' dir='ltr' id='par_1_91' title="bbox 411 4284 1976 4359">
     <span class='ocr_line' id='line_1_91' title="bbox 411 4284 1976 4359; baseline 0.008 -25"><span class='ocrx_word' id='word_1_658' title='bbox 411 4284 712 4354; x_wconf 81' lang='grc' dir='ltr'><strong>ήδευτέρα.</strong></span> <span class='ocrx_word' id='word_1_659' title='bbox 741 4285 836 4338; x_wconf 82' lang='grc' dir='ltr'><strong>καὶ</strong></span> <span class='ocrx_word' id='word_1_660' title='bbox 866 4285 1043 4355; x_wconf 75' lang='grc' dir='ltr'><strong>ὑψηλὴ</strong></span> <span class='ocrx_word' id='word_1_661' title='bbox 1068 4286 1252 4339; x_wconf 84' lang='grc' dir='ltr'><strong>Θεόοεν</strong></span> <span class='ocrx_word' id='word_1_662' title='bbox 1282 4286 1516 4340; x_wconf 86' lang='grc' dir='ltr'><strong>δίδοται·</strong></span> <span class='ocrx_word' id='word_1_663' title='bbox 1567 4289 1690 4359; x_wconf 80' lang='grc' dir='ltr'><strong>ἣτις</strong></span> <span class='ocrx_word' id='word_1_664' title='bbox 1719 4293 1836 4345; x_wconf 73' lang='grc' dir='ltr'><strong>ἐστὶ</strong></span> <span class='ocrx_word' id='word_1_665' title='bbox 1858 4290 1976 4346; x_wconf 77' lang='grc' dir='ltr'><strong>θεία</strong></span> 
     </span>
    </p>
   </div>
   <div class='ocr_carea' id='block_1_92' title="bbox 2078 4284 2932 4359">
    <p class='ocr_par' dir='ltr' id='par_1_92' title="bbox 2078 4293 2932 4358">
     <span class='ocr_line' id='line_1_92' title="bbox 2078 4293 2932 4358; baseline -0.006 -9"><span class='ocrx_word' id='word_1_666' title='bbox 2078 4311 2190 4349; x_wconf 80' lang='lat' dir='ltr'><strong>eam</strong></span> <span class='ocrx_word' id='word_1_667' title='bbox 2222 4295 2492 4347; x_wconf 65' lang='lat' dir='ltr'><strong>tuirahiiit</strong></span> <span class='ocrx_word' id='word_1_668' title='bbox 2530 4293 2619 4346; x_wconf 79' lang='lat' dir='ltr'><strong>Dei</strong></span> <span class='ocrx_word' id='word_1_669' title='bbox 2654 4305 2932 4358; x_wconf 69' lang='lat' dir='ltr'><strong>opt-ratur.</strong></span> 
     </span>
    </p>
   </div>
   <div class='ocr_carea' id='block_1_93' title="bbox 406 4369 3637 4457">
    <p class='ocr_par' dir='ltr' id='par_1_93' title="bbox 406 4369 3637 4457">
     <span class='ocr_line' id='line_1_93' title="bbox 406 4369 3637 4457; baseline 0.006 -37"><span class='ocrx_word' id='word_1_670' title='bbox 406 4369 712 4442; x_wconf 81' lang='grc' dir='ltr'><strong>δυναμις,ἡ</strong></span> <span class='ocrx_word' id='word_1_671' title='bbox 746 4373 1044 4444; x_wconf 79' lang='grc' dir='ltr'><strong>ἐνεργοῦσα</strong></span> <span class='ocrx_word' id='word_1_672' title='bbox 1080 4379 1178 4428; x_wconf 74' lang='grc' dir='ltr'><strong>καὶ</strong></span> <span class='ocrx_word' id='word_1_673' title='bbox 1204 4378 1431 4432; x_wconf 78' lang='grc' dir='ltr'><strong>ποιοῦσα</strong></span> <span class='ocrx_word' id='word_1_674' title='bbox 1478 4382 1547 4433; x_wconf 77' lang='grc' dir='ltr'><strong>τὰ</strong></span> <span class='ocrx_word' id='word_1_675' title='bbox 1575 4384 1772 4435; x_wconf 85' lang='grc' dir='ltr'><strong>πάντα.</strong></span> <span class='ocrx_word' id='word_1_676' title='bbox 1819 4381 1899 4435; x_wconf 75' lang='grc' dir='ltr'><strong>Δι’</strong></span> <span class='ocrx_word' id='word_1_677' title='bbox 1924 4383 2091 4454; x_wconf 79' lang='grc' dir='ltr'><strong>αὑτῆς</strong></span> <span class='ocrx_word' id='word_1_678' title='bbox 2126 4383 2365 4454; x_wconf 72' lang='grc' dir='ltr'><strong>ὕργανον</strong></span> <span class='ocrx_word' id='word_1_679' title='bbox 2400 4385 2561 4438; x_wconf 81' lang='grc' dir='ltr'><strong>αὑτὸν</strong></span> <span class='ocrx_word' id='word_1_680' title='bbox 2607 4386 2772 4457; x_wconf 73' lang='grc' dir='ltr'><strong>ἑαυτῇ</strong></span> <span class='ocrx_word' id='word_1_681' title='bbox 2816 4388 3029 4457; x_wconf 75' lang='grc' dir='ltr'><strong>βλέπων</strong></span> <span class='ocrx_word' id='word_1_682' title='bbox 3062 4391 3387 4456; x_wconf 57' lang='grc' dir='ltr'><strong>διαπαντὸς,</strong></span> <span class='ocrx_word' id='word_1_683' title='bbox 3445 4406 3536 4440; x_wconf 77' lang='grc' dir='ltr'><strong>και</strong></span> <span class='ocrx_word' id='word_1_684' title='bbox 3567 4386 3637 4440; x_wconf 83' lang='grc' dir='ltr'><strong>δι’</strong></span> 
     </span>
    </p>
   </div>
   <div class='ocr_carea' id='block_1_94' title="bbox 400 4466 1696 4547">
    <p class='ocr_par' dir='ltr' id='par_1_94' title="bbox 400 4466 1696 4547">
     <span class='ocr_line' id='line_1_94' title="bbox 400 4466 1696 4547; baseline 0.008 -27"><span class='ocrx_word' id='word_1_685' title='bbox 400 4466 576 4535; x_wconf 77' lang='grc' dir='ltr'><strong>αὑτῆς</strong></span> <span class='ocrx_word' id='word_1_686' title='bbox 603 4467 672 4521; x_wconf 80' lang='grc' dir='ltr'><strong>τὰ</strong></span> <span class='ocrx_word' id='word_1_687' title='bbox 697 4468 983 4538; x_wconf 79' lang='grc' dir='ltr'><strong>θαυμάσια</strong></span> <span class='ocrx_word' id='word_1_688' title='bbox 1010 4474 1107 4527; x_wconf 84' lang='grc' dir='ltr'><strong>τοῦ</strong></span> <span class='ocrx_word' id='word_1_689' title='bbox 1144 4475 1280 4529; x_wconf 86' lang='grc' dir='ltr'><strong>Θεοῦ</strong></span> <span class='ocrx_word' id='word_1_690' title='bbox 1307 4477 1696 4547; x_wconf 80' lang='grc' dir='ltr'><strong>ἐργαζόμενον.</strong></span> 
     </span>
    </p>
   </div>
   <div class='ocr_carea' id='block_1_95' title="bbox 473 4548 1972 4641">
    <p class='ocr_par' dir='ltr' id='par_1_95' title="bbox 473 4548 1972 4641">
     <span class='ocr_line' id='line_1_95' title="bbox 473 4548 1972 4641; baseline 0.021 -46"><span class='ocrx_word' id='word_1_691' title='bbox 473 4551 598 4615; x_wconf 86' lang='grc' dir='ltr'><strong>ριη’.</strong></span> <span class='ocrx_word' id='word_1_692' title='bbox 625 4548 1045 4641; x_wconf 20' lang='grc' dir='ltr'><strong>,Ὑποστατικὴν</strong></span> <span class='ocrx_word' id='word_1_693' title='bbox 1067 4556 1162 4608; x_wconf 81' lang='grc' dir='ltr'><strong>τοῦ</strong></span> <span class='ocrx_word' id='word_1_694' title='bbox 1203 4565 1378 4627; x_wconf 85' lang='grc' dir='ltr'><strong>φωτὸς</strong></span> <span class='ocrx_word' id='word_1_695' title='bbox 1413 4565 1645 4637; x_wconf 83' lang='grc' dir='ltr'><strong>Θεωρίαν</strong></span> <span class='ocrx_word' id='word_1_696' title='bbox 1671 4588 1972 4641; x_wconf 74' lang='grc' dir='ltr'><strong>πνευματι-</strong></span> 
     </span>
    </p>
   </div>
   <div class='ocr_carea' id='block_1_96' title="bbox 398 4635 1969 4733">
    <p class='ocr_par' dir='ltr' id='par_1_96' title="bbox 398 4635 1969 4733">
     <span class='ocr_line' id='line_1_96' title="bbox 398 4635 1969 4733; baseline 0.018 -44"><span class='ocrx_word' id='word_1_697' title='bbox 398 4635 527 4708; x_wconf 83' lang='grc' dir='ltr'><strong>κὴν,</strong></span> <span class='ocrx_word' id='word_1_698' title='bbox 557 4639 682 4693; x_wconf 79' lang='grc' dir='ltr'><strong>νοῦν</strong></span> <span class='ocrx_word' id='word_1_699' title='bbox 721 4641 1083 4711; x_wconf 83' lang='grc' dir='ltr'><strong>ἀφάνταστον,</strong></span> <span class='ocrx_word' id='word_1_700' title='bbox 1116 4650 1208 4701; x_wconf 81' lang='grc' dir='ltr'><strong>καὶ</strong></span> <span class='ocrx_word' id='word_1_701' title='bbox 1239 4655 1660 4726; x_wconf 85' lang='grc' dir='ltr'><strong>ἁμετεώριστον.</strong></span> <span class='ocrx_word' id='word_1_702' title='bbox 1688 4663 1969 4733; x_wconf 79' lang='grc' dir='ltr'><strong>ἐνέργειαν</strong></span> 
     </span>
    </p>
   </div>
   <div class='ocr_carea' id='block_1_97' title="bbox 405 4724 1982 4820">
    <p class='ocr_par' dir='ltr' id='par_1_97' title="bbox 405 4724 1982 4820">
     <span class='ocr_line' id='line_1_97' title="bbox 405 4724 1982 4820; baseline 0.016 -42"><span class='ocrx_word' id='word_1_703' title='bbox 405 4724 718 4798; x_wconf 79' lang='grc' dir='ltr'><strong>προοευχῆς</strong></span> <span class='ocrx_word' id='word_1_704' title='bbox 748 4726 1028 4803; x_wconf 83' lang='grc' dir='ltr'><strong>ἀληθινὴν,</strong></span> <span class='ocrx_word' id='word_1_705' title='bbox 1068 4734 1162 4787; x_wconf 78' lang='grc' dir='ltr'><strong>καὶ</strong></span> <span class='ocrx_word' id='word_1_706' title='bbox 1189 4735 1254 4820; x_wconf 52' lang='lat' dir='ltr'><strong>ex</strong></span> <span class='ocrx_word' id='word_1_707' title='bbox 1287 4724 1468 4808; x_wconf 80' lang='grc' dir='ltr'><strong>μέσης</strong></span> <span class='ocrx_word' id='word_1_708' title='bbox 1494 4742 1722 4811; x_wconf 80' lang='grc' dir='ltr'><strong>καρδίας</strong></span> <span class='ocrx_word' id='word_1_709' title='bbox 1761 4724 1982 4820; x_wconf 73' lang='grc' dir='ltr'><strong>άείρρυ-</strong></span> 
     </span>
    </p>
   </div>
   <div class='ocr_carea' id='block_1_98' title="bbox 400 4813 1981 4907">
    <p class='ocr_par' dir='ltr' id='par_1_98' title="bbox 400 4813 1981 4907">
     <span class='ocr_line' id='line_1_98' title="bbox 400 4813 1981 4907; baseline 0.015 -36"><span class='ocrx_word' id='word_1_710' title='bbox 400 4834 513 4883; x_wconf 86' lang='grc' dir='ltr'><strong>τον,</strong></span> <span class='ocrx_word' id='word_1_711' title='bbox 541 4819 719 4889; x_wconf 73' lang='grc' dir='ltr'><strong>ψυχῆς</strong></span> <span class='ocrx_word' id='word_1_712' title='bbox 750 4822 1049 4876; x_wconf 81' lang='grc' dir='ltr'><strong>ἀνάστασιν</strong></span> <span class='ocrx_word' id='word_1_713' title='bbox 1078 4827 1169 4879; x_wconf 66' lang='grc' dir='ltr'><strong>καὶ</strong></span> <span class='ocrx_word' id='word_1_714' title='bbox 1198 4813 1479 4898; x_wconf 72' lang='grc' dir='ltr'><strong>ἀνάτασιν,</strong></span> <span class='ocrx_word' id='word_1_715' title='bbox 1525 4832 1786 4907; x_wconf 71' lang='grc' dir='ltr'><strong>ἔκπληξιν</strong></span> <span class='ocrx_word' id='word_1_716' title='bbox 1832 4813 1981 4895; x_wconf 53' lang='grc' dir='ltr'><strong>θείαν</strong></span> 
     </span>
    </p>
   </div>
   <div class='ocr_carea' id='block_1_99' title="bbox 395 4909 1976 4991">
    <p class='ocr_par' dir='ltr' id='par_1_99' title="bbox 395 4909 1976 4991">
     <span class='ocr_line' id='line_1_99' title="bbox 395 4909 1976 4991; baseline 0.017 -32"><span class='ocrx_word' id='word_1_717' title='bbox 395 4909 492 4961; x_wconf 79' lang='grc' dir='ltr'><strong>καὶ</strong></span> <span class='ocrx_word' id='word_1_718' title='bbox 515 4909 1005 4983; x_wconf 79' lang='grc' dir='ltr'><strong>με[τε]ωροπορίαν</strong></span> <span class='ocrx_word' id='word_1_719' title='bbox 1039 4917 1189 4970; x_wconf 80' lang='grc' dir='ltr'><strong>τοῦδε</strong></span> <span class='ocrx_word' id='word_1_720' title='bbox 1226 4921 1316 4973; x_wconf 71' lang='grc' dir='ltr'><strong>τοῦ</strong></span> <span class='ocrx_word' id='word_1_721' title='bbox 1340 4924 1560 4991; x_wconf 83' lang='grc' dir='ltr'><strong>παντὸς,</strong></span> <span class='ocrx_word' id='word_1_722' title='bbox 1585 4927 1839 4982; x_wconf 81' lang='grc' dir='ltr'><strong>ἔκστασιν</strong></span> <span class='ocrx_word' id='word_1_723' title='bbox 1864 4933 1948 4985; x_wconf 78' lang='grc' dir='ltr'><strong>δια</strong></span> <span class='ocrx_word' id='word_1_724' title='bbox 1971 4968 1976 4973; x_wconf 88' lang='lat'><strong><em>-</em></strong></span> 
     </span>
    </p>
   </div>
   <div class='ocr_carea' id='block_1_100' title="bbox 398 4999 1979 5093">
    <p class='ocr_par' dir='ltr' id='par_1_100' title="bbox 398 4999 1979 5093">
     <span class='ocr_line' id='line_1_100' title="bbox 398 4999 1979 5093; baseline 0.016 -41"><span class='ocrx_word' id='word_1_725' title='bbox 398 4999 546 5064; x_wconf 86' lang='grc' dir='ltr'><strong>νοίας</strong></span> <span class='ocrx_word' id='word_1_726' title='bbox 581 5004 639 5054; x_wconf 81' lang='grc' dir='ltr'><strong>ὲν</strong></span> <span class='ocrx_word' id='word_1_727' title='bbox 675 5003 951 5073; x_wconf 87' lang='grc' dir='ltr'><strong>πνεύματι</strong></span> <span class='ocrx_word' id='word_1_728' title='bbox 998 5007 1184 5079; x_wconf 78' lang='grc' dir='ltr'><strong>ὑλικὴν</strong></span> <span class='ocrx_word' id='word_1_729' title='bbox 1217 5011 1324 5063; x_wconf 88' lang='grc' dir='ltr'><strong>τῶν</strong></span> <span class='ocrx_word' id='word_1_730' title='bbox 1357 5015 1688 5087; x_wconf 78' lang='grc' dir='ltr'><strong>αἰσθήσεων,</strong></span> <span class='ocrx_word' id='word_1_731' title='bbox 1725 5023 1979 5093; x_wconf 56' lang='grc' dir='ltr'><strong>ἁρπαγὲῃι</strong></span> 
     </span>
    </p>
   </div>
   <div class='ocr_carea' id='block_1_101' title="bbox 397 5091 1970 5182">
    <p class='ocr_par' dir='ltr' id='par_1_101' title="bbox 397 5091 1970 5182">
     <span class='ocr_line' id='line_1_101' title="bbox 397 5091 1970 5182; baseline 0.017 -40"><span class='ocrx_word' id='word_1_732' title='bbox 397 5091 512 5156; x_wconf 61' lang='grc' dir='ltr'><strong>νοξς</strong></span> <span class='ocrx_word' id='word_1_733' title='bbox 540 5091 647 5145; x_wconf 91' lang='grc' dir='ltr'><strong>τῶν</strong></span> <span class='ocrx_word' id='word_1_734' title='bbox 668 5096 885 5148; x_wconf 71' lang='grc' dir='ltr'><strong>οἰκείων</strong></span> <span class='ocrx_word' id='word_1_735' title='bbox 923 5095 1229 5166; x_wconf 81' lang='grc' dir='ltr'><strong>δυνάμεων,</strong></span> <span class='ocrx_word' id='word_1_736' title='bbox 1277 5103 1454 5176; x_wconf 64' lang='grc' dir='ltr'><strong>ψυχῆς</strong></span> <span class='ocrx_word' id='word_1_737' title='bbox 1504 5108 1716 5179; x_wconf 84' lang='grc' dir='ltr'><strong>κίνησιν</strong></span> <span class='ocrx_word' id='word_1_738' title='bbox 1756 5091 1970 5182; x_wconf 41' lang='lat' dir='ltr'><strong>ams};-</strong></span> 
     </span>
    </p>
   </div>
   <div class='ocr_carea' id='block_1_102' title="bbox 400 5182 1973 5272">
    <p class='ocr_par' dir='ltr' id='par_1_102' title="bbox 400 5182 1973 5272">
     <span class='ocr_line' id='line_1_102' title="bbox 400 5182 1973 5272; baseline 0.018 -40"><span class='ocrx_word' id='word_1_739' title='bbox 400 5182 501 5251; x_wconf 75' lang='grc' dir='ltr'><strong>κὴν</strong></span> <span class='ocrx_word' id='word_1_740' title='bbox 533 5183 866 5255; x_wconf 75' lang='grc' dir='ltr'><strong>Θεοκίνητον,</strong></span> <span class='ocrx_word' id='word_1_741' title='bbox 926 5193 1062 5260; x_wconf 82' lang='grc' dir='ltr'><strong>πρός</strong></span> <span class='ocrx_word' id='word_1_742' title='bbox 1095 5208 1151 5243; x_wconf 85' lang='grc' dir='ltr'><strong>τε</strong></span> <span class='ocrx_word' id='word_1_743' title='bbox 1183 5193 1242 5245; x_wconf 70' lang='grc' dir='ltr'><strong>τὸ</strong></span> <span class='ocrx_word' id='word_1_744' title='bbox 1285 5195 1512 5266; x_wconf 73' lang='grc' dir='ltr'><strong>ἄπειρον</strong></span> <span class='ocrx_word' id='word_1_745' title='bbox 1543 5203 1635 5252; x_wconf 75' lang='grc' dir='ltr'><strong>καὶ</strong></span> <span class='ocrx_word' id='word_1_746' title='bbox 1663 5203 1722 5254; x_wconf 75' lang='grc' dir='ltr'><strong>τὸ</strong></span> <span class='ocrx_word' id='word_1_747' title='bbox 1748 5205 1973 5272; x_wconf 73' lang='grc' dir='ltr'><strong>ἄναντες</strong></span> 
     </span>
    </p>
   </div>
   <div class='ocr_carea' id='block_1_103' title="bbox 394 5277 1974 5368">
    <p class='ocr_par' dir='ltr' id='par_1_103' title="bbox 394 5277 1974 5368">
     <span class='ocr_line' id='line_1_103' title="bbox 394 5277 1974 5368; baseline 0.018 -44"><span class='ocrx_word' id='word_1_748' title='bbox 394 5277 740 5348; x_wconf 77' lang='grc' dir='ltr'><strong>κινουμένην,</strong></span> <span class='ocrx_word' id='word_1_749' title='bbox 775 5280 832 5330; x_wconf 81' lang='grc' dir='ltr'><strong>έν</strong></span> <span class='ocrx_word' id='word_1_750' title='bbox 864 5282 928 5349; x_wconf 82' lang='grc' dir='ltr'><strong>τῇ</strong></span> <span class='ocrx_word' id='word_1_751' title='bbox 966 5283 1092 5335; x_wconf 82' lang='grc' dir='ltr'><strong>καθ’</strong></span> <span class='ocrx_word' id='word_1_752' title='bbox 1141 5286 1290 5353; x_wconf 82' lang='grc' dir='ltr'><strong>ἡμᾶς</strong></span> <span class='ocrx_word' id='word_1_753' title='bbox 1335 5291 1496 5360; x_wconf 82' lang='grc' dir='ltr'><strong>γενεᾷ</strong></span> <span class='ocrx_word' id='word_1_754' title='bbox 1539 5293 1718 5363; x_wconf 83' lang='grc' dir='ltr'><strong>εὑρεῖν</strong></span> <span class='ocrx_word' id='word_1_755' title='bbox 1757 5297 1974 5368; x_wconf 84' lang='grc' dir='ltr'><strong>ἀμήχα-</strong></span> 
     </span>
    </p>
   </div>
   <div class='ocr_carea' id='block_1_104' title="bbox 393 5367 1960 5456">
    <p class='ocr_par' dir='ltr' id='par_1_104' title="bbox 393 5369 1960 5456">
     <span class='ocr_line' id='line_1_104' title="bbox 393 5369 1960 5456; baseline 0.017 -39"><span class='ocrx_word' id='word_1_756' title='bbox 393 5383 505 5428; x_wconf 66' lang='grc' dir='ltr'><strong>νον,</strong></span> <span class='ocrx_word' id='word_1_757' title='bbox 537 5369 636 5436; x_wconf 75' lang='grc' dir='ltr'><strong>τῆς</strong></span> <span class='ocrx_word' id='word_1_758' title='bbox 671 5372 780 5423; x_wconf 85' lang='grc' dir='ltr'><strong>τῶν</strong></span> <span class='ocrx_word' id='word_1_759' title='bbox 811 5375 1000 5426; x_wconf 82' lang='grc' dir='ltr'><strong>παθῶν</strong></span> <span class='ocrx_word' id='word_1_760' title='bbox 1033 5379 1347 5448; x_wconf 86' lang='grc' dir='ltr'><strong>τυραννίδος</strong></span> <span class='ocrx_word' id='word_1_761' title='bbox 1377 5382 1434 5434; x_wconf 79' lang='grc' dir='ltr'><strong>ἐν</strong></span> <span class='ocrx_word' id='word_1_762' title='bbox 1468 5385 1601 5454; x_wconf 78' lang='grc' dir='ltr'><strong>ημῖν</strong></span> <span class='ocrx_word' id='word_1_763' title='bbox 1658 5387 1960 5456; x_wconf 66' lang='grc' dir='ltr'><strong>βασιλευοίο</strong></span> 
     </span>
    </p>
   </div>
   <div class='ocr_carea' id='block_1_105' title="bbox 392 5460 1974 5556">
    <p class='ocr_par' dir='ltr' id='par_1_105' title="bbox 392 5460 1974 5556">
     <span class='ocr_line' id='line_1_105' title="bbox 392 5460 1974 5556; baseline 0.04 -51"><span class='ocrx_word' id='word_1_764' title='bbox 392 5477 492 5528; x_wconf 76' lang='grc' dir='ltr'><strong>σης</strong></span> <span class='ocrx_word' id='word_1_765' title='bbox 523 5460 637 5525; x_wconf 74' lang='grc' dir='ltr'><strong>νῦν,</strong></span> <span class='ocrx_word' id='word_1_766' title='bbox 673 5463 758 5517; x_wconf 73' lang='grc' dir='ltr'><strong>διὰ</strong></span> <span class='ocrx_word' id='word_1_767' title='bbox 790 5466 848 5518; x_wconf 69' lang='grc' dir='ltr'><strong>τι</strong></span> <span class='ocrx_word' id='word_1_768' title='bbox 875 5467 1078 5537; x_wconf 76' lang='grc' dir='ltr'><strong>πλῆθος</strong></span> <span class='ocrx_word' id='word_1_769' title='bbox 1105 5471 1214 5522; x_wconf 80' lang='grc' dir='ltr'><strong>τῶν</strong></span> <span class='ocrx_word' id='word_1_770' title='bbox 1236 5476 1582 5545; x_wconf 62' lang='grc' dir='ltr'><strong>ποιρασμῶν·</strong></span> <span class='ocrx_word' id='word_1_771' title='bbox 1616 5481 1831 5548; x_wconf 66' lang='grc' dir='ltr'><strong>Πέφυκε</strong></span> <span class='ocrx_word' id='word_1_772' title='bbox 1867 5485 1974 5556; x_wconf 70' lang='grc' dir='ltr'><strong>γάρ</strong></span> 
     </span>
    </p>
   </div>
   <div class='ocr_carea' id='block_1_106' title="bbox 387 5551 1974 5644">
    <p class='ocr_par' dir='ltr' id='par_1_106' title="bbox 387 5551 1974 5644">
     <span class='ocr_line' id='line_1_106' title="bbox 387 5551 1974 5644; baseline 0.017 -42"><span class='ocrx_word' id='word_1_773' title='bbox 387 5551 416 5602; x_wconf 93' lang='lat'><strong>6</strong></span> <span class='ocrx_word' id='word_1_774' title='bbox 444 5551 564 5616; x_wconf 66' lang='grc' dir='ltr'><strong>νοῦς</strong></span> <span class='ocrx_word' id='word_1_775' title='bbox 601 5555 656 5606; x_wconf 77' lang='grc' dir='ltr'><strong>ἐν</strong></span> <span class='ocrx_word' id='word_1_776' title='bbox 679 5558 792 5621; x_wconf 86' lang='grc' dir='ltr'><strong>τοῖς</strong></span> <span class='ocrx_word' id='word_1_777' title='bbox 828 5561 1187 5632; x_wconf 79' lang='grc' dir='ltr'><strong>κουφοτέροις</strong></span> <span class='ocrx_word' id='word_1_778' title='bbox 1235 5565 1492 5634; x_wconf 86' lang='grc' dir='ltr'><strong>μάλιστα.</strong></span> <span class='ocrx_word' id='word_1_779' title='bbox 1525 5571 1826 5640; x_wconf 39' lang='grc' dir='ltr'><strong>ταῦτακαὶ</strong></span> <span class='ocrx_word' id='word_1_780' title='bbox 1867 5578 1974 5644; x_wconf 78' lang='grc' dir='ltr'><strong>πρὸ</strong></span> 
     </span>
    </p>
   </div>
   <div class='ocr_carea' id='block_1_107' title="bbox 2148 4567 3649 4642">
    <p class='ocr_par' dir='ltr' id='par_1_107' title="bbox 2148 4567 3649 4642">
     <span class='ocr_line' id='line_1_107' title="bbox 2148 4567 3649 4642; baseline 0.004 -21"><span class='ocrx_word' id='word_1_781' title='bbox 2148 4567 2270 4623; x_wconf 80' lang='lat' dir='ltr'><strong>H8.</strong></span> <span class='ocrx_word' id='word_1_782' title='bbox 2303 4568 2685 4626; x_wconf 83' lang='lat' dir='ltr'><strong>Substantialis</strong></span> <span class='ocrx_word' id='word_1_783' title='bbox 2717 4573 2942 4627; x_wconf 88' lang='lat' dir='ltr'><strong>luminis</strong></span> <span class='ocrx_word' id='word_1_784' title='bbox 2974 4576 3360 4640; x_wconf 81' lang='lat' dir='ltr'><strong>contemplatio</strong></span> <span class='ocrx_word' id='word_1_785' title='bbox 3391 4575 3649 4642; x_wconf 80' lang='lat' dir='ltr'><strong>spiritua-</strong></span> 
     </span>
    </p>
   </div>
   <div class='ocr_carea' id='block_1_108' title="bbox 2078 4660 3648 4731">
    <p class='ocr_par' dir='ltr' id='par_1_108' title="bbox 2078 4660 3648 4731">
     <span class='ocr_line' id='line_1_108' title="bbox 2078 4660 3648 4731; baseline 0.001 -17"><span class='ocrx_word' id='word_1_786' title='bbox 2078 4660 2168 4723; x_wconf 87' lang='lat' dir='ltr'><strong>lis,</strong></span> <span class='ocrx_word' id='word_1_787' title='bbox 2218 4661 2523 4716; x_wconf 87' lang='lat' dir='ltr'><strong>intellectus</strong></span> <span class='ocrx_word' id='word_1_788' title='bbox 2567 4677 2596 4715; x_wconf 87' lang='lat' dir='ltr'><strong>a</strong></span> <span class='ocrx_word' id='word_1_789' title='bbox 2648 4664 2927 4729; x_wconf 88' lang='lat' dir='ltr'><strong>phantasia</strong></span> <span class='ocrx_word' id='word_1_790' title='bbox 2960 4674 3013 4718; x_wconf 88' lang='lat' dir='ltr'><strong>et</strong></span> <span class='ocrx_word' id='word_1_791' title='bbox 3044 4666 3294 4731; x_wconf 81' lang='lat' dir='ltr'><strong>superbia</strong></span> <span class='ocrx_word' id='word_1_792' title='bbox 3345 4667 3497 4730; x_wconf 88' lang='lat' dir='ltr'><strong>Iiher,</strong></span> <span class='ocrx_word' id='word_1_793' title='bbox 3531 4682 3648 4718; x_wconf 76' lang='lat' dir='ltr'><strong>ora-</strong></span> 
     </span>
    </p>
   </div>
   <div class='ocr_carea' id='block_1_109' title="bbox 2081 4751 3649 4822">
    <p class='ocr_par' dir='ltr' id='par_1_109' title="bbox 2081 4751 3649 4822">
     <span class='ocr_line' id='line_1_109' title="bbox 2081 4751 3649 4822; baseline 0.004 -19"><span class='ocrx_word' id='word_1_794' title='bbox 2081 4751 2244 4805; x_wconf 89' lang='lat' dir='ltr'><strong>tionis</strong></span> <span class='ocrx_word' id='word_1_795' title='bbox 2273 4752 2519 4817; x_wconf 82' lang='lat' dir='ltr'><strong>Operatio</strong></span> <span class='ocrx_word' id='word_1_796' title='bbox 2554 4767 2676 4806; x_wconf 78' lang='lat' dir='ltr'><strong>rera</strong></span> <span class='ocrx_word' id='word_1_797' title='bbox 2705 4765 2842 4806; x_wconf 66' lang='lat' dir='ltr'><strong>etc:</strong></span> <span class='ocrx_word' id='word_1_798' title='bbox 2878 4755 2984 4807; x_wconf 91' lang='lat' dir='ltr'><strong>imo</strong></span> <span class='ocrx_word' id='word_1_799' title='bbox 3011 4757 3173 4808; x_wconf 85' lang='lat' dir='ltr'><strong>corde</strong></span> <span class='ocrx_word' id='word_1_800' title='bbox 3205 4755 3430 4822; x_wconf 84' lang='lat' dir='ltr'><strong>proﬂua,</strong></span> <span class='ocrx_word' id='word_1_801' title='bbox 3458 4758 3649 4810; x_wconf 72' lang='lat' dir='ltr'><strong>animae</strong></span> 
     </span>
    </p>
   </div>
   <div class='ocr_carea' id='block_1_110' title="bbox 2075 4842 3650 4913">
    <p class='ocr_par' dir='ltr' id='par_1_110' title="bbox 2075 4842 3650 4913">
     <span class='ocr_line' id='line_1_110' title="bbox 2075 4842 3650 4913; baseline 0.004 -16"><span class='ocrx_word' id='word_1_802' title='bbox 2075 4842 2310 4897; x_wconf 87' lang='lat' dir='ltr'><strong>elevalio</strong></span> <span class='ocrx_word' id='word_1_803' title='bbox 2357 4851 2411 4898; x_wconf 81' lang='lat' dir='ltr'><strong>et</strong></span> <span class='ocrx_word' id='word_1_804' title='bbox 2456 4844 2704 4908; x_wconf 88' lang='lat' dir='ltr'><strong>attentio,</strong></span> <span class='ocrx_word' id='word_1_805' title='bbox 2752 4845 2970 4899; x_wconf 81' lang='lat' dir='ltr'><strong>divinus</strong></span> <span class='ocrx_word' id='word_1_806' title='bbox 3005 4861 3262 4901; x_wconf 84' lang='lat' dir='ltr'><strong>excessus</strong></span> <span class='ocrx_word' id='word_1_807' title='bbox 3297 4858 3348 4913; x_wconf 82' lang='lat' dir='ltr'><strong>et</strong></span> <span class='ocrx_word' id='word_1_808' title='bbox 3395 4863 3650 4904; x_wconf 63' lang='lat' dir='ltr'><strong>asennsus</strong></span> 
     </span>
    </p>
   </div>
   <div class='ocr_carea' id='block_1_111' title="bbox 2074 4937 3648 5012">
    <p class='ocr_par' dir='ltr' id='par_1_111' title="bbox 2074 4937 3648 5012">
     <span class='ocr_line' id='line_1_111' title="bbox 2074 4937 3648 5012; baseline 0.003 -23"><span class='ocrx_word' id='word_1_809' title='bbox 2074 4951 2237 5004; x_wconf 85' lang='lat' dir='ltr'><strong>supra</strong></span> <span class='ocrx_word' id='word_1_810' title='bbox 2272 4937 2414 4991; x_wconf 89' lang='lat' dir='ltr'><strong>hunc</strong></span> <span class='ocrx_word' id='word_1_811' title='bbox 2457 4937 2738 5000; x_wconf 86' lang='lat' dir='ltr'><strong>mundum,</strong></span> <span class='ocrx_word' id='word_1_812' title='bbox 2777 4939 3075 5004; x_wconf 87' lang='lat' dir='ltr'><strong>spiritualis</strong></span> <span class='ocrx_word' id='word_1_813' title='bbox 3119 4943 3410 4996; x_wconf 76' lang='lat' dir='ltr'><strong>altstractio</strong></span> <span class='ocrx_word' id='word_1_814' title='bbox 3439 4944 3648 5012; x_wconf 81' lang='lat' dir='ltr'><strong>cogitn-</strong></span> 
     </span>
    </p>
   </div>
   <div class='ocr_carea' id='block_1_112' title="bbox 2075 5027 3647 5101">
    <p class='ocr_par' dir='ltr' id='par_1_112' title="bbox 2075 5027 3647 5101">
     <span class='ocr_line' id='line_1_112' title="bbox 2075 5027 3647 5101; baseline 0.003 -21"><span class='ocrx_word' id='word_1_815' title='bbox 2075 5027 2278 5082; x_wconf 92' lang='lat' dir='ltr'><strong>tionttnt</strong></span> <span class='ocrx_word' id='word_1_816' title='bbox 2315 5028 2381 5082; x_wconf 87' lang='lat' dir='ltr'><strong>ab</strong></span> <span class='ocrx_word' id='word_1_817' title='bbox 2422 5030 2674 5083; x_wconf 90' lang='lat' dir='ltr'><strong>omnibus</strong></span> <span class='ocrx_word' id='word_1_818' title='bbox 2708 5031 2982 5095; x_wconf 83' lang='lat' dir='ltr'><strong>sensibus,</strong></span> <span class='ocrx_word' id='word_1_819' title='bbox 3027 5042 3211 5100; x_wconf 88' lang='lat' dir='ltr'><strong>raptus</strong></span> <span class='ocrx_word' id='word_1_820' title='bbox 3248 5034 3440 5088; x_wconf 72' lang='lat' dir='ltr'><strong>mentis</strong></span> <span class='ocrx_word' id='word_1_821' title='bbox 3469 5049 3498 5087; x_wconf 87' lang='lat' dir='ltr'><strong>a</strong></span> <span class='ocrx_word' id='word_1_822' title='bbox 3526 5051 3647 5101; x_wconf 83' lang='lat' dir='ltr'><strong>pro-</strong></span> 
     </span>
    </p>
   </div>
   <div class='ocr_carea' id='block_1_113' title="bbox 2071 5119 3646 5191">
    <p class='ocr_par' dir='ltr' id='par_1_113' title="bbox 2071 5119 3646 5191">
     <span class='ocr_line' id='line_1_113' title="bbox 2071 5119 3646 5191; baseline 0.006 -21"><span class='ocrx_word' id='word_1_823' title='bbox 2071 5120 2202 5184; x_wconf 90' lang='lat' dir='ltr'><strong>priis</strong></span> <span class='ocrx_word' id='word_1_824' title='bbox 2230 5119 2595 5185; x_wconf 85' lang='lat' dir='ltr'><strong>facultatibus,</strong></span> <span class='ocrx_word' id='word_1_825' title='bbox 2628 5130 2803 5176; x_wconf 77' lang='lat' dir='ltr'><strong>motus</strong></span> <span class='ocrx_word' id='word_1_826' title='bbox 2848 5125 3120 5191; x_wconf 80' lang='lat' dir='ltr'><strong>angeliCus</strong></span> <span class='ocrx_word' id='word_1_827' title='bbox 3165 5126 3358 5179; x_wconf 73' lang='lat' dir='ltr'><strong>anitnte</strong></span> <span class='ocrx_word' id='word_1_828' title='bbox 3385 5125 3646 5180; x_wconf 86' lang='lat' dir='ltr'><strong>divinitus</strong></span> 
     </span>
    </p>
   </div>
   <div class='ocr_carea' id='block_1_114' title="bbox 2067 5209 3645 5279">
    <p class='ocr_par' dir='ltr' id='par_1_114' title="bbox 2067 5209 3645 5279">
     <span class='ocr_line' id='line_1_114' title="bbox 2067 5209 3645 5279; baseline 0.005 -19"><span class='ocrx_word' id='word_1_829' title='bbox 2067 5209 2132 5262; x_wconf 85' lang='lat' dir='ltr'><strong>ad</strong></span> <span class='ocrx_word' id='word_1_830' title='bbox 2173 5211 2440 5265; x_wconf 77' lang='lat' dir='ltr'><strong>infinitum</strong></span> <span class='ocrx_word' id='word_1_831' title='bbox 2477 5221 2530 5267; x_wconf 89' lang='lat' dir='ltr'><strong>et</strong></span> <span class='ocrx_word' id='word_1_832' title='bbox 2579 5215 2914 5268; x_wconf 83' lang='lat' dir='ltr'><strong>inaccessum</strong></span> <span class='ocrx_word' id='word_1_833' title='bbox 2962 5229 3177 5279; x_wconf 70' lang='lat' dir='ltr'><strong>erectae,</strong></span> <span class='ocrx_word' id='word_1_834' title='bbox 3228 5217 3280 5270; x_wconf 89' lang='lat' dir='ltr'><strong>itt</strong></span> <span class='ocrx_word' id='word_1_835' title='bbox 3333 5229 3516 5270; x_wconf 82' lang='lat' dir='ltr'><strong>nostra</strong></span> <span class='ocrx_word' id='word_1_836' title='bbox 3552 5236 3645 5269; x_wconf 83' lang='lat' dir='ltr'><strong>na-</strong></span> 
     </span>
    </p>
   </div>
   <div class='ocr_carea' id='block_1_115' title="bbox 2067 5306 3644 5379">
    <p class='ocr_par' dir='ltr' id='par_1_115' title="bbox 2067 5306 3644 5379">
     <span class='ocr_line' id='line_1_115' title="bbox 2067 5306 3644 5379; baseline 0.003 -21"><span class='ocrx_word' id='word_1_837' title='bbox 2067 5314 2182 5358; x_wconf 87' lang='lat' dir='ltr'><strong>tura</strong></span> <span class='ocrx_word' id='word_1_838' title='bbox 2215 5306 2440 5358; x_wconf 60' lang='lat' dir='ltr'><strong>invet‘iri</strong></span> <span class='ocrx_word' id='word_1_839' title='bbox 2474 5323 2576 5358; x_wconf 92' lang='lat' dir='ltr'><strong>non</strong></span> <span class='ocrx_word' id='word_1_840' title='bbox 2607 5322 2854 5374; x_wconf 80' lang='lat' dir='ltr'><strong>possunt,</strong></span> <span class='ocrx_word' id='word_1_841' title='bbox 2879 5310 3003 5378; x_wconf 87' lang='lat' dir='ltr'><strong>quia</strong></span> <span class='ocrx_word' id='word_1_842' title='bbox 3036 5324 3176 5362; x_wconf 90' lang='lat' dir='ltr'><strong>nunc</strong></span> <span class='ocrx_word' id='word_1_843' title='bbox 3213 5309 3490 5378; x_wconf 82' lang='lat' dir='ltr'><strong>tyrannica</strong></span> <span class='ocrx_word' id='word_1_844' title='bbox 3519 5325 3644 5379; x_wconf 82' lang='lat' dir='ltr'><strong>pas-</strong></span> 
     </span>
    </p>
   </div>
   <div class='ocr_carea' id='block_1_116' title="bbox 2061 5398 3640 5470">
    <p class='ocr_par' dir='ltr' id='par_1_116' title="bbox 2061 5398 3640 5470">
     <span class='ocr_line' id='line_1_116' title="bbox 2061 5398 3640 5470; baseline 0.003 -20"><span class='ocrx_word' id='word_1_845' title='bbox 2061 5398 2271 5450; x_wconf 84' lang='lat' dir='ltr'><strong>sionum</strong></span> <span class='ocrx_word' id='word_1_846' title='bbox 2305 5399 2606 5451; x_wconf 85' lang='lat' dir='ltr'><strong>dominatio</strong></span> <span class='ocrx_word' id='word_1_847' title='bbox 2645 5402 2694 5452; x_wconf 90' lang='lat' dir='ltr'><strong>itt</strong></span> <span class='ocrx_word' id='word_1_848' title='bbox 2739 5403 2898 5456; x_wconf 82' lang='lat' dir='ltr'><strong>nobis</strong></span> <span class='ocrx_word' id='word_1_849' title='bbox 2934 5410 3143 5470; x_wconf 86' lang='lat' dir='ltr'><strong>regnat,</strong></span> <span class='ocrx_word' id='word_1_850' title='bbox 3177 5403 3245 5454; x_wconf 90' lang='lat' dir='ltr'><strong>oh</strong></span> <span class='ocrx_word' id='word_1_851' title='bbox 3283 5403 3640 5455; x_wconf 84' lang='lat' dir='ltr'><strong>tentationum</strong></span> 
     </span>
    </p>
   </div>
   <div class='ocr_carea' id='block_1_117' title="bbox 2063 5488 3637 5566">
    <p class='ocr_par' dir='ltr' id='par_1_117' title="bbox 2063 5488 3637 5566">
     <span class='ocr_line' id='line_1_117' title="bbox 2063 5488 3637 5566; baseline 0.006 -26"><span class='ocrx_word' id='word_1_852' title='bbox 2063 5488 2484 5541; x_wconf 83' lang='lat' dir='ltr'><strong>tmtltitutlincnt.</strong></span> <span class='ocrx_word' id='word_1_853' title='bbox 2523 5489 2672 5544; x_wconf 83' lang='lat' dir='ltr'><strong>Solet</strong></span> <span class='ocrx_word' id='word_1_854' title='bbox 2705 5492 2846 5546; x_wconf 89' lang='lat' dir='ltr'><strong>enim</strong></span> <span class='ocrx_word' id='word_1_855' title='bbox 2899 5493 3131 5559; x_wconf 87' lang='lat' dir='ltr'><strong>animus,</strong></span> <span class='ocrx_word' id='word_1_856' title='bbox 3171 5510 3289 5564; x_wconf 64' lang='lat' dir='ltr'><strong>qua?</strong></span> <span class='ocrx_word' id='word_1_857' title='bbox 3339 5495 3637 5566; x_wconf 61' lang='lat' dir='ltr'><strong>praesertim</strong></span> 
     </span>
    </p>
   </div>
   <div class='ocr_carea' id='block_1_118' title="bbox 2065 5579 3634 5659">
    <p class='ocr_par' dir='ltr' id='par_1_118' title="bbox 2065 5579 3634 5659">
     <span class='ocr_line' id='line_1_118' title="bbox 2065 5579 3634 5659; baseline 0.008 -26"><span class='ocrx_word' id='word_1_858' title='bbox 2065 5579 2262 5633; x_wconf 70' lang='lat' dir='ltr'><strong>leviora</strong></span> <span class='ocrx_word' id='word_1_859' title='bbox 2313 5592 2439 5636; x_wconf 89' lang='lat' dir='ltr'><strong>sunt</strong></span> <span class='ocrx_word' id='word_1_860' title='bbox 2505 5581 2609 5639; x_wconf 86' lang='lat' dir='ltr'><strong>sibi</strong></span> <span class='ocrx_word' id='word_1_861' title='bbox 2659 5593 2784 5640; x_wconf 86' lang='lat' dir='ltr'><strong>ante</strong></span> <span class='ocrx_word' id='word_1_862' title='bbox 2835 5595 3044 5658; x_wconf 87' lang='lat' dir='ltr'><strong>tempus</strong></span> <span class='ocrx_word' id='word_1_863' title='bbox 3090 5589 3403 5659; x_wconf 80' lang='lat' dir='ltr'><strong>itnaginari,</strong></span> <span class='ocrx_word' id='word_1_864' title='bbox 3450 5589 3521 5644; x_wconf 82' lang='lat' dir='ltr'><strong>ita</strong></span> <span class='ocrx_word' id='word_1_865' title='bbox 3574 5599 3634 5645; x_wconf 88' lang='lat' dir='ltr'><strong>ut</strong></span> 
     </span>
    </p>
   </div>
  </div>
