3994 6206
357 239 492 302 1233

1575 231 1951 289 GREGORII
2021 223 2342 287 SiN.\lT.E

3433 215 3568 277 ιεει

353 356 601 422 exiguam
632 349 793 403 vitam
829 345 1088 402 divinitus
1143 354 1422 414 acceptam
1464 345 1738 405 amittens,
1777 357 1920 396 mor-

2052 353 2226 424 καιροῦ
2277 349 2664 421 φαντάζεσθαι,
2715 349 2810 403 ἵναί
2849 351 2942 403 καὶ
2989 351 3088 419 τὴν
3134 350 3378 405 δοθεῖσαν
3453 353 3598 421 αὐτῷ

357 453 484 496 tuus
517 441 735 495 omnino
767 439 874 491 fiat.
911 437 1087 502 Quare
1118 443 1329 503 oportet
1363 450 1482 485 rum
1523 433 1690 485 ιιιιιιιο
1717 430 1917 500 judicio

358 548 462 588 nec
491 530 811 597 temporaria
840 536 964 581 ante
995 536 1204 592 tempus
1229 540 1492 593 quazrere,
1529 539 1623 577 nec
1649 538 1764 590 qua:
1794 533 1918 577 sunt

356 624 410 678 in
453 622 702 677 manibus
740 618 966 689 rejicere
1010 627 1066 669 ut
1117 615 1222 670 alia
1255 624 1647 684 praesumantur
1677 629 1690 669 :
1723 614 1916 682 quippe

358 714 667 769 intellectus
718 704 971 779 praedicta
1005 707 1159 761 facile
1203 707 1306 760 sibi
1351 707 1698 771 imaginatur,
1732 713 1782 756 et
1815 702 1913 756 sibi

357 805 561 872 ellingit
591 818 708 872 quae
743 803 981 855 nondum
1019 800 1215 870 attigit.
1262 799 1386 852 Ideo
1419 798 1571 851 valde
1622 795 1914 848 timendum

359 907 443 950 est
471 912 535 950 ne
577 897 662 949 hic
691 897 924 962 acceptis
956 895 1116 946 ctiam
1146 894 1405 960 privetur,
1428 901 1484 943 et
1518 905 1582 943 ne
1615 899 1791 942 mente
1818 903 1916 939 Sic-

363 986 486 1053 pius
533 983 776 1045 excidat,
831 982 1083 1050 deceptus
1139 979 1523 1049 imaginatione
1573 988 1627 1030 et
1681 976 1914 1045 quit-tem

363 1075 501 1127 haud
539 1073 830 1142 reperiens.

434 1250 554 1306 H9.
586 1251 744 1305 Fides
786 1265 890 1304 non
942 1251 1078 1313 sola,
1111 1249 1208 1304 sed
1239 1259 1295 1303 et
1325 1249 1443 1301 viva
1467 1247 1721 1316 operibus
1748 1248 1919 1300 oratio

361 1354 444 1396 est
478 1342 834 1409 gratia.Fides
867 1343 1007 1393 enim
1045 1355 1168 1392 vera
1197 1341 1360 1392 vitam
1390 1339 1484 1393 Dei
1515 1339 1720 1392 habens
1751 1341 1916 1392 inani-

362 1434 574 1498 festam,
609 1448 669 1486 ea
705 1442 787 1486 est
819 1447 937 1500 (μιαι
972 1432 1234 1486 charitate
1287 1431 1547 1484 formatur
1589 1431 1641 1484 in
1679 1432 1867 1500 spiritu
1904 1446 1918 1486 :

363 1524 508 1576 unde
553 1521 826 1576 contrario
871 1529 1130 1574 mortuam
1161 1528 1213 1572 et
1247 1521 1531 1573 inanimem
1563 1521 1724 1574 habet
1758 1521 1912 1573 fidem

365 1613 458 1680 qui
494 1627 597 1665 non
645 1619 729 1665 est
774 1625 994 1679 cperunt
1047 1610 1147 1662 sibi
1190 1610 1463 1663 conscius.
1502 1608 1571 1661 At
1610 1609 1782 1662 ﬁdelis
1814 1625 1917 1661 non

367 1703 559 1757 merito
608 1703 875 1755 diceretur
924 1701 1012 1768 qni
1087 1715 1183 1754 ore
1241 1709 1398 1754 tenus
1446 1699 1711 1764 crederet,
1764 1701 1919 1752 Iidem

367 1805 496 1844 vero
526 1807 628 1843 non
664 1790 883 1842 haberet
918 1787 1172 1855 operibus
1209 1788 1582 1842 mandatorum
1615 1788 1702 1841 vel
1731 1791 1920 1855 spiritu

368 1879 733 1933 informatam.
766 1876 990 1944 Oportet
1022 1879 1181 1944 igitur
1217 1877 1355 1932 hanc
1387 1877 1736 1932 manifestare
1764 1878 1925 1945 proli-

369 1971 562 2024 cicndo
609 1969 662 2022 in
693 1967 976 2035 dperibns,
1029 1983 1257 2035 eamque
1302 1967 1553 2035 operibus
1595 1965 1824 2021 lucidam
1873 1975 1927 2020 et

369 2059 624 2128 fulgidam
692 2061 1015 2120 ostendere,
1095 2066 1152 2110 ut
1215 2057 1290 2110 ait
1350 2056 1505 2111 divus
1567 2056 1855 2124 Apostolus
1909 2073 1925 2109 :

375 2170 395 2200 ι
433 2148 665 2204 Ostende
695 2149 820 2200 uuln
855 2148 1008 2199 [idem
1039 2157 1179 2200 tuam
1203 2161 1268 2198 ex
1300 2146 1551 2212 operibus
1586 2146 1708 2208 tuis,
1738 2153 1794 2199 et
1829 2158 1929 2211 ego

372 2240 651 2293 ostendam
699 2238 793 2290 tlbi
829 2251 989 2304 Opera
1033 2252 1148 2291 mea
1184 2253 1246 2292 ex
1283 2237 1385 2290 fide
1421 2252 1540 2291 mea
1574 2238 1651 2302 “;
1684 2237 1810 2290 hinc
1839 2240 1931 2290 de-

374 2340 680 2384 monstrans
712 2330 963 2396 operibus
999 2331 1368 2383 mandatorum
1404 2329 1736 2385 manifestari
1773 2328 1929 2382 fidem

374 2422 583 2490 gratim,
620 2419 759 2474 sicut
807 2423 940 2473 liunt
968 2431 1021 2474 et
1063 2420 1332 2488 refulgent
1356 2437 1519 2488 opera
1554 2420 1931 2474 mandatorum

375 2528 469 2580 per
497 2513 682 2582 gratiae
718 2511 896 2566 fidem.
934 2511 1091 2566 Fides
1130 2513 1271 2566 enim
1334 2522 1416 2566 est
1451 2513 1602 2564 radix
1651 2509 1931 2564 mandato-

379 2621 518 2667 rum,
568 2605 649 2656 vel
688 2608 863 2671 potius
897 2605 1016 2657 fons
1054 2618 1158 2670 quo
1205 2607 1445 2671 rigantur
1481 2614 1532 2656 et
1561 2602 1933 2669 crescunt.,‘,lit

380 2697 434 2750 in
480 2697 585 2750 duo
614 2696 907 2759 dividitur,
940 2712 1130 2764 nempe
1181 2700 1231 2748 in
1283 2695 1672 2750 confessionem
1721 2705 1771 2748 et
1816 2709 1937 2763 gra-

380 2792 532 2853 tiam,
561 2789 687 2842 licet
719 2790 787 2842 sit
824 2799 1015 2844 natura
1045 2788 1402 2842 indivisibilis.

2042 445 2220 496 θεόθεν
2253 443 2453 512 μικρὰν
2485 443 2822 494 κατάστασιν
2849 441 3120 503 ἀπολέσας
3145 442 3336 510 νεκρὸς
3373 443 3438 493 ἐκ
3470 442 3598 493 πάν-

2041 549 2149 584 των
2181 535 2424 598 γένηται.
2461 531 2551 582 Διὸ
2591 530 2694 600 χρὴ
2732 531 2866 598 μετὰ
2887 531 3086 597 πολλῆς
3121 530 3445 600 διακρίσεως
3466 534 3598 601 μήτε

2040 625 2108 677 τὰ
2135 623 2226 676 τοῦ
2259 623 2450 692 καιροῦ
2474 622 2653 692 ζητεῖν
2685 623 2788 691 πρὸ
2819 622 3035 690 καιροῦ,
3073 623 3211 692 μήτε
3240 621 3307 674 τὰ
3329 623 3384 673 ἐν
3416 623 3597 690 χερσὶν

2043 717 2368 769 ἀποϐάλλειν
2400 720 2490 766 καὶ
2518 714 2651 767 ἄλλα
2682 715 3040 780 φαντάζεσθαι
3064 731 3078 743 ο
3111 715 3268 780 φύσει
3298 713 3404 782 γὰρ
3427 715 3454 765 ὁ
3478 713 3596 775 νοῦς

2044 809 2177 878 πρὸς
2196 807 2263 860 τὰ
2286 804 2656 876 προειρημένα
2675 804 2910 873 εὐχερῶς
2932 805 3042 874 ἔχει
3062 805 3119 856 τὸ
3139 807 3593 870 φαντασιοποιείν,

2041 903 2134 954 καὶ
2187 902 2545 954 ἀναπλάττειν
2611 901 2704 952 καί
2755 900 2830 960 εἰς
2856 898 2891 950 ἃ.
2939 901 3036 952 οὑκ
3074 899 3418 967 ἑφθασε.Διά
3446 899 3596 950 τοῦτο

2042 993 2205 1060 φόὸος
2234 994 2292 1044 οὐ
2319 993 2530 1062 μικρὸς,
2568 991 2653 1043 ἵνα
2685 991 2758 1059 μὴ
2784 993 2875 1042 καὶ
2895 989 2999 1042 τῶν
3019 991 3277 1042 δοθέντων
3313 993 3340 1041 6
3367 989 3597 1049 τοιοῦτος

2043 1082 2335 1152 ὑστερηθῇ,
2373 1082 2466 1134 καὶ
2492 1082 2589 1150 τἠν
2621 1083 2788 1150 φρένα
2820 1081 3074 1140 πολλάκις
3113 1081 3356 1150 ἀπολέσῃ
3391 1083 3596 1146 ἀπατη-

2043 1173 2176 1237 θεὶς,
2210 1171 2539 1241 φανταστὴς,
2575 1172 2670 1224 καὶ
2699 1172 2796 1239 οὐχ
2818 1171 3124 1239 ἠσυχαστὴς
3153 1172 3460 1238 γενόμενος.

2116 1265 2237 1335 ριθν.
2268 1266 2440 1334 Χάρις
2495 1264 2556 1315 οὐ
2606 1263 2817 1332 μόνονή
2870 1264 3048 1323 πίστις
3092 1262 3258 1325 ἐστὶν,
3293 1263 3426 1314 ἀλλὰ
3451 1264 3595 1329 καὶὴ

2045 1350 2407 1423 ἐνεργουμένη
2456 1350 2768 1418 προσευχὴ·
2823 1349 3004 1400 πίστιν
3052 1349 3158 1417 γὰρ
3211 1350 3468 1418 ἀληθινὴν
3500 1351 3594 1418 τὴν

2043 1443 2268 1514 ἔχουσαν
2294 1440 2391 1508 τὴν
2419 1438 2563 1506 ζωὴν
2593 1439 2684 1490 τοῦ
2729 1437 2902 1508 Ἰησοῦ
2949 1440 3355 1508 φανερουμένην
3394 1441 3599 1493 δείκνυ-

2045 1550 2150 1594 σιν,
2181 1533 2213 1599 ἡ
2240 1530 2306 1583 δι’
2336 1528 2552 1596 ἀγάπης
2583 1527 2952 1597 ἐνεργουμένη
2978 1528 3055 1597 τῷ
3079 1529 3378 1598 πνεύματι·
3411 1531 3601 1584 οὐκοῦν

2043 1624 2141 1693 τὴν
2174 1621 2442 1685 ἐναντίαν,
2487 1620 2578 1671 καὶ
2625 1619 2845 1688 νεκρὰν,
2877 1620 2970 1671 καὶ
2999 1619 3174 1681 ἅζωον
3217 1621 3476 1689 κέκτηται
3511 1624 3598 1674 πίε

2047 1732 2185 1776 στιν,
2223 1717 2250 1766 6
2287 1715 2362 1783 μὴ
2388 1710 2788 1781 ἐνεργουμένην
2823 1709 2975 1772 εἰδὼς
3010 1711 3180 1780 αὐτὴν
3211 1713 3406 1780 ἑαυτῷ.
3464 1715 3599 1766 Ἀλλ’

2045 1806 2161 1858 οὐδὲ
2212 1804 2397 1865 πιστὸς
2454 1799 2650 1868 λέγοιτ’
2684 1800 2748 1852 ἂν
2784 1800 2984 1869 κυρίως
3023 1796 3179 1866 εἶναι,
3231 1803 3259 1854 ὁ
3290 1803 3431 1872 λόγῳ
3459 1805 3602 1872 μόνῳ

2043 1895 2182 1966 ψιλῷ
2213 1895 2502 1958 πιστεύων,
2535 1896 2630 1948 καλ⁸
2654 1896 2729 1964 μὴ
2753 1893 3148 1964 ἐνεργουμένην
3189 1893 3355 1964 αὐτὴν
3380 1898 3496 1956 ταῖς
3522 1896 3601 1946 ὲν-

2046 1985 2246 2047 τολαῖς,
2278 1985 2310 2054 ἢ
2357 1984 2434 2054 τῷ
2472 1983 2763 2052 πνεύματι.
2799 1984 2918 2054 Χρὴ
2947 1983 3234 2055 τοιγαροῦν
3268 1985 3600 2053 φανερουμέ-

2047 2094 2143 2143 νην
2178 2075 2344 2144 αὐτὴν
2377 2075 2640 2128 δεικνύειν
2674 2077 2792 2137 ταῖς
2815 2076 3118 2144 προκοπαῖς
3153 2073 3238 2127 διὰ
3263 2074 3375 2129 τῶν
3405 2073 3597 2142 ἔργων,

2049 2166 2080 2234 ἢ
2117 2168 2225 2226 τοῖς
2255 2163 2435 2232 ἔργοις
2470 2163 2867 2233 ἐνεργουμένην
2897 2163 2953 2213 ὲν
3000 2162 3136 2228 φωτὶ
3166 2161 3259 2214 καὶ
3281 2160 3602 2228 λάμπουσαν
3687 2221 3694 2225 _

2047 2257 2212 2325 ἔχειν,
2246 2255 2424 2316 καθώς
2475 2271 2638 2324 φησιν
2687 2255 2714 2305 ὁ
2762 2253 2902 2315 θεῖος
2947 2252 3302 2314 ’Λπόστολος’
3370 2270 3389 2301 ε
3426 2251 3601 2314 Δεῖξόν

2052 2362 2142 2414 μοι
2171 2345 2234 2396 σὺ
2268 2346 2364 2412 τὴν
2399 2343 2578 2396 πίστιν
2608 2360 2700 2394 σου
2734 2344 2797 2394 ὲκ
2831 2343 2936 2394 τῶν
2969 2343 3145 2411 ἔργων
3200 2358 3315 2406 σου,
3343 2340 3498 2407 κάγώ
3525 2357 3604 2392 σοι

2047 2435 2202 2500 δείξω
2236 2436 2303 2486 τὰ
2326 2435 2462 2502 ἔργα
2491 2452 2589 2503 μου
2616 2435 2680 2486 ὲκ
2702 2437 2799 2503 τῆς
2841 2433 3074 2495 πίστεώς
3110 2450 3234 2502 μου·
3281 2450 3301 2482 ι
3345 2431 3604 2484 δεικνύων

2049 2527 2314 2589 ἐντεῦθεν,
2368 2527 2453 2578 ὅτι
2481 2528 2544 2578 ὲκ
2576 2526 2682 2577 τῶν
2725 2525 2898 2594 ἔργων
2939 2525 3043 2576 τῶν
3087 2524 3311 2576 ἐντολῶν
3344 2521 3604 2592 φανεροῦ-

2046 2637 2135 2670 ται
2167 2620 2197 2684 ἠ
2223 2618 2320 2686 τῆς
2349 2617 2565 2686 χάριτος
2584 2615 2783 2676 πίστις,
2812 2614 2990 2677 καθὼς
3009 2615 3355 2682 ὲνεργοῦνται
3383 2615 3437 2666 αἱ
3463 2616 3610 2665 ἐντο-

2049 2709 2134 2761 λαὶ
2169 2709 2255 2761 διὰ
2286 2708 2379 2774 τῆς
2416 2709 2472 2759 ὲν
2512 2707 2690 2775 χάριτι
2739 2707 2972 2768 πίστεως
3000 2708 3093 2758 καὶ
3124 2708 3417 2773 λάμπουσι.
3460 2704 3607 2766 Ῥίζα

2051 2801 2159 2867 γὰρ
2205 2798 2312 2850 τῶν
2368 2797 2596 2848 ἐντολῶν
2623 2799 2767 2849 ἔστιν
2807 2799 2838 2864 ἡ
2878 2797 3086 2858 πίστις,
3127 2798 3324 2861 μᾶλλον
3370 2797 3423 2846 δὲ
3462 2800 3604 2863 πηγὴ

392 2880 527 2946 πρὸς
557 2878 786 2948 αὔξησιν
831 2879 1033 2941 ταύτας
1075 2879 1395 2949 ἁρδεύουσα.
1430 2880 1522 2940 El;
1556 2878 1665 2930 δύω
1693 2879 2064 2949 διαιρουμένη,
2131 2882 2422 2949 ὁμολογὶαν
2474 2881 2568 2934 καὶ
2612 2883 2792 2949 χάριν,
2825 2881 2926 2932 κᾶν
2957 2879 3259 2948 ἀδιαίρετος
3289 2879 3453 2949 φύσει
3488 2880 3586 2932 πέ-

434 2988 584 3022 υκεν.

434 2988 462 3020 υ
536 2988 584 3022 ν.

392 2987 428 3038 φ
612 3047 802 3117 lugens
832 3059 885 3103 et
917 3050 1105 3118 exigua
1132 3051 1420 3120 brevisque
1452 3051 1771 3104 obedientia‘.
1801 3053 1945 3104 scala

385 3139 620 3206 quinque
677 3139 839 3193 habet
884 3144 1080 3208 gradus
1127 3145 1191 3195 ad
1239 3141 1616 3209 perfectionem
1685 3141 1945 3197 ferentes.

386 3226 598 3282 Primus
630 3237 710 3280 est
754 3230 1100 3292 renuntiatio,
1133 3233 1402 3288 secundus
1432 3231 1720 3298 subjectio,
1755 3233 1948 3286 tertius

387 3320 728 3384 obedientia,
776 3329 998 3384 quartus
1047 3319 1356 3382 humilitas,
1413 3322 1630 3390 quintus
1675 3320 1945 3387 charitas,

389 3424 507 3478 qua:
545 3418 627 3486 est
658 3409 816 3462 Dens.
850 3409 1197 3464 Renuntiatio
1236 3411 1503 3479 iacentem
1535 3413 1602 3464 ab
1633 3413 1820 3466 inferis
1853 3429 1947 3466 su-

390 3500 552 3552 scitat
580 3509 632 3550 et
679 3513 898 3552 servum
949 3500 1189 3554 materia:
1235 3501 1446 3555 liberat.
1484 3499 1759 3569 Subjectio
1789 3501 1948 3556 Chri-

388 3599 530 3642 stum
567 3589 767 3656 reperit
791 3590 946 3658 eique
979 3593 1270 3654 ministrat,
1301 3601 1356 3644 ut
1395 3595 1506 3660 ipse
1539 3592 1614 3645 ait
1646 3607 1661 3646 :
1693 3611 1710 3643 ι
1744 3591 1797 3647 Si
1831 3594 1948 3658 quis

392 3681 521 3734 mihi
559 3683 848 3748 ministrat,
885 3698 970 3734 me
1013 3684 1280 3749 sequitur,
1314 3695 1365 3736 et
1398 3685 1484 3738 ubi
1518 3701 1636 3740 sum
1681 3699 1800 3752 ego,
1841 3685 1951 3736 illic

389 3781 443 3825 et
475 3772 718 3826 minister
755 3789 906 3826 meus
939 3774 1042 3827 erit
1068 3775 1132 3828 ".
1169 3793 1187 3826 ι
1222 3775 1324 3829 Ubi
1360 3784 1536 3827 autem
1565 3786 1645 3829 est
1669 3773 1952 3828 Christus?

391 3863 456 3915 ad
491 3862 768 3916 dexteram
804 3863 980 3917 Patris
1023 3865 1234 3918 sedens.
1273 3864 1412 3934 Ergo
1442 3868 1527 3918 ubi
1573 3866 1846 3931 Dominus,
1880 3864 1949 3918 ibi

388 3962 471 4006 est
500 3961 547 4004 et
579 3952 834 4016 famulus,
869 3969 1071 4021 ponens
1119 3955 1305 4019 pedem
1359 3957 1422 4007 ad
1475 3957 1868 4021 ascensionem,
1898 3964 1951 4008 et

391 4043 704 4111 priusquam
755 4059 966 4098 sursum
1005 4047 1232 4107 venerit,
1284 4047 1522 4100 moribus
1569 4062 1689 4099 cum
1735 4046 1952 4102 Christo

391 4133 762 4188 conscendens
784 4144 837 4186 et
862 4137 1169 4203 proficiens.
1190 4136 1506 4191 Obedientia
1529 4139 1779 4206 operibus
1806 4155 1952 4191 man-

392 4223 642 4276 datorum
694 4226 915 4278 omnino
967 4221 1251 4294 producm.
1297 4230 1494 4281 scalam
1557 4228 1847 4283 fabricatur
1885 4243 1949 4282 ex

2132 3059 2236 3123 ρκ’.
2282 3054 2344 3105 Ἡ
2402 3051 2593 3122 μικρὰ,
2633 3053 2724 3104 καὶ
2781 3053 3012 3122 μεγάλη,
3063 3054 3156 3105 καὶ
3216 3054 3476 3122 σύντομος
3509 3055 3615 3105 τῶν

2061 3144 2511 3214 ὑποτασσομένων
2557 3143 2759 3210 κλίμαξ
2818 3145 2976 3195 πέντε
3030 3143 3293 3213 βαθμίδας
3335 3145 3434 3205 τὰς
3480 3145 3614 3213 πρδς

2059 3237 2370 3305 τελειότητα
2401 3239 2668 3304 φερούσας
2717 3235 2996 3302 κέκτηται.
3031 3234 3226 3304 Πρώτη
3274 3237 3306 3303 ἡ
3347 3236 3612 3306 ἀποταγὴ,

2061 3327 2283 3396 δευτέρα
2316 3328 2348 3396 ἡ
2378 3326 2644 3395 ὑποταγὴ,
2679 3326 2835 3394 τρίτη
2870 3328 2902 3394 ὴ
2943 3327 3176 3396 ὑπακοὴ,
3204 3327 3435 3396 τετάρτη
3460 3329 3492 3395 ἡ
3523 3344 3614 3378 τα-

2062 3417 2338 3478 πείνωσις,
2394 3417 2619 3485 πέμπτη
2648 3418 2681 3484 ἡ
2715 3417 2923 3484 ἀγάπη,
3020 3419 3166 3468 ἐστιν
3192 3418 3219 3468 6
3244 3417 3395 3479 Θεός.
3450 3419 3556 3470 Καὶ
3582 3419 3616 3484 ἡ

2063 3509 2161 3577 μὲν
2188 3507 2459 3576 ἀποταγὴ,
2503 3508 2564 3558 ὲκ
2591 3505 2683 3558 τοῦ
2713 3506 2839 3576 ᾅδου
2876 3508 3065 3573 ἀνάγει
3111 3507 3201 3558 τὸν
3229 3508 3495 3575 κείμενον,
3526 3509 3618 3557 καὶ

2058 3599 2149 3651 τὸν
2177 3598 2586 3667 δεδουλωμένον,
2610 3597 2706 3665 τῆς
2726 3597 2855 3665 ὕλης
2880 3599 3139 3668 ἐκνευροῖ.
3178 3598 3239 3648 Ἠ
3268 3599 3321 3649 δὲ
3347 3597 3619 3666 ὑποταγὴ,

2058 3691 2288 3760 Χριστὸν
2312 3683 2458 3760 εὗρε.
2485 3689 2577 3741 καὶ
2616 3687 2790 3757 τούτῳ
2821 3689 3074 3751 διακονεῖ,
3114 3686 3188 3749 ὡς
3223 3688 3384 3749 αὐτός
3417 3705 3584 3756 φησιν
3606 3704 3618 3717 ·

2065 3801 2082 3832 ο
2131 3780 2326 3847 Ὀὲμοὶ
2357 3780 2641 3842 διακονῶν,
2679 3779 2803 3848 ἐμοὶ
2830 3780 3138 3831 ἀκολουθεῖ·
3193 3780 3286 3830 καὶ
3325 3780 3458 3830 ὅπου
3506 3781 3622 3846 εἰμὶ

2061 3871 2190 3940 ἐγὼ,
2216 3874 2331 3924 ἐκεῖ
2360 3872 2449 3922 καὶ
2477 3872 2504 3922 6
2540 3871 2781 3932 διάκονος
2812 3871 2838 3921 6
2861 3871 2989 3938 ὲμός
3019 3872 3189 3923 ἔσται.
3217 3889 3234 3921 ι
3263 3869 3372 3921 Ποῦ
3391 3870 3448 3921 δέ
3477 3873 3624 3922 ἐστιν

2059 3965 2086 4014 6
2124 3963 2393 4032 Χριστός;
2429 3962 2516 4012 Ἐν
2551 3961 2698 4030 δεξιᾷ
2725 3961 2815 4013 τοῦ
2849 3961 3057 4028 Ila-.96;
3099 3961 3447 4029 ἐφεζόμενος.
3480 3962 3622 4013 Οὐκ-

2058 4055 2150 4106 οῦν
2185 4055 2301 4105 ἐκεῖ
2327 4053 2406 4106 δεῖ
2433 4049 2570 4105 εἶναι
2600 4053 2691 4104 καὶ
2725 4053 2815 4104 τὸν
2847 4051 3112 4114 διάκονον,
3143 4052 3276 4103 ὅπου
3315 4051 3406 4103 καὶ
3439 4053 3464 4102 6
3506 4051 3625 4102 δια-

2062 4145 2215 4196 κονού
2227 4162 2404 4213 μενος,
2436 4145 2765 4207 ὲπιϐιόάζων
2783 4145 2871 4196 τὸν
2892 4144 3022 4196 πόδα
3049 4145 3181 4212 πρδς
3221 4147 3316 4211 τὴν
3339 4144 3623 4196 ἐινάεαειν·

2059 4235 2092 4305 ἢ
2127 4238 2230 4306 πρδ
2260 4234 2353 4287 τοῦ
2390 4235 2629 4288 ἀνελθεῖν
2663 4239 2773 4296 τοῖς
2796 4236 3038 4303 τρόποις,
3070 4235 3286 4305 Χριστῷ
3318 4235 3628 4298 συναναϐὰς

395 4316 580 4368 multis
602 4318 914 4381 virtutibus,
942 4333 1142 4386 easque
1167 4320 1309 4371 velut
1333 4321 1672 4374 ascensiones
1697 4322 1748 4374 in
1775 4321 1938 4373 animt

2063 4327 2153 4377 καὶ
2182 4325 2660 4394 συνανερχόμενος.
2707 4325 2767 4376 Ἦ
2795 4325 2848 4376 δὲ
2877 4324 3086 4392 ὑπακοὴ
3115 4325 3476 4393 ἐνεργουμένη
3505 4326 3624 4385 ταῖς

394 4405 656 4472 ἀίεροιιίι.
689 4405 836 4461 Hanc
886 4409 1077 4462 deinde
1119 4410 1186 4462 ab
1223 4410 1308 4461 illa
1354 4411 1629 4478 excipiens
1677 4411 1958 4465 exaltatrix

394 4497 696 4560 humilitas,
731 4507 783 4550 et
818 4501 881 4551 ad
931 4501 1124 4552 cwlum
1183 4505 1502 4568 provehens,
1562 4502 1755 4570 reginae
1786 4502 1959 4556 virtu-

398 4597 508 4641 tum
541 4589 788 4642 charitati
823 4591 1003 4653 tradit,
1033 4601 1082 4644 et
1113 4591 1330 4646 Christo
1357 4594 1571 4647 adducit
1601 4603 1653 4647 et
1682 4594 1858 4649 offert.
1892 4595 1957 4650 Et

397 4675 476 4728 sic
503 4691 596 4744 per
625 4677 836 4731 brevem
869 4680 1064 4733 scalam
1094 4680 1251 4734 facile
1279 4684 1342 4735 ad
1370 4684 1564 4737 cmlum
1596 4686 1839 4739 ascendit
1862 4686 1953 4754 qui

398 4783 522 4822 vere
555 4769 808 4822 obcdiens
841 4781 940 4824 est.

2060 4417 2298 4476 ἐντολαῖς
2328 4415 2520 4479 διόλου,
2551 4415 2819 4467 τεκταίνει
2852 4416 2948 4484 τὴν
2971 4415 3208 4482 κλίμακα
3253 4416 3315 4465 ἐκ
3346 4414 3622 4483 διαφόρων

2061 4506 2393 4574 ἀρετῶν,καὶ
2421 4505 2622 4568 ταύτας
2645 4505 2716 4567 ὡς
2745 4505 3031 4565 ἀναϐάσεις
3086 4507 3141 4555 ὲν
3166 4506 3232 4572 τῇ
3277 4505 3420 4573 ψυχῇ
3449 4503 3620 4555 διατί-

2061 4595 2240 4650 θησιν
2264 4596 2323 4662 se
2352 4591 2417 4664 ἧς
2451 4599 2482 4666 ἡ
2525 4596 2782 4662 ύψοποιδς
2826 4596 3152 4655 ταπείνωσις
3194 4595 3381 4646 τοῦτον
3413 4593 3616 4644 ἀναλα-

2066 4682 2252 4744 ϐοῦσα,
2287 4681 2595 4734 καὶᾰνωθεν
2620 4681 2855 4752 φέρουσα
2891 4680 3024 4750 πρὸς
3063 4678 3309 4748 οὐρανὸν,
3368 4678 3432 4745 τῇ
3472 4676 3628 4745 βασι-

2063 4772 2165 4822 λίδι
2193 4772 2297 4823 τῶν
2351 4774 2560 4840 ἀρετῶν
2591 4774 2775 4841 ἀγάπῃ
2817 4771 3031 4824 δίδωσι·
3067 4771 3159 4822 καὶ
3198 4767 3418 4836 Χριστῷ
3452 4783 3628 4834 προσ-

413 4853 716 4918 αγαγοῦσα,
753 4855 1074 4926 παρίστησι.
1106 4853 1212 4907 Καὶ
1243 4851 1404 4917 οὕτω,
1429 4850 1517 4902 διὰ
1549 4849 1646 4917 τῆς
1680 4851 1942 4918 συντόμου
1975 4850 2262 4919 κλίμακος.
2293 4853 2527 4915 εὐκόλως
2553 4855 2688 4922 πρὸς
2730 4858 2958 4924 οὐρανὸν
2982 4853 3266 4922 ἀνέρχεται
3299 4853 3328 4904 6
3358 4854 3416 4903 ὲν
3467 4851 3613 4918 ἁλη-

413 4947 533 5015 Θείᾳ
575 4949 1033 5017 ὑποτασσόμενος.

474 5038 588 5090 lii.
628 5037 691 5090 Et
720 5039 932 5091 brevior
959 5040 1022 5091 ad
1057 5055 1276 5108 regnum
1308 5039 1562 5093 cmiorum
1590 5055 1685 5106 per
1706 5041 1953 5107 exiguam

404 5132 658 5183 virtutum
688 5129 884 5182 scalam
919 5144 1018 5182 non
1052 5138 1134 5184 est
1168 5132 1271 5192 via,
1303 5145 1460 5198 quam
1496 5131 1694 5182 ablatio
1724 5130 1960 5198 quinque
2016 5145 2022 5149 '

405 5222 656 5275 vitiorum
691 5220 1005 5274 obcdieutiae
1042 5222 1428 5289 oppositurum,
1460 5237 1576 5290 quae
1611 5230 1736 5275 sunt
1778 5221 1962 5273 inobe-

408 5310 642 5375 dientia,
691 5310 1080 5374 contradictio,
1137 5311 1187 5362 in
1236 5326 1293 5364 se
1345 5311 1759 5380 complacentia,
1812 5324 1962 5362 amor

409 5400 611 5470 proprii
636 5398 844 5470 judicii,
880 5409 931 5454 et
965 5400 1179 5454 funesta
1209 5401 1460 5468 superbia
1485 5417 1497 5452 :
1526 5402 1638 5454 haec
1667 5408 1792 5454 sunt
1819 5400 1960 5453 enim

485 5585 522 5617 “
557 5584 668 5641 Jac.
704 5602 762 5652 ιι,
799 5584 883 5640 18.
959 5585 1174 5640 "Joan.
1211 5597 1307 5648 xu,
1337 5582 1429 5636 26.

2133 5049 2268 5120 ρκα’,
2297 5047 2671 5116 Συντονωτέρα
2691 5047 2802 5108 ὁδὸς
2837 5044 2970 5112 πρὸς
2995 5045 3059 5095 τὰ
3089 5041 3197 5092 ἄνω
3233 5037 3498 5107 βασίλεια,
3533 5033 3624 5084 διὰ

2059 5143 2155 5210 τῆς
2194 5143 2392 5210 μικρᾶς
2422 5140 2686 5206 κλῖμακος
2715 5137 2820 5188 τῶν
2841 5134 3048 5204 ἀρετῶν
3081 5133 3179 5183 οὐκ
3205 5130 3345 5181 ἔστιν
3369 5127 3527 5194 ἄλλη.
3545 5125 3625 5186 ὡς

2059 5235 2088 5298 ἡ
2115 5231 2220 5283 τῶν
2253 5232 2407 5282 πέντε
2435 5230 2530 5297 τῆς
2552 5229 2795 5294 ὑπακοῆς
2825 5222 3210 5291 ἀντικειμένων
3234 5217 3421 5270 παθῶν
3458 5216 3607 5268 ἀναε-

2064 5340 2228 5392 ρεσις·
2256 5323 2557 5391 παρακοῆς,
2580 5319 2743 5388 φημὶ,
2767 5318 2860 5370 καὶ
2883 5307 3624 5380 ἀντιλογίας,αὒταρεσκεέα;

2059 5433 2117 5467 τε
2149 5415 2242 5468 καὶ
2291 5412 2680 5482 δικαιώματος,
2712 5411 2804 5462 καὶ
2833 5408 2930 5478 τῆς
2965 5404 3207 5474 ὀλεθρίου
3245 5404 3493 5471 οἰήσεως·
3527 5391 3625 5452 αὗ·
