3960 6190
408 167 553 236 1285

1455 178 1727 238 CAl’lTA
1774 180 1920 237 PER
1973 177 2629 250 ACROSTICIIIDEM.

3517 199 3656 263 1285

399 313 487 348 ται
524 295 634 365 γάρ
667 292 773 346 sict
804 293 940 363 μέλη
972 294 1066 349 καὶ
1108 291 1249 362 μέρη
1292 290 1383 345 τοῦ
1420 288 1756 360 άφηνιαστοῦ
1790 288 1971 357 δαίμο-

2082 302 2319 354 membra
2372 312 2427 355 et
2480 313 2665 371 partes
2703 302 2918 361 rebellis
2966 306 3251 372 demunii,
3289 309 3379 377 qui
3426 311 3657 370 devorat

399 406 510 451 νος,
539 386 633 440 τοῦ
667 387 1064 447 κατατείνοντος
1094 386 1220 446 τοὺς
1238 384 1425 446 νόθους
1454 384 1563 435 τῶν
1587 380 1978 449 ὑπηκόων,κοὺ⁵

398 480 865 554 παραπέμποντος
889 481 956 549 τῇ
987 477 1213 546 ἀῦύσσῳ
1241 475 1319 547 τῷ
1348 475 1624 546 δράκοντι.
1659 476 1766 528 Καὶ
1807 476 1841 543 ἡ
1881 474 1977 542 μὲν

400 573 655 642 παρακοὴ
723 572 839 623 ἐστι
882 569 942 622 τὸ
991 567 1088 622 τοῦ
1119 568 1246 639 ᾇδου
1283 566 1492 636 στόμα·
1518 568 1552 636 ἡ
1588 566 1642 617 δὲ
1676 563 1974 631 ἀντιλογία,

396 667 428 733 ἡ
456 664 679 729 γλῶσσα
732 659 898 715 αὑτοῦ
953 661 1029 724 ὡς
1088 659 1237 723 ὀξεῖα
1271 658 1609 729 μάχαιρα-ἡ
1650 657 1706 708 δὲ
1744 653 1980 723 αὐταρέ-

393 772 575 816 σκεια,
612 752 824 813 ὀδόντες
854 751 1017 804 αὑτοῦ
1046 750 1376 819 ἡκονημένοι
1400 767 1412 779 ·
1448 748 1508 799 τὸ
1530 746 1586 800 δὲ
1629 745 1924 813 δικαίωμα,
1949 742 1979 793 6

392 845 577 918 θώραξ
598 844 799 897 αὑτοῦ·
855 842 976 913 ἡδὲ
1026 840 1343 902 διάπνευσις
1394 840 1491 908 τῆς
1536 836 1837 907 παμφάγου
1874 853 1977 904 γα-

393 940 556 1010 στρος
592 935 780 999 αὑτοῦ,
832 936 865 1004 ἡ
898 935 1034 1003 πρὸς
1061 934 1150 986 τὸν
1176 932 1309 1003 ᾅδην
1352 931 1755 1001 προπέμπουσα
1778 929 1974 999 οἴησις.

395 1036 587 1095 ῒΟστις
611 1030 669 1083 δέ
700 1026 759 1081 τὸ
790 1027 1006 1097 πρῶτον
1035 1025 1121 1078 διὰ
1146 1025 1244 1093 τῆς
1276 1023 1523 1091 ὑπακοῆς
1546 1022 1692 1091 νικᾷ,
1722 1020 1790 1072 τὰ
1815 1016 1977 1071 λοιπὰ

392 1127 481 1194 ὑφ’
517 1124 575 1177 ἐν
619 1118 939 1191 περιέκοψε,
970 1118 1065 1171 καὶ
1105 1119 1186 1181 είς
1246 1116 1512 1187 οὐρανοὺς
1572 1115 1661 1167 διὰ
1704 1112 1804 1181 τῆς
1847 1111 1977 1181 μιᾶς

393 1215 653 1286 βαθμίδος
707 1213 873 1279 ὀξέως
900 1210 1209 1280 ἀνέρχεται.
1234 1207 1429 1275 Θαῦμα
1450 1206 1505 1259 δὲ
1534 1205 1725 1267 ὅντως,
1749 1202 1844 1255 καὶ
1869 1200 1977 1252 τῶν

391 1312 647 1381 ἀρρήτων
675 1304 757 1370 ὃν,
790 1307 883 1359 καὶ
909 1306 1225 1369 ἀνέφικτον,
1261 1302 1353 1354 καὶ
1388 1299 1547 1353 τοῦτο
1601 1301 1628 1350 ὁ
1670 1296 1977 1367 φιλάνθρω-

392 1420 492 1465 πος
530 1402 690 1472 ἡμῶν
721 1398 987 1467 πεποίηκε
1021 1396 1248 1464 Κύριος,
1284 1395 1367 1455 τὸ,
1402 1392 1489 1446 διὰ
1517 1393 1644 1461 μιᾶς
1674 1388 1899 1460 ἀρετῆς,
1941 1386 1974 1456 ἢ

394 1496 599 1564 μᾶλλον
623 1492 917 1559 ἐπιταγῆς,
951 1489 1197 1559 ἀχρόνως
1221 1489 1302 1549 είς
1332 1486 1594 1558 οὐρανοὺς
1628 1480 1973 1552 ἀνέρχεσθαι,

388 1586 580 1654 ὥσπερ
611 1584 705 1637 καὶ
729 1583 817 1635 διὰ
840 1582 969 1650 μιᾶς
1002 1578 1284 1650 παρακοῆς
1312 1576 1391 1641 εἰς
1424 1576 1515 1629 τὸν
1543 1574 1675 1645 ᾇδην
1704 1570 1976 1642 κατήλθο-

394 1694 497 1747 μεν
523 1675 615 1729 καὶ
648 1690 779 1728 κατε
790 1670 1049 1742 ρχόμεθα.

464 1767 606 1837 ρκβῆ
627 1766 839 1833 Ὠσπερ
873 1762 1030 1824 ἄλλος
1054 1760 1258 1829 κόσμος
1287 1758 1462 1821 διττὸς
1494 1759 1521 1811 6
1551 1755 1860 1826 ἄνθρωπος,
1880 1752 1976 1806 καὶ

390 1859 578 1921 καινὸς
623 1855 979 1925 ὀνομάζεται,
1031 1852 1176 1905 κατὰ
1208 1851 1299 1905 τδν
1342 1850 1486 1903 θεῖον
1526 1846 1853 1901 Ἀπόστολον
1882 1845 1975 1897 τὶν

334 1940 343 1948 ’
386 1952 613 2004 εἰπόντα
635 1965 649 1980 ·
680 1968 698 1999 ι
732 1948 794 2001 Εἴ
818 1963 903 2008 τις
929 1947 987 1997 ἐν
1016 1943 1238 2016 Χριστῷ
1259 1942 1421 2012 καινὴ
1452 1941 1648 2003 κτίσις.
1679 1957 1699 1991 ι
1730 1937 1841 1991 Καὶ
1862 1935 1970 2005 γάρ

386 2043 483 2095 καὶ
509 2040 759 2107 οὐρανὸς,
793 2038 886 2090 καὶ
919 2035 1014 2106 γῆ,
1048 2035 1143 2088 καὶ
1177 2035 1357 2088 πάντα
1389 2033 1491 2086 ὅσα
1515 2032 1543 2085 6
1574 2030 1801 2101 κόσμος,
1826 2028 1855 2081 6
1877 2026 1972 2081 άν-

386 2135 606 2204 θρωπο;
657 2129 867 2200 γίνεταί
915 2144 973 2181 τε
1029 2127 1171 2180 κατὰ
1222 2127 1426 2195 ἀρετὴν
1456 2122 1551 2177 καὶ
1598 2119 1966 2191 όνομάζεται’

386 2229 531 2296 ὑπὲρ
550 2221 611 2281 οὗ
644 2226 789 2286 ἄπας
814 2224 971 2291 λόγος
994 2224 1089 2275 καὶ
1122 2220 1270 2275 ἀπαν
1296 2220 1618 2291 μυστήριον,
1648 2217 1725 2282 ὥς
1748 2233 1917 2288 φησιν
1942 2218 1972 2270 6

383 2310 668 2385 Θεολόγος.
726 2314 942 2385 Ἐπειδὴ
982 2313 1091 2384 γὰρ
1129 2329 1149 2363 t
1185 2312 1287 2379 τὴν
1340 2311 1518 2380 πάλην
1552 2308 1709 2379 ἡμῶν
1739 2302 1880 2361 εἶναι
1907 2306 1970 2359 ού

384 2411 523 2482 πρὸς
563 2405 703 2479 αἷμα
736 2408 833 2461 κα)⁸
884 2407 1090 2476 σάρκα,
1124 2404 1261 2458 ἀλλὰ
1304 2403 1441 2474 πρὸς
1474 2402 1572 2465 τὰς
1602 2400 1799 2471 ἀρχὰς,
1832 2398 1969 2468 πρὸς

383 2505 483 2567 τὰς
519 2500 769 2566 ἐξουσίας
795 2498 890 2552 τοῦ
926 2497 1149 2559 σκότους
1186 2495 1283 2547 τοῦ
1332 2494 1529 2557 αἰῶνος
1579 2494 1795 2555 τούτου,
1830 2493 1970 2560 πρὸς

383 2597 453 2648 τὰ
477 2590 826 2662 πνευματικὰ
856 2590 952 2660 τῆς
974 2588 1238 2658 πονηρίας
1277 2590 1333 2640 ἐν
1356 2589 1467 2649 τοῖς
1509 2586 1852 2653 ἐπουρανίοις
1874 2580 1968 2635 τοῦ

383 2688 645 2756 ἄρχοντος
680 2684 775 2736 τοῦ
813 2684 1003 2751 ἀέρος,
1070 2699 1090 2732 ι
1146 2679 1240 2733 τοῦ
1311 2678 1632 2731 Ἀποστόλου
1667 2678 1967 2746 φήσαντος,

384 2777 644 2847 ἁρμόδιον
674 2773 815 2829 εἶναι
836 2774 913 2837 ὡς
944 2776 1024 2836 εἰς
1063 2772 1268 2842 κόσμον
1305 2770 1463 2826 ἄλλον
1518 2770 1693 2839 μέγαν
1738 2771 1839 2839 τῆς
1869 2766 1971 2836 φύ-

385 2885 525 2930 σεως
550 2866 658 2918 τῶν
684 2864 931 2935 ψυχικῶν
970 2862 1128 2934 ὴμῶν
1176 2862 1460 2931 δυνάμεων
1489 2855 1629 2913 εἶναι
1659 2860 1787 2922 τοὺς
1814 2860 1966 2913 ἀντι-

383 2957 715 3020 παλαίοντας
737 2958 871 3025 ἡμῖν
919 2952 1214 3026 κρυπτῶςο
1248 2953 1388 3007 κατὰ
1422 2951 1531 3007 τῶν
1575 2951 1741 3022 τριῶν
1774 2950 1884 3021 γὰρ
1918 2951 2032 3045 oic

380 3053 533 3121 τρεῖς
585 3050 848 3120 ἄρχοντες
898 3049 1011 3109 τοῖς
1048 3046 1381 3114 ἀγωνισταῖς
1428 3041 1968 3113 ἀντικαθιστάμενοι,

382 3142 836 3212 ἐκστρατεύουσι,
865 3140 959 3192 καὶ
978 3137 1103 3192 καθ’
1136 3138 1165 3190 ὃ
1209 3138 1275 3190 ἂν
1306 3135 1581 3206 προέκοψέ
1624 3153 1727 3199 τις.
1760 3134 1856 3190 καὶ
1886 3134 1969 3195 είς

378 3238 517 3307 ὅπερ
572 3234 886 3306 ἐργάζεται,
942 3233 1033 3286 ὑπ’
1069 3231 1251 3286 αὐτῶν
1289 3229 1627 3299 πολεμεῖται.
1673 3228 1834 3281 Καὶό
1864 3225 1968 3298 μὲν

378 3328 593 3399 δράκων
632 3328 659 3378 6
686 3328 868 3396 ἄρχων
901 3326 999 3389 τῆς
1026 3323 1288 3388 ἀϐύσσου,
1326 3322 1461 3392 πρὸς
1490 3321 1620 3385 τοὺς
1651 3319 1967 3391 καρδιακῶς

379 3420 750 3490 προσέχοντας
796 3415 1178 3488 ἐκστρατεύων
1214 3415 1515 3479 ἐνίσταται,
1563 3414 1639 3476 ὡς
1694 3414 1831 3484 πρὸς
1866 3413 1965 3481 τὴν

378 3512 569 3579 ὀσφὺν.
600 3507 699 3577 τῆς
732 3507 1033 3577 ἐπιθυμίας
1078 3505 1176 3559 καὶ
1231 3503 1326 3557 τοῦ
1371 3502 1619 3575 ὀμφαλοῦ
1654 3504 1754 3573 τὴν
1811 3502 1965 3572 ἰσχὺν

376 3600 539 3671 ἔχων,
571 3600 667 3653 καὶ
694 3598 783 3651 διὰ
820 3598 914 3650 τοῦ
944 3597 1044 3667 τῆς
1066 3596 1240 3667 λήθης
1269 3594 1520 3664 ἐνηδόνου
1556 3594 1832 3662 γίγαντος,
1863 3591 1965 3655 τὰς

377 3692 681 3753 καυστικας
702 3689 811 3744 τῶν
835 3690 1250 3760 πεπυρωμένων
1274 3687 1441 3758 βελῶν
1464 3688 1721 3756 δυνάμεις
1750 3684 1964 3739 ἀκοντί-

377 3785 488 3849 ζων
517 3785 723 3850 αὐτοῖς,
755 3783 946 3852 ὥσπερ
970 3781 1248 3836 θάλασσαν
1270 3780 1461 3849 ἄλλην,
1492 3779 1589 3832 καὶ
1608 3778 1843 3833 ἄϐυσσον
1865 3777 1964 3847 τὴν

377 3873 679 3944 ἐπιθυμίαν
701 3872 863 3943 ἔχων,
891 3871 1085 3936 δύνων,
1114 3872 1210 3924 καὶ
1238 3870 1447 3940 ἕρπων,
1478 3869 1574 3923 καὶ
1608 3869 1963 3940 ἐκταράττων

377 3967 549 4037 αὐτὴν
578 3966 674 4020 καὶ
698 3964 970 4037 ἀφρίζων,
1002 3962 1221 4028 ἀναζέει
1254 3964 1424 4030 αὐτὴν
1444 4004 1458 4027 ,
1489 3962 1584 4015 καὶ
1613 3962 1749 4033 πρὸς
1776 3978 1965 4014 συνου-

379 4057 647 4126 σιασμοὺς
699 4055 932 4121 ἐκκαίει,
972 4055 1066 4109 καὶ
1097 4044 1207 4118 τ’όῖς
1243 4056 1351 4108 τῶν
1405 4054 1610 4125 ἡδονῶν
1639 4054 1965 4124 χειμάρροις

2084 392 2224 445 lilios
2271 410 2553 449 servorum
2586 411 2831 462 suorum,
2860 410 3064 465 eosque
3096 397 3356 453 Tartareo
3415 412 3657 457 reservat

2083 484 2327 540 drncnni.
2363 488 2734 543 lnobedientia
2782 502 2861 544 est
2911 491 3107 546 inferni
3139 508 3233 554 os;
3267 495 3654 562 contradictio,

2079 578 2197 645 ejus
2250 579 2427 647 lingua
2469 592 2525 634 ut
2571 582 2780 650 gladius
2838 595 3192 648 mucronata;
3238 586 3651 650 complacentia.

2081 673 2270 724 dentes
2298 672 2415 739 ejus
2441 673 2623 737 acuti;
2653 675 2932 743 proprium
2960 676 3245 744 judicium.
3280 679 3397 745 ejus
3424 690 3611 745 pectus
3635 696 3651 745 ;

2079 772 2131 815 et
2169 764 2440 829 spiramen
2478 765 2686 819 ventris
2715 768 2851 834 ejus,
2885 770 3107 821 trahens
3144 769 3207 821 ad
3241 770 3514 824 infernum
3562 787 3655 824 su—

2081 855 2284 920 peritia.
2342 853 2599 924 Quisquis
2646 869 2825 911 autem
2874 861 3111 925 primum
3166 861 3295 915 illud
3349 863 3653 919 obedientia

2080 957 2322 1014 ruperat.
2371 957 2569 1002 caatera
2610 965 2732 1004 'nno
2759 952 2995 1005 concidit
3029 954 3157 1015 ictu,
3189 964 3243 1005 ct
3275 954 3327 1007 in
3363 956 3528 1009 melos
3561 972 3655 1022 per

2080 1055 2243 1093 unum
2298 1041 2521 1109 gradum
2574 1042 2719 1095 illico
2751 1046 3013 1101 ascendit.
3071 1046 3163 1129 sed
3212 1048 3457 1102 mirabile
3498 1064 3654 1116 pror-

2076 1145 2170 1183 Sus
2220 1130 2691 1200 iuenarrahileque
2739 1144 2791 1187 et
2843 1134 3119 1190 iucﬂ'abile
3150 1146 3234 1190 est
3268 1140 3654 1191 misericordiae

2078 1220 2168 1275 Dei
2200 1222 2425 1283 dounn‘i,
2463 1224 2542 1275 sic
2578 1240 2672 1291 per
2706 1240 2865 1277 unam
2898 1227 3174 1287 virtutem.
3209 1244 3304 1281 seu
3344 1233 3525 1295 potius
3558 1246 3655 1294 per

2074 1330 2240 1367 unum
2287 1315 2599 1368 mandatum
2634 1316 2920 1370 confestim
2964 1321 3030 1371 ad
3060 1320 3227 1373 curius
3260 1324 3648 1382 conscendere.

2074 1414 2136 1460 ut
2171 1421 2267 1475 per
2301 1407 2468 1461 solam
2522 1408 2946 1463 inobcdientiatn
3002 1411 3055 1463 in
3110 1411 3381 1465 infernum
3438 1413 3649 1467 delabi-

2074 1512 2198 1549 mur
2222 1505 2277 1550 et
2310 1497 2635 1553 decidimus.

2141 1757 2265 1814 122.
2316 1756 2451 1810 Tum
2489 1757 2953 1822 secundus,-tum
3003 1773 3177 1814 novus
3228 1760 3369 1815 alter
3420 1761 3651 1816 mundus

2066 1860 2293 1905 vocatur
2320 1851 2503 1915 homo,
2524 1851 2674 1918 juxta
2700 1851 2882 1904 divum
2910 1852 3227 1920 Apostolum
3258 1852 3525 1907 dicentem
3558 1854 3603 1885 “
3630 1869 3649 1914 :

2074 1962 2093 1996 ι
2138 1944 2195 1997 Si
2229 1960 2334 2012 qua
2369 1943 2420 1996 in
2454 1943 2676 1998 Christo
2714 1959 2849 1998 nova
2900 1952 3171 2000 creatura.
3208 1964 3225 1997 ι
3262 1944 3503 2014 Namque
3533 1962 3649 2001 cte-

2067 2042 2175 2093 lurn
2228 2048 2483 2109 terraque
2532 2049 2588 2093 et
2633 2040 2921 2093 universus
2970 2042 3201 2095 mundus
3252 2042 3413 2095 homo
3463 2052 3547 2097 est
3596 2052 3649 2097 et

2066 2130 2415 2194 nominatur,
2470 2139 2694 2198 propter
2748 2146 2907 2198 quem
2964 2146 3125 2186 omne
3178 2144 3264 2186 est
3320 2134 3540 2186 verbum
3592 2143 3648 2187 et

2065 2238 2230 2277 omne
2260 2223 2602 2295 mysterium.
2640 2233 2696 2275 ut
2730 2224 2805 2277 ait
2837 2222 3163 2293 Theologus.
3201 2225 3415 2278 Etenim
3451 2245 3467 2275 ι
3508 2242 3647 2292 quo-

2066 2317 2209 2368 niam
2248 2330 2355 2369 non
2390 2323 2474 2368 est
2510 2314 2664 2368 nobis
2701 2315 3015 2368 colluctatio
3049 2314 3312 2369 adversus
3346 2330 3563 2368 carnem
3592 2323 3647 2369 et

2065 2408 2408 2475 sanguinem,
2459 2406 2552 2460 sed
2601 2410 2860 2460 adversus
2917 2406 3189 2474 principes
3234 2414 3286 2459 et
3325 2413 3645 2473 potestates,

2065 2503 2326 2553 adversus
2362 2508 2603 2552 rectores
2637 2490 2982 2549 tenebrarum
3018 2498 3181 2566 hujus
3213 2498 3425 2570 stecnli,
3458 2506 3645 2550 contra

2062 2590 2367 2658 spiritualia
2402 2590 2656 2657 nequitiae
2692 2590 2743 2643 in
2778 2590 3095 2643 cmicslibus
3129 2588 3287 2657 primi
3324 2590 3487 2653 aeris,
3527 2608 3545 2639 ι
3585 2597 3647 2642 ut

2062 2685 2139 2739 ait
2190 2683 2481 2754 Apostolus
2536 2684 2603 2746 “,
2659 2682 3042 2736 convenienter
3090 2681 3235 2735 velut
3284 2681 3335 2733 in
3386 2696 3641 2746 magnum

2064 2777 2293 2831 alterum
2343 2785 2553 2829 natura:
2606 2776 2862 2827 mundum
2919 2774 2969 2826 in
3020 2775 3213 2827 aniuue
3262 2784 3457 2828 nostra:
3498 2774 3645 2827 vires

2062 2873 2303 2933 pugnant
2327 2864 2553 2918 latentes
2576 2863 2877 2917 adversarii
2909 2864 3102 2918 nostri.
3132 2862 3263 2937 Nam
3287 2865 3643 2919 colluctaules

2063 2956 2218 3011 nobis
2291 2966 2401 3011 tres
2461 2958 2732 3023 principes
2800 2965 2908 3010 tres
2986 2957 3303 3025 impugnant
3372 2957 3644 3024 potentias

2066 3050 2294 3114 animae;
2331 3060 2382 3105 et
2414 3052 2501 3104 ubi
2538 3052 2810 3116 profectus
2840 3058 2941 3108 est.
2980 3049 3067 3103 ubi
3107 3049 3274 3113 labor,
3307 3050 3376 3101 ibi
3401 3050 3641 3118 przclium

2065 3145 2433 3198 committunt.
2514 3142 2577 3193 Et
2632 3144 2847 3209 quidem
2924 3142 3089 3195 draco
3152 3141 3406 3211 princeps
3466 3139 3640 3207 abyssi

2064 3246 2254 3290 contra
2301 3250 2398 3289 cos
2427 3236 2515 3303 qui
2564 3245 2690 3287 sunt
2720 3233 2880 3286 corde
2914 3234 3128 3294 attenti,
3159 3234 3423 3285 dimicans
3457 3230 3641 3282 insur-

2062 3332 2160 3398 git,
2195 3340 2379 3398 utpote
2418 3330 2468 3381 in
2503 3328 2998 3396 concupiscentiam
3033 3327 3341 3380 lumborum
3372 3336 3425 3379 et
3461 3328 3642 3377 umbi-

2063 3422 2153 3475 lici
2193 3430 2514 3489 potestatem
2569 3420 2811 3480 habens;
2864 3428 2917 3471 et
2967 3432 3061 3485 per
3111 3417 3469 3485 voluptarium
3507 3415 3643 3469 obli-

2064 3514 2238 3565 vinuis
2270 3513 2537 3579 gigantem
2573 3511 2845 3561 flatnmeos
2880 3510 3169 3575 ignttorum
3213 3509 3436 3559 telorum
3473 3507 3643 3573 impc-

2062 3616 2150 3659 tus
2188 3606 2239 3657 in
2290 3604 2408 3657 illus
2450 3601 2716 3670 jacnlans,
2753 3598 3249 3665 concupiscentiam
3286 3598 3440 3665 quasi
3492 3613 3641 3651 mare

2061 3697 2229 3758 subit.
2265 3695 2472 3762 irrepit,
2505 3676 2806 3761 perturbat,
2837 3700 2889 3743 et
2922 3706 3229 3755 spumosum
3269 3688 3641 3755 fervidnrnque

2061 3790 2210 3844 facit.
2240 3796 2295 3840 et
2337 3788 2401 3837 ad
2434 3784 2656 3851 copulas
2686 3782 2931 3836 enrnnles
2973 3782 3275 3843 succendit,
3307 3789 3362 3832 et
3392 3780 3640 3846 volupta-

2060 3890 2171 3934 tum
2206 3877 2541 3931 torrentibus
2591 3875 2840 3938 iunudat,
2874 3882 2927 3926 et
2971 3882 3226 3939 tanquam
3278 3874 3637 3925 insatiabilem

2057 3986 2165 4026 non
2222 3969 2432 4038 implet.
2482 3966 2741 4031 Princeps
2791 3974 2967 4018 autem
3024 3965 3207 4017 mutuli
3267 3965 3423 4028 huius
3473 3981 3635 4033 opma

2056 4062 2287 4118 virtutes
2330 4066 2716 4128 persequentes
2769 4054 3105 4123 aggreditur,
3145 4064 3411 4121 quatenus
3449 4064 3636 4107 contra

374 4148 657 4212 ἐπικλύζει
689 4147 882 4218 αὐτὴν,
920 4148 1014 4201 καὶ
1041 4148 1118 4211 ὡς
1148 4148 1426 4219 ἄπληστον
1457 4147 1558 4200 οὐκ
1595 4146 1869 4217 ἐμπιπλᾷ.
1904 4146 1961 4197 '0

2070 4162 2266 4217 partem
2304 4150 2637 4207 irascibilem
2686 4148 2935 4213 luctans;
2971 4159 3023 4199 et
3060 4162 3152 4214 per
3188 4146 3415 4214 ignavun
3448 4146 3638 4214 gigan-

372 4241 431 4293 δέ
462 4240 645 4311 ἄρχων
677 4240 774 4293 τοῦ
808 4239 1013 4311 κόσμου
1046 4240 1236 4294 τούτου
1291 4241 1428 4311 πρὸς
1454 4241 1579 4304 τοὺς
1602 4240 1701 4309 τὴν
1731 4255 1964 4308 πρακτι-

2070 4260 2167 4302 tem
2223 4244 2534 4299 omnimoda
2594 4242 2907 4309 passionum
2968 4237 3237 4306 prmstigia
3298 4237 3349 4288 in
3408 4237 3635 4290 alterius

373 4333 478 4402 κήν
512 4332 715 4406 ἀρετὴν
764 4334 1204 4405 μετερχομένους
1249 4335 1589 4398 ἀνθίσταται,
1616 4334 1692 4397 ὡς
1732 4332 1869 4403 πρὸς
1902 4332 1961 4383 τὸ

2070 4341 2241 4396 nundi
2283 4338 2426 4392 illius
2460 4338 2734 4390 theatrum
2774 4342 2826 4385 et
2873 4334 3105 4386 stadium
3156 4346 3331 4398 pugna
3366 4330 3631 4395 spirituali

377 4424 611 4495 θυμικὸν
632 4425 731 4497 τὴν
749 4426 930 4497 πάλην
966 4425 1127 4497 ἔχων,
1161 4427 1255 4479 καὶ
1282 4426 1369 4479 διὰ
1396 4426 1489 4479 τοῦ
1542 4427 1638 4495 τῆς
1688 4425 1962 4496 ῥᾳθυμίας

2071 4431 2313 4494 aculans,
2349 4430 2430 4483 vel
2464 4428 2657 4489 vincit,
2693 4426 2776 4479 vel
2809 4426 3043 4477 vincitur
3085 4423 3151 4475 ab
3184 4422 3249 4475 iis
3294 4424 3384 4489 qui
3419 4422 3636 4475 [υιιίιιιι-

373 4518 652 4585 γίγαντος,
678 4519 775 4581 τὰς
798 4519 1145 4580 παντοδαπὰς
1172 4519 1279 4572 τῶν
1301 4519 1490 4572 παθῶν
1522 4517 1855 4588 μαγγανείας
1887 4516 1963 4580 ὡς

2071 4538 2222 4593 Isque
2272 4523 2367 4589 ipsi
2420 4521 2717 4584 resistunt;
2754 4524 2807 4572 et
2861 4531 3091 4569 coronas
3137 4524 3227 4568 aut
3280 4515 3633 4583 ignominiam

372 4611 453 4672 είς
485 4611 695 4679 κόσμον
751 4610 934 4677 ἄλλον,
984 4613 1018 4683 ἢ
1074 4611 1305 4682 θέατρόν
1368 4630 1426 4664 τε
1482 4612 1575 4665 καὶ
1614 4610 1831 4664 στάδιον
1859 4606 1959 4679 τὴν

2075 4632 2105 4669 ιι
2141 4623 2432 4681 conspectu
2468 4611 2777 4681 angelorum
2814 4609 2967 4660 nobis
3003 4623 3347 4676 comparans,
3396 4622 3490 4660 sua
3528 4608 3633 4660 tela

366 4703 545 4768 πάλην
602 4705 806 4773 νοερῶς
853 4707 1044 4769 ποιῶν,
1080 4705 1265 4767 νικῶν,
1302 4705 1333 4775 ἦ
1362 4706 1670 4776 ἡττώμενος
1699 4705 1827 4773 τοὺς
1852 4710 1939 4762 ἀεὶ

2070 4721 2268 4774 temper
2294 4714 2347 4757 et
2380 4718 2530 4756 arma
2565 4704 2615 4756 in
2646 4716 2745 4754 nos
2774 4707 3121 4767 contorquet.
3162 4699 3421 4765 Princeps
3449 4711 3631 4751 autem

376 4788 525 4860 αὐτῷ
554 4787 825 4862 ἀνδρικῶς
864 4791 1365 4862 προσπαλαίονπας,
1419 4795 1513 4847 καὶ
1548 4798 1871 4864 στεφάνους,
1922 4800 1954 4871 ἢ

2070 4800 2197 4851 teris
2251 4796 2471 4851 trientali
2527 4800 2787 4847 vacantes
2822 4792 3054 4844 orationi
3110 4790 3332 4852 invadit,
3373 4790 3633 4857 imagina-

375 4879 639 4949 αἰσχύνην
689 4879 921 4933 ἐνώπιον
962 4880 1213 4948 ἀγγέλων
1262 4884 1450 4947 αὐτοῖς
1507 4888 1809 4957 προξενῶν,
1861 4891 1960 4953 τὰς

2070 4895 2263 4943 .ionem
2311 4888 2581 4955 impetens
2628 4882 3071 4950 intellectumque
3112 4890 3166 4935 et
3207 4882 3469 4933 rationem
3502 4884 3633 4933 ado-

377 4972 714 5041 παρατάξεις
735 4971 901 5025 αὐτοῦ
933 4972 1055 5025 καθ’
1098 4974 1257 5042 ἡμῶν
1296 4975 1562 5046 διηνεκῶς
1610 4979 1957 5048 καθοπλίζει,

2070 4985 2205 5036 rit-ns
2235 4997 2359 5034 eum
2391 4979 2639 5043 malignis
2663 4977 2943 5045 Spiritibus
2972 4975 3191 5028 aztheris
3213 4991 3228 5038 ς
3254 4985 3308 5028 et
3334 4990 3425 5042 per
3451 4974 3634 5043 gigan-

375 5065 506 5129 ἡμῖν
561 5063 885 5133 μαχόμενος.
958 5064 1018 5116 '0
1060 5065 1115 5117 δὲ
1149 5066 1331 5136 ἄρχων
1385 5068 1480 5121 τοῦ
1510 5068 1672 5139 ἀέρος
1734 5073 1861 5136 τοὺς
1892 5076 1958 5145 τῇ

2080 5090 2164 5126 em
2201 5073 2523 5143 ignorantia:
2552 5070 2885 5137 superiorem
2917 5069 3228 5122 intellectus
3253 5077 3455 5133 partem
3487 5066 3631 5119 velut

375 5154 585 5225 διανοίᾳ
621 5157 757 5225 πρὸς
787 5156 1021 5227 θεωρίαν
1069 5159 1429 5228 σχολάζοντας
1476 5161 1791 5233 ἐπέρχεται,
1826 5183 1960 5235 φαν-

2070 5168 2288 5220 tltcrum
2321 5162 2602 5231 spirituale
2632 5160 2827 5215 C(elntu
2863 5174 3081 5215 ccenose
3113 5159 3313 5220 turbat,
3351 5167 3405 5209 et
3454 5157 3629 5223 phan-

373 5250 768 5316 τασιοσκοπῶν,
786 5251 861 5315 ὡς
894 5252 1029 5324 πρὸς
1050 5253 1110 5305 τὸ
1137 5253 1354 5320 λογικόν
1376 5271 1434 5306 τε
1472 5256 1564 5307 καὶ
1593 5258 1777 5329 νοερὸν
1810 5261 1963 5327 ἐγγί-

2077 5259 2274 5311 asticas
2301 5255 2730 5320 tenebrosasquc
2754 5253 3039 5321 spirituum
3068 5251 3267 5304 formas
3292 5258 3336 5301 ei
3367 5258 3632 5301 transum-

377 5339 507 5402 ζων,
541 5341 678 5410 μετὰ
702 5342 813 5395 τῶν
834 5344 933 5412 τῆς
964 5342 1229 5413 πονηρίας
1263 5343 1359 5396 τοῦ
1400 5346 1564 5415 ἀέρος
1599 5351 1959 5417 πνευμάτων·

2075 5350 2308 5412 atioues,
2340 5347 2494 5416 quasi
2529 5347 2761 5416 fulgura,
2797 5355 2851 5397 et
2881 5352 3139 5401 tonitrua.
3172 5340 3545 5410 pI'O(.‘C“2\(iIIC
3575 5349 3631 5392 et

379 5435 474 5486 καὶ
519 5434 610 5487 διὰ
667 5433 761 5487 τοῦ
792 5436 890 5505 τῆς
923 5436 1148 5505 ἀγνοίας
1180 5431 1438 5505 γίγαντος
1494 5441 1592 5509 τὴν
1627 5442 1962 5517 ἀνατατικὴν

2070 5444 2294 5513 “ι·θςοι“ρε
2346 5439 2643 5504 exhibens,
2697 5448 2957 5492 terrorem
3015 5436 3230 5490 incutit.
3287 5433 3363 5487 lta
3426 5430 3624 5500 singuli

442 5603 481 5631 ”
511 5602 525 5654 l
566 5601 691 5657 Cur.
725 5620 777 5664 ν.
812 5605 897 5658 Π.
974 5606 1017 5636 ¹⁸
1048 5606 1244 5677 Ephes.
1278 5626 1348 5677 ιι,
1390 5610 1450 5663 t2
