3960 6190
414 302 552 371 ίῖῖἹ

412 454 449 481 Vi
464 450 547 491 αὖ»

412 524 460 570 δὲ
494 537 563 571 πα
594 518 844 584 δευτικῆς
874 511 1349 583 παραχωρήσεως,
1384 511 1417 578 ή
1444 507 1761 577 ὲφάμαρτος
1806 502 1979 573 βιοτή.

412 611 517 662 Καὶ
550 610 581 676 ή
618 608 716 677 μὲν
767 610 830 658 εκ
860 604 1080 671 φθόνου,
1137 603 1231 655 καὶ
1257 602 1488 673 οἰήσεως
1544 598 1731 668 μόνης,
1762 596 1984 663 ταχεῖαν

411 706 519 769 ἔχει
545 703 642 771 τήν
674 701 838 758 ἴασιν,
870 698 998 750 ὅταν
1028 696 1261 767 μάλιστα
1288 695 1381 746 καὶ
1406 689 1804 761 ταπεινωθῃοή
1839 687 1893 739 δὲ
1923 688 1986 737 ἐκ

411 792 657 854 παιδείας
686 792 753 843 δι’
784 789 1058 859 ἁμαρτίαν
1093 787 1170 857 τῷ
1200 787 1418 854 Σατανᾷ
1462 784 1693 846 ἕκδοσις,
1725 780 1986 841 πολλάκις

412 887 573 953 μέχρι
596 882 827 934 θανάτου
866 879 1002 948 πρὸς
1032 879 1229 947 ἄφεσιν
1267 877 1296 928 6
1322 876 1458 937 Θεὸς
1510 872 1831 942 παραχωρεῖ
1856 868 1987 921 ταύ-

411 995 527 1038 την,
562 975 716 1024 Ἔστι
746 971 790 1022 δ’
820 971 909 1023 ὅτε
957 969 1053 1024 καὶ
1097 967 1430 1029 ἀνευθύνους
1464 962 1808 1028 κολάζεσθαι,
1851 963 1986 1029 πρὶς

413 1063 684 1130 σωτηρίαν
722 1060 993 1112 ἐκδίδωσι.
1036 1058 1157 1129 Χρὴ
1188 1057 1243 1109 δὲ
1275 1055 1497 1119 εἰδέναι,
1536 1054 1619 1105 ὅτι
1653 1054 1749 1105 καὶ
1778 1049 1937 1113 αὐτὸς
1961 1050 1988 1101 6

410 1158 507 1221 τῆς
536 1156 763 1221 οἰήσεως
786 1151 997 1221 δαίμων
1023 1148 1281 1218 προλέγει
1309 1149 1366 1200 ὲν
1404 1148 1517 1207 τοῖς
1546 1143 1621 1215 μή
1651 1142 1892 1213 ἀκριϐῶς
1922 1143 1989 1212 τῇ

414 1247 606 1315 καρδίᾳ
643 1246 1026 1314 προσέχουσιν.

487 1334 618 1405 ρλγ’.
655 1337 842 1404 Ἰερεῖς
881 1334 975 1387 καὶ
1006 1331 1248 1402 βασιλεῖς
1299 1332 1365 1399 τῇ
1399 1328 1629 1398 ἀληθείᾳ
1660 1325 1905 1396 χρίονται
1934 1323 1990 1375 ἐν

412 1435 475 1498 τῆ
508 1427 848 1481 ἀνακαινίσει
880 1426 1080 1487 πάντες
1117 1423 1167 1475 οί
1213 1420 1479 1483 εὐσεϐεῖς,
1512 1418 1701 1486 ὥσπερ
1732 1415 1871 1468 κατά
1901 1413 1993 1465 τὸν

412 1524 586 1574 ἰς-ᾅττον
635 1520 755 1571 τότε
790 1517 884 1570 καὶ
913 1519 961 1569 οἱ
989 1514 1233 1568 παλαιοί.
1292 1513 1333 1564 Τ
1339 1512 1466 1564 ύποι
1495 1510 1603 1579 γὰρ
1632 1504 1770 1577 ἦσαν
1797 1507 1995 1559 ἐκεῖνοι

415 1621 480 1683 τῇ
520 1612 759 1682 ἡμετέρα
787 1608 1017 1677 ἀληθεία
1045 1624 1058 1637 ·
1094 1606 1193 1659 οὐκ
1226 1608 1289 1658 ἐκ
1321 1604 1540 1673 μέρους,
1568 1600 1683 1653 ἀλλ’
1706 1599 1815 1652 ὅλοι
1841 1596 1997 1659 ὅλους

417 1706 567 1773 ἡμᾶς
622 1701 1031 1769 ἐτεκμαίροντο.
1065 1695 1203 1750 Οῦτε
1244 1695 1351 1766 γὰρ
1385 1693 1503 1746 κατ’
1543 1690 1785 1753 ἐκείνους
1812 1688 1997 1759 ὁμοιό-

1444 294 1712 355 (ΣᾹΙἾΤΑ
1761 294 1907 353 PER
1953 284 2615 351 ACROSTICIIIDEM.

603 429 631 496 ἡ
683 425 952 492 κουφότης
977 438 992 453 ο
1024 424 1121 493 τῆς
1149 419 1208 475 δὲ
1232 418 1538 491 προκοπῆς,
1574 417 1601 467 6
1632 412 1821 484 φθόνος
1848 428 1859 441 ⁸
1886 411 1981 478 τῆς

2109 408 2211 471 Ξὶιιι,
2263 407 2473 459 όωιιιοιι
2515 394 2827 472 progressni
2863 392 3157 447 ωιιιιιιειιιεε
3200 390 3427 458 pinnatis
3462 388 3665 441 tleteli.

3534 276 3671 333 1‘5'33

2084 497 2301 563 ctiouis,
2335 496 2443 549 vita
2489 490 2887 562 peccantinosa.
2924 485 3026 551 Qui
3069 493 3211 536 errat
3248 497 3315 535 ex
3363 480 3566 533 ittvrlia
3616 490 3669 529 rt

2085 593 2335 659 superbia
2379 598 2610 649 tantum,
2646 593 2894 654 prompto
2969 587 3197 633 sanatur
3232 572 3491 636 remedio,
3530 586 3667 639 pm-

2083 683 2271 738 scrtitn
2311 682 2355 736 si
2403 679 2759 741 hnmilietnr;
2807 674 2898 743 qui
2941 686 3068 725 vero
3104 669 3158 722 itt
3203 680 3416 735 pmttatn
3462 666 3669 731 peccati

2097 776 2313 829 Sataua:
2343 774 2573 827 traditus
2618 780 2720 832 ρει,
2762 782 2902 835 saepe
2938 764 3088 818 illum
3119 775 3291 829 usque
3327 758 3393 811 ad
3441 768 3669 809 mortem

2086 867 2287 923 deserit
2346 866 2486 919 Dens
2545 879 2608 916 ac
2639 859 2989 928 derelinqnit.
3026 855 3331 925 Aliquando
3370 862 3549 905 tamen
3586 850 3668 902 vel

2084 962 2258 1032 jnstos
2292 976 2460 1030 parna-
2519 956 2684 1009 tradit
2715 954 2782 1007 ad
2816 952 3069 1021 salutem.
3101 947 3399 1004 Sciendum
3429 957 3559 999 vero
3586 952 3672 997 est
3735 976 3745 987 ν

2091 1055 2157 1108 ab
2181 1053 2297 1121 ipso
2322 1050 2586 1118 superbia:
2610 1046 2877 1101 dauuonio
2919 1038 3287 1112 praeoccupari
3317 1052 3412 1093 eos
3438 1039 3529 1107 qui
3563 1050 3669 1089 non

2092 1146 2380 1215 diligenter
2409 1141 2558 1197 cordi
2611 1154 2710 1194 suo
2754 1137 3064 1207 invigilant.

2171 1329 2287 1384 l55.
2314 1325 2640 1382 Sacerdotes
2665 1333 2719 1377 et
2745 1338 2897 1391 reges
2924 1322 3098 1390 rcipsa
3126 1331 3405 1389 unguntur
3431 1319 3483 1372 in
3511 1333 3673 1372 reno-

2096 1425 2309 1478 vatione
2338 1433 2529 1475 omnes
2573 1417 2669 1485 pii,
2702 1418 2841 1469 sicut
2882 1415 3010 1468 olim
3059 1414 3289 1484 ﬁgurate
3326 1412 3671 1481 ungebautur

2100 1526 2328 1569 veteres.
2355 1511 2429 1565 lbi
2453 1508 2597 1564 ettittt
2631 1506 3051 1578 przeligttrabaut
3088 1512 3331 1558 nostram
3360 1503 3671 1565 veritatem,

2096 1616 2149 1659 et
2183 1619 2288 1657 non
2322 1616 2387 1655 ex
2415 1608 2589 1670 parte,
2623 1597 2715 1653 sed
2744 1607 2895 1650 totos
2921 1597 3013 1648 toti
3042 1608 3141 1647 nos
3164 1594 3675 1664 prteritoustrabant.

2100 1698 2284 1766 Neque
2313 1694 2458 1749 enim
2494 1689 2913 1760 congruentiam
2948 1696 3154 1741 tantum
3183 1695 3236 1739 et
3264 1685 3674 1739 similitudinem

416 1761 617 1866 τ’ροπος
644 1761 1028 1864 καὶ-ὁμοειδὴς
1056 1792 1089 1861 ή
1119 1761 1371 1859 ἡμετέρα
1410 1784 1682 1857 βασιλεία,
1720 1784 1813 1836 καὶ
1852 1782 1998 1852 ἱερα-

2109 1805 2217 1844 ξυιιι
2268 1787 2353 1842 eis
2396 1784 2599 1839 hahent
2630 1791 2877 1836 nostrum
2926 1793 3150 1848 regnum
3197 1787 3251 1832 et
3286 1776 3670 1836 Sacerdotium.

418 1892 561 1951 τεὲα,
591 1887 695 1941 κᾶν
722 1883 969 1954 σύμϐολα
998 1881 1066 1934 τὰ
1102 1881 1239 1934 αὑτά
1265 1895 1278 1908 ·
1322 1877 1445 1930 οὔτε
1479 1875 1604 1929 καθ’
1649 1874 1795 1944 ἡμᾶς
1833 1872 2001 1941 διοριε-

422 1982 558 2047 σφὸν
586 1979 699 2049 ἔχει
730 1979 762 2047 ή
799 1977 983 2043 φύσις,
1006 1973 1037 2042 ἢ
1062 1974 1095 2043 ἠ
1132 1972 1310 2042 χάρις,
1336 1970 1429 2023 καὶ⁷
1464 1969 1496 2038 ἡ
1524 1966 1715 2037 κλῆσις
1745 1964 1879 2033 πρὸς
1902 1961 2000 2032 τὴν

420 2074 621 2141 κρίσιν,
644 2069 735 2122 τοῦ
770 2064 909 2120 εἶναι
943 2067 1007 2119 τὰ
1039 2063 1337 2134 χρισθέντα
1384 2060 1618 2129 διάφορα
1640 2074 1652 2087 °
1688 2055 1825 2109 ἀλλὰ
1874 2054 2000 2125 μίαν

422 2164 516 2215 καὶ
540 2161 638 2230 τήν
661 2158 829 2228 αὐτὴν
853 2157 1069 2226 κλῆσιν,
1107 2156 1201 2207 καὶ
1224 2153 1429 2209 πίστιν.
1459 2152 1551 2203 καὶ
1580 2148 1861 2219 μόρφωσιν
1886 2144 2002 2215 ἕχο-

424 2272 545 2323 μεν.
578 2252 737 2321 Δηλοῖ
764 2251 818 2303 δὲ
852 2250 945 2301 καὶ
975 2247 1253 2317 ἐμφαίνει,
1310 2242 1453 2297 κατὰ
1482 2242 1578 2294 τὸν
1606 2241 1707 2309 τῆς
1742 2238 2003 2309 ἀληθείας

421 2346 601 2413 λόγον,
637 2344 695 2396 τὸ
723 2341 968 2413 καθαρὸν
1003 2339 1098 2393 καὶ
1133 2337 1364 2398 ἀπαθὲς,
1398 2336 1493 2389 καὶ
1533 2335 1653 2387 ὅλον
1689 2332 2003 2403 ἀφιερωμέ-

422 2456 533 2502 νον,
554 2435 674 2505 Θεῷ
698 2433 955 2503 γενέσθαι
983 2432 1077 2484 νῦν
1108 2448 1165 2483 τε
1202 2430 1293 2482 καὶ
1316 2430 1373 2481 ὲν
1404 2425 1482 2493 τῷ
1510 2425 1781 2494 μέλλοντι.

497 2529 623 2598 ρλδ’.
667 2526 865 2594 Σοφίαν
891 2523 1192 2591 τηνικαῦτα
1223 2523 1430 2581 ἐκεῖνος
1461 2517 1539 2589 τῷ
1572 2516 1799 2585 στόματι
1826 2515 1998 2581 λαλεῖ,

424 2622 519 2672 καὶ
560 2620 627 2687 τῇ
677 2617 775 2686 τῆς
807 2614 1035 2685 καρδίας
1074 2613 1273 2684 μελέτῃ
1306 2610 1543 2692 σύνεσιν,
1579 2610 1607 2661 6
1640 2606 1772 2659 Θεὸν
1805 2606 1999 2674 Λόγον,

424 2715 521 2778 τὴν
548 2710 642 2763 τοῦ
670 2708 804 2761 Θεοῦ
827 2709 917 2761 καὶ
956 2707 1167 2777 [ἰατρὸς
1205 2704 1571 2757 ὲνυπὸστατον
1622 2700 1833 2769 σοφίαν,
1866 2717 2000 2769 τρα-

425 2808 526 2867 νῶς
563 2805 625 2855 ὲκ
673 2801 781 2856 τῶν
833 2801 1003 2854 ὄντων
1042 2799 1343 2870 ἐμφαίνων,
1398 2796 1473 2859 ὡς
1503 2797 1629 2856 τοὺς
1671 2794 1861 2861 λόγους
1889 2793 1999 2847 τῶν

419 2892 745 2963 ἀρχετύπων
777 2893 835 2943 ἐν
861 2893 971 2952 τοῖς
999 2887 1151 2942 οὖσιν
1178 2889 1315 2957 ἔχων
1347 2886 1873 2957 χαρακτηρίςοντας,
1902 2885 2001 2939 καὶ

418 2986 509 3039 διὰ
558 2985 653 3037 τοῦ
699 2984 818 3035 κατ’
876 2982 1160 3053 ἐνέργειαν
1200 2981 1399 3045 ζώντος
1431 2980 1615 3047 λόγου,
1665 2978 1743 3047 τῷ
1770 2976 2002 3041 στόματι

2092 1897 2211 1952 qua:
2235 1880 2424 1934 iisdem
2453 1877 2623 1946 signis
2641 1873 3072 1944 portenduntur;
3102 1885 3281 1939 neque
3302 1870 3674 1924 diversitatem

2096 1975 2296 2028 habent
2325 1970 2466 2041 apud
2498 1983 2599 2023 nos
2628 1974 2841 2029 natura,
2874 1975 2969 2019 aut
3000 1963 3193 2033 gratia,
3227 1973 3322 2016 aut
3350 1963 3563 2016 vocatio
3611 1968 3677 2013 a-l

2097 2067 2429 2131 unctionem,
2462 2071 2521 2117 ut
2554 2069 2714 2115 uncta
2744 2060 2855 2113 sint
2889 2056 3286 2126 discrepantia,
3310 2056 3405 2109 sed
3436 2070 3597 2107 uuam
3628 2064 3682 2106 et

2095 2159 2344 2215 eamdem
2374 2156 2714 2211 vocationem
2746 2151 3013 2217 iidemque
3038 2166 3100 2203 ac
3129 2149 3363 2202 fortnam
3392 2148 3675 2199 habemus.

2096 2250 2344 2307 Ostendit
2378 2257 2556 2303 autem
2590 2261 2652 2300 ac
2689 2244 3045 2305 demonstrat,
3089 2240 3241 2311 juxta
3278 2237 3527 2292 veritatis
3560 2252 3682 2289 vcr-

2098 2349 2245 2409 bunt,
2286 2342 2492 2412 puritas
2536 2336 3056 2408 impassibilitasque
3078 2344 3132 2387 et
3160 2332 3373 2403 qumvis
3414 2332 3681 2386 sanctitas

2098 2437 2353 2490 unionem
2386 2448 2507 2487 cum
2545 2430 2655 2485 Deo
2686 2438 3011 2499 prmscntem
3046 2434 3100 2480 et
3132 2424 3394 2480 futuram.

2170 2527 2294 2582 ίόι.
2333 2524 2427 2581 Ille
2470 2523 2583 2592 jatu
2639 2536 2785 2576 nunc
2832 2535 2928 2574 ore
2978 2517 3218 2588 |0qnitur
3259 2516 3579 2586 sapientiam
3628 2526 3683 2568 ιιι

2100 2621 2281 2677 cordis
2314 2616 2667 2672 meditatione
2691 2616 3059 2682 prudentiam,
3082 2612 3174 2682 qni
3211 2609 3376 2663 Detur.
3412 2608 3673 2672 Verbum,

2100 2709 2521 2770 Sttbstautialem
2551 2707 2642 2761 Dei
2670 2706 2846 2761 Patris
2874 2706 3224 2775 Sapientiam,
3251 2705 3397 2757 clare
3424 2721 3485 2756 ex
3520 2703 3681 2755 rebus

2099 2806 2370 2870 Ostendit;
2418 2802 2513 2872 qui
2567 2801 2783 2855 ratione
2828 2799 3255 2867 archetyporum
3292 2800 3344 2850 itt
3398 2796 3563 2850 rebus
3609 2799 3683 2846 ιι-

2101 2898 2235 2952 dens
2283 2908 2597 2965 expressas,
2634 2908 2701 2948 ex
2756 2892 2989 2946 viventis
3040 2907 3136 2961 per
3185 2892 3555 2959 operatoncm
3601 2904 3684 2940 ra-

2104 2991 2265 3045 tionis
2300 2987 2564 3057 sapientia
2608 2984 2932 3056 sapientiam
2975 3000 3070 3038 ore
3116 2983 3382 3051 loquitur,
3419 2991 3474 3042 et
3520 2982 3682 3034 corde

424 3076 575 3128 λαλεῖ
614 3075 807 3143 σοφίαν
836 3075 898 3126 ὲκ
926 3072 1115 3140 σοφίας
1135 3087 1148 3101 ·
1176 3074 1240 3142 τῇ
1272 3071 1326 3124 δὲ
1363 3070 1560 3141 καρδία⁴
1592 3068 2002 3138 ἐλλαμπόμενος

2109 3081 2441 3135 illuntinattts
2474 3090 2640 3148 atque
2678 3078 3096 3134 transformatns
3128 3090 3222 3146 per
3256 3076 3509 3129 virtutem
3542 3088 3640 3143 pru
3664 3105 3675 3113 ο

426 3171 491 3236 τῇ
524 3167 749 3235 δυνάμει
775 3166 873 3235 τῆς
903 3163 1340 3235 μεταποιητικῆς
1387 3162 1657 3224 συνέσεως
1700 3160 2007 3229 μελετωμέ-

427 3276 523 3324 vr;
550 3256 628 3327 τῷ
655 3256 949 3326 πνεύματι,
1000 3257 1175 3309 ποιεῖν
1222 3255 1315 3307 καὶ
1355 3253 1614 3322 φωτίζειν
1670 3251 1893 3305 δύναται
1919 3251 2010 3305 ἄέι

424 3353 521 3418 τῆς
554 3349 846 3412 συνέσεως,
876 3348 1005 3409 τοὺς
1036 3346 1241 3409 πιστῶς
1265 3345 1580 3407 ἀκούοντας.

500 3438 626 3509 ρλε’.
666 3440 731 3491 Ἦ
758 3438 972 3509 μεγάλη
999 3437 1100 3506 τῆς
1120 3437 1377 3506 ἀληθείας
1404 3435 1718 3499 ἀντίπαλος,
1745 3434 1841 3489 καὶ
1871 3435 2007 3507 πρὸς

427 3532 703 3585 ἀπώλειαν
744 3534 871 3593 τοὺς
901 3530 1223 3601 ἀνθρώπους
1269 3531 1504 3583 ἕλκουσα
1556 3529 1733 3597 πλάνη
1768 3530 2007 3597 σήμερον

428 3622 525 3693 (δι’
552 3617 619 3694 ἦς
653 3625 685 3694 ή
716 3623 908 3686 ἄγνοια
958 3622 1049 3674 τοῦ
1083 3622 1309 3682 σκότους
1369 3621 1426 3672 ὲν
1482 3622 1603 3681 ταῖς
1654 3619 1853 3688 ψυχαῖς
1897 3619 2007 3670 τῶν

427 3715 687 3787 ῥᾳθύμων
708 3715 1080 3779 ἐϐασίλευσεν,
1103 3716 1165 3766 ὲκ
1189 3712 1324 3766 Θεοῦ
1350 3712 1763 3781 ἀλλοτριώσασα
1787 3708 2004 3772 αὐτούς’

425 3808 591 3862 οἱκαὶ
621 3808 697 3871 ὡς
728 3808 802 3878 μὴ
834 3802 973 3861 εἶναι
1004 3807 1138 3859 Θεὸν
1169 3806 1556 3874 γινώσκοντες,
1582 3802 1677 3855 τὸν
1704 3803 1850 3872 ἡμᾶς
1878 3802 2009 3854 ἀνα-

425 3900 766 3971 γεννήσαντα
815 3901 910 3955 καὶ
958 3899 1293 3969 φωτίσαντα,
1323 3897 1357 3968 ἦ
1398 3896 1543 3966 λόγῳ
1574 3895 1721 3966 μόνῳ
1740 3892 1883 3964 ψιλῷ
1916 3910 2008 3945 πι-

427 3990 755 4061 στευόμενον
779 3991 873 4043 καὶ
898 3989 1325 4059 γινωσκόμενον,
1351 3986 1447 4041 καὶ
1489 3987 1590 4040 οὐκ
1623 3986 1792 4055 ἔργῳ,
1823 3984 1856 4056 ἢ
1894 3985 2011 4049 τοῖς

424 4080 675 4151 ἀρχαίοις
691 4081 870 4153 μόνοις
890 4080 1329 4151 ἐπιφαινόμενον,
1354 4079 1447 4132 καὶ
1463 4078 1583 4147 οὐχὶ
1604 4079 1698 4130 καὶ
1726 4078 1879 4147 ἡμῖν,
1905 4076 2009 4140 τὰς

428 4173 711 4242 Γραφικάς
742 4173 871 4244 περὶ
906 4173 1041 4226 Θεοῦ
1076 4170 1384 4244 μαρτυρίας
1438 4169 1640 4235 ἄλλοις,
1675 4167 1707 4238 ἢ
1740 4167 1835 4221 καὶ
1896 4168 2008 4231 τοῖς

424 4265 673 4335 εἰρηκόσι
692 4266 1089 4335 προσάπτουσι,
1114 4264 1210 4321 καὶ
1240 4263 1420 4329 δόξαν,
1452 4261 1527 4326 ὦς
1552 4277 1684 4331 φησι
1703 4260 1831 4330 περὶ
1846 4257 2004 4325 Θεοῦ,

427 4359 830 4429 βλασφημοῦσι,
862 4360 963 4430 τὴν
1008 4358 1064 4412 δὲ
1106 4359 1453 4427 ἐπιγνώσεως
1504 4358 1673 4419 ὅντως
1725 4353 2009 4409 εὐσέϐειαν

2101 3175 2297 3228 deuti-as
2340 3171 2648 3240 spiritualia
2682 3170 3014 3230 meditantis,
3048 3166 3227 3221 facere
3276 3177 3329 3219 t-t
3366 3166 3678 3219 illuminare

2100 3274 2278 3336 potest
2305 3280 2399 3334 per
2436 3264 2578 3319 hanc
2607 3262 2951 3333 prudentiam
2981 3260 3167 3314 ﬁdeles
3203 3260 3501 3313 auditores.

2177 3443 2278 3496 155
2336 3438 2659 3495 Labelaetat
2690 3438 2918 3493 multum
2950 3439 3233 3492 veritatem
3266 3447 3321 3493 et
3350 3440 3597 3495 homines
3620 3442 3687 3496 ad

2103 3533 2394 3603 pernitiem
2430 3545 2577 3584 nunc
2640 3529 2802 3582 trahit
2855 3544 3029 3591 error,
3066 3546 3160 3597 per
3188 3544 3345 3597 quem
3385 3530 3686 3598 ignorantia

2103 3625 2399 3693 caliginosa
2445 3625 2495 3675 itt
2528 3620 2724 3674 animis
2760 3620 3079 3688 ignavorum
3128 3626 3336 3687 regnat,
3370 3634 3398 3671 a
3438 3620 3548 3673 Deo
3592 3637 3689 3675 eos

2103 3718 2448 3772 abalicnaus;
2482 3716 2571 3783 qni
2604 3712 2845 3782 quidem,
2884 3723 3136 3780 tauquam
3171 3714 3478 3765 nescientes
3509 3714 3689 3767 exsis-

2105 3821 2215 3864 tere
2244 3808 2411 3863 Deutn
2448 3806 2539 3877 qui
2574 3807 2721 3876 ipsos
2738 3805 2945 3859 creavit
2966 3810 3023 3859 et
3050 3804 3399 3871 illuminavit,
3437 3816 3529 3859 attt
3564 3822 3685 3858 eutn

2104 3904 2350 3957 dicentes
2374 3916 2523 3955 mera
2551 3908 2763 3955 tantum
2788 3896 3022 3964 ratione,
3047 3906 3105 3952 at
3126 3912 3230 3952 non
3256 3898 3517 3968 Opertbus
3538 3898 3687 3953 credi

2105 4006 2267 4064 atque
2305 3994 2581 4063 cognosci,
2636 4000 2730 4048 aut
2772 3994 3049 4047 veteribus
3094 4000 3328 4055 tantum,
3364 3993 3504 4045 haud
3563 4006 3689 4045 vero

2107 4088 2267 4142 nobis
2313 4086 2718 4140 manifestatum
2768 4100 2914 4148 esse,
2950 4084 3245 4154 Scriptura:
3276 4084 3345 4137 de
3380 4085 3489 4138 Deo
3533 4084 3688 4139 lesu-

2108 4181 2287 4234 monia
2320 4178 2441 4232 aliis
2470 4178 2792 4233 auctoribus
2839 4177 3172 4245 attribuunt,
3206 4192 3267 4231 ac
3305 4177 3533 4248 gloriaut
3568 4177 3684 4243 Dei,

2109 4287 2165 4326 ut
2196 4274 2267 4328 ita
2296 4274 2495 4336 uicani,
2530 4272 2929 4341 blasphemant,
2974 4280 3137 4340 atque
3171 4285 3356 4326 veram
3399 4270 3686 4324 scientiam

2112 4377 2478 4438 pietatemque
2509 4375 2823 4428 renuentes,
2848 4362 3207 4433 corporaliter
3229 4369 3467 4427 tantum,
3492 4374 3546 4416 ut
3576 4379 3683 4415 uuu

416 4462 859 4534 ἀπαρνούμενοι,
896 4460 992 4517 καὶ
1029 4462 1357 4533 σωματικῶς
1393 4460 1574 4532 μόνον,
1606 4458 1692 4512 ἵνα
1729 4460 1809 4531 μὴ
1866 4459 2002 4513 εἴπω

2112 4461 2287 4515 uicam
2316 4459 2551 4529 iudaice,
2579 4458 2897 4527 Srripturas
2929 4456 3138 4526 legunt,
3162 4465 3213 4511 et
3246 4464 3566 4525 praesentem
3603 4472 3689 4508 re-

430 4555 758 4619 Ἷουδαῖκῶς,
790 4555 887 4619 τὰς
914 4555 1137 4627 Γραφάς
1168 4554 1627 4621 ἀναγινώσκουσι,
1656 4551 1759 4624 τὴν
1789 4553 1880 4607 διὰ
1906 4553 2007 4622 τῆς

421 4648 768 4711 ἀναστάσεως
798 4646 897 4716 τῆς
927 4644 1106 4716 ψυχῆς
1132 4644 1382 4698 ἐντεῦθεν
1412 4643 1631 4714 ἔγερσιν
1650 4640 2003 4713 ἀπαρνούμε-

424 4757 523 4799 νοι,
559 4739 652 4791 καὶ
684 4738 960 4791 κατοικεῖν
994 4737 1053 4788 ἐν
1077 4735 1267 4803 τάφοις
1307 4732 1604 4802 ἀγνώστοις
1632 4731 2004 4802 ὲπιποθοῦσι)’

425 4826 493 4877 τά
525 4824 648 4895 τρία
680 4824 855 4878 ταῦτα
882 4824 1030 4893 παθη
1067 4824 1406 4893 ὑπάρχουσιν
1427 4840 1439 4853 ·
1465 4823 1716 4887 ἀπιστία,
1749 4822 2007 4891 πονηρία,

429 4919 522 4969 καὶ
574 4916 838 4988 ῥᾳθυμία.
886 4916 1160 4985 Ἀλλήλων
1205 4914 1262 4967 δέ
1290 4916 1397 4967 εἰσι
1428 4914 1725 4982 γεννητικὰ
1766 4914 1861 4968 καὶ
1895 4930 2013 4966 συν-

428 5010 623 5063 εκτικά
644 5027 657 5039 ·
685 5010 915 5063 ἀπιστία
940 5010 1071 5080 γὰρ,
1103 5007 1372 5079 πονηρίας
1394 5007 1713 5071 διδάσκαλος
1731 5022 1743 5036 ·
1776 5006 2029 5076 πονηρία,

428 5104 505 5164 δὲ,
549 5101 847 5172 σύντροφος
881 5101 1176 5174 ῥᾳθυμίας,
1218 5095 1286 5171 ἦς
1316 5102 1348 5171 ή
1373 5100 1605 5170 ὀκνηρία
1636 5098 1906 5170 σύμϐολον
1932 5116 1945 5129 ·
1977 5098 2011 5169 ἢ

430 5198 489 5245 τὸ
510 5195 798 5258 ἀνάπαλιν,
831 5194 1097 5265 ῥᾳθυμία,
1125 5194 1392 5263 πονηρίας
1415 5193 1729 5264 γεννήτρια,
1757 5193 1831 5255 th;
1851 5194 1879 5245 6
1907 5191 2014 5244 Κύ-

436 5305 549 5357 ριος
575 5287 808 5359 ἔφησεν·
848 5307 865 5341 ι
904 5288 1115 5358 Πονηρὲ
1159 5287 1315 5341 δοῦλε
1346 5287 1440 5340 καὶ
1467 5286 1691 5357 ὀκνηρέ.
1721 5306 1739 5337 ι
1776 5285 2017 5355 Πονηρία

431 5380 509 5444 δὲ,
552 5381 733 5450 μήτηρ
777 5380 1070 5443 ἀπιστίας’
1122 5380 1231 5442 πᾶς
1279 5378 1389 5449 γὰρ
1428 5378 1684 5448 πονηρὸς,
1712 5378 1962 5441 ἄπιστος,
1991 5379 2019 5430 6

433 5471 490 5521 δὲ
516 5470 590 5540 μὴ
626 5473 921 5535 πιστεύων,
955 5472 1050 5523 καὶ
1082 5469 1284 5537 ἄφοϐος
1317 5468 1459 5539 Θεῷ.
1503 5470 1592 5535 Ἐξ
1624 5464 1692 5539 ἧς
1716 5470 1748 5538 ἡ
1773 5468 2018 5539 ῥᾳθυμία

437 5563 717 5629 γεννᾶται,
754 5563 785 5632 ή
818 5563 1003 5633 μήτηρ
1049 5563 1149 5631 τῆς
1183 5562 1673 5632 καταφρονήσεως,
1702 5562 1767 5613 δι’
1791 5556 1860 5633 ἦς
1910 5562 2019 5614 πᾶν

438 5654 639 5717 ἀγαθὸν
660 5655 969 5724 ἀμελεῖται,
1003 5656 1098 5709 καὶ
1120 5656 1229 5708 πᾶν
1265 5655 1435 5708 κακὸν
1464 5654 1885 5723 διαπράττεται.

512 5746 652 5820 ρ),ς’.
708 5749 846 5815 Δόξα
887 5750 1012 5819 περὶ
1068 5748 1202 5802 Θεοῦ
1260 5748 1483 5819 ἀληθὴς,
1530 5748 1622 5801 καὶ
1672 5748 1871 5816 γνῶσις
1908 5746 2019 5801 τῶν

2113 4555 2427 4608 viviscentis
2457 4553 2650 4605 animae
2688 4563 2949 4619 negantes
2991 4552 3473 4616 resurrectionem,
3512 4550 3567 4604 itt
3604 4566 3689 4605 sc-

2114 4645 2317 4715 pulcris
2364 4644 2577 4713 inglorii
2625 4643 2876 4697 habitare
2919 4643 3171 4712 cupiunt.
3207 4642 3459 4696 Ert'oretn
3501 4643 3692 4695 subse-

2112 4744 2359 4805 qunutur
2404 4736 2505 4787 tria
2553 4734 2667 4787 haec
2710 4732 2841 4785 vitia
2890 4747 2910 4785 :
2956 4732 3333 4796 incredulitas,
3384 4732 3587 4785 malitia
3636 4743 3692 4787 ct

2113 4827 2349 4898 ignavia.
2385 4826 2511 4880 ΙΙωο
2539 4840 2599 4879 se
2632 4825 2861 4880 invicem
2894 4835 3163 4894 generant
3205 4833 3259 4879 et
3298 4834 3627 4879 conservant
3673 4844 3689 4885 ς

2114 4920 2464 4975 incredulitas
2492 4918 2635 4972 enitu
2662 4927 2744 4973 est
2769 4917 2989 4971 malitia:
3017 4916 3274 4985 magistra
3302 4934 3317 4982 ;
3354 4918 3559 4972 malitia
3596 4933 3693 4971 an-

2118 5028 2223 5069 tent
2254 5030 2439 5070 comes
2472 5013 2721 5083 ignaviae,
2758 5012 2915 5080 cujus
2949 5010 3167 5081 signum
3206 5020 3291 5067 est
3329 5012 3566 5081 pigritia,
3598 5022 3694 5065 aut

2114 5112 2232 5164 vice
2266 5124 2419 5163 versa
2468 5107 2683 5176 ignavia
2727 5112 2812 5159 est
2838 5104 3057 5159 malitia:
3095 5111 3291 5167 mater,
3326 5113 3386 5158 ut
3431 5102 3694 5157 Dominus

2111 5203 2241 5257 dicit
2274 5200 2491 5273 (Matth.
2530 5212 2660 5263 xxv,
2688 5196 2779 5263 26)
2801 5214 2847 5263 ,ι
2870 5196 3037 5252 Serve
3069 5196 3211 5251 male
3242 5206 3298 5250 et
3330 5196 3501 5264 piger.
3543 5214 3562 5246 ι
3588 5194 3695 5249 Ma-

2113 5296 2227 5351 litia
2275 5295 2401 5349 item
2444 5302 2530 5347 est
2574 5289 2980 5346 incredulitatis
3022 5302 3223 5358 parens
3263 5303 3281 5344 :
3324 5288 3507 5343 oumis
3548 5288 3693 5341 enim

2116 5386 2310 5450 malus.
2336 5385 2655 5439 incredulus
2678 5391 2795 5447 est;
2820 5389 2874 5436 et
2900 5382 2993 5451 qui
3023 5395 3128 5435 non
3159 5378 3358 5445 credit,
3389 5381 3556 5433 Deum
3588 5395 3693 5434 nee

2118 5480 2271 5533 timet
2303 5495 2318 5533 :
2349 5485 2403 5531 et
2428 5490 2492 5531 ex
2533 5476 2634 5531 hac
2655 5475 2899 5530 nascitur
2933 5474 3146 5545 ignavia
3176 5482 3350 5528 mater
3381 5472 3697 5541 despecuo-

2113 5574 2234 5639 nis,
2284 5586 2379 5642 per
2418 5583 2583 5639 quam
2628 5582 2792 5623 omne
2834 5567 3039 5623 bonum
3107 5564 3485 5632 committitur,
3533 5580 3697 5621 omne

2118 5665 2318 5721 malum
2354 5662 2651 5719 omittitur.

2190 5758 2311 5815 156.
2341 5758 2487 5814 Laus
2512 5754 2604 5813 Dei
2639 5770 2788 5824 vera,
2815 5765 2868 5812 et
2901 5752 3128 5812 scientia
3165 5768 3344 5810 rerum
3374 5762 3547 5818 certa,
3574 5763 3698 5820 pere.
