3994 6206
390 351 532 418 1305

1500 355 1594 414 DE
1641 358 1926 427 QUIETE
1970 361 2061 421 ΕΤ
2115 366 2532 431 ΟΙΜἹἸΟΧΕ.

3509 380 3643 442 13οῧ

387 481 418 549 ἦ
451 481 548 549 τῆς
576 479 663 548 def
692 479 895 551 ἐτέρων
925 481 1206 551 Πατέρων,
1242 475 1286 534 ὦ
1315 483 1642 553 σημε;οιρόρε
1681 484 1907 551 Λογγῖνε
1940 485 1953 538 l

2072 479 2296 535 aliorum
2323 481 2568 550 Patrum,
2602 501 2634 538 o
2667 487 2894 556 signifer
2934 487 3196 562 Longino,
3221 492 3313 547 sed
3349 493 3426 549 sic
3455 510 3575 550 esse
3611 515 3639 551 ιι

387 574 500 626 ἀλλ’
530 571 704 636 οὕτως
738 568 875 625 εἶναι
916 571 1305 636 θεοδιδάκτους.
1330 574 1582 628 Ἔσονται
1622 578 1751 645 γὰρ,
1804 578 1957 646 φησὶ,

387 667 588 726 πάντες
616 664 853 717 διδακτοὶ
883 664 1023 733 Θεῷ,
1053 664 1128 727 ὡς
1168 665 1227 730 ἐξ
1247 666 1409 719 αὐτοῦ
1439 668 1533 719 καὶ
1564 667 1633 720 δι’
1665 669 1830 721 αὑτοῦ
1870 686 1958 736 γι-

388 775 619 810 νωσκειν
647 774 704 809 τε
737 758 830 809 καὶ
877 757 1168 825 μανθάνειν
1208 759 1274 811 τά
1308 759 1674 829 συμφέροντα,
1705 761 1764 814 οὐ
1803 763 1961 831 μόνον

388 851 557 921 ἡμᾶς,
585 850 720 905 ἀλλὰ
743 849 838 902 καὶ
869 849 1084 903 ἅπαντα
1119 852 1208 902 τὸν
1243 851 1350 904 τῶν
1377 853 1584 904 πιστῶν
1610 853 1862 915 ἕκαστον,
1885 852 1960 916 ὡς

385 946 478 996 τὸν
511 945 674 1011 νόμον
711 945 804 995 τοῦ
859 944 1173 1011 ΙΙνεύματος
1224 947 1278 996 ἐν
1323 947 1438 1007 ταῖς
1489 946 1651 1009 πλαξὶ
1683 947 1790 998 τῶν
1823 964 1960 1016 καρ-

385 1037 514 1089 διῶν
546 1035 701 1104 ἡμῶν
731 1035 916 1105 φέρειν
964 1035 1439 1106 ἐγγεγραμμένον,
1468 1038 1560 1090 καὶ
1594 1037 1832 1106 ἀμέσως,
1865 1038 1960 1090 καὶ

384 1126 745 1198 χερουὸικῶς,
791 1126 851 1178 τὸ
899 1125 1172 1190 ἐξαίσιον,
1225 1129 1301 1197 τῷ
1364 1127 1536 1198 Ἰησοῦ
1581 1129 1666 1180 διὰ
1711 1130 1959 1200 καθαρᾶς

385 1222 692 1288 προσευχῆς
706 1218 1058 1289 προσομιλεῖν
1082 1220 1439 1290 ἠξιωμένους.
1459 1220 1675 1292 Ἐπειδὴ
1696 1221 1751 1273 δὲ
1773 1223 1957 1291 νήπιοι

386 1310 528 1364 κατά
559 1311 648 1364 τὸν
675 1311 865 1382 καιρὸν
912 1314 1010 1382 τῆς
1053 1311 1408 1374 ἁναπλάσεώς
1463 1313 1652 1382 ἐσμεν,
1692 1315 1826 1383 μήτε
1858 1315 1956 1384 τὴν

385 1407 545 1474 χάριν
581 1403 852 1468 νοοῦντες,
907 1406 1045 1473 μήτε
1098 1405 1196 1472 τὴν
1237 1406 1534 1474 καινότητα
1603 1407 1956 1478 συνορῶντες,

384 1498 707 1568 ἀγνοοῦντες
734 1497 790 1549 δὲ
845 1497 1044 1566 μᾶλλον
1085 1497 1145 1549 τὸ
1185 1497 1526 1568 ὑπερϐάλλον
1575 1500 1803 1568 μέγεθος
1858 1501 1957 1571 τῆς

383 1591 548 1661 τιμῆς
576 1607 634 1642 τε
666 1589 757 1642 καὶ
786 1589 942 1660 δόξης
970 1584 1036 1661 ἧς
1060 1590 1449 1660 μετελάόομεν,
1501 1593 1594 1644 καὶ
1637 1593 1718 1645 ὃτι
1755 1592 1957 1659 ὀφείλο-

387 1703 488 1755 μεν
516 1683 605 1736 διά
636 1683 743 1736 τῶν
775 1683 1004 1736 ἐντολῶν
1051 1683 1298 1754 ψυχικῶς
1329 1685 1424 1737 καὶ
1447 1686 1834 1752 πνευματικῶς
1859 1687 1952 1738 αύ-

386 1773 669 1846 ξηνθῆναι,
695 1775 788 1827 καὶ
810 1774 938 1827 ἰδεῖν
963 1776 1184 1845 νοερῶς,
1205 1776 1342 1844 ὅπερ
1367 1775 1653 1846 ἐλάϐομεν,
1680 1777 1953 1848 πίπτομεν

383 1865 471 1917 διὰ
494 1864 594 1934 τῆς
619 1860 880 1933 ἀμελείας
927 1863 1021 1916 καὶ
1049 1863 1470 1934 ἐμπαθεστάτης
1496 1865 1662 1932 ἕξεως
1690 1868 1768 1930 εἰς
1798 1868 1953 1921 ἀναι-

384 1955 616 2028 σθησίαν
637 1956 734 2009 καὶ
769 1955 1033 2010 σκότωσιν
1071 1958 1119 2010 οἱ
1161 1955 1385 2022 πολλοὶ,
1422 1959 1517 2010 καὶ
1571 1958 1690 2012 οὐδὲ
1737 1959 1786 2011 εί
1832 1959 1947 2013 ἐστι

371 2060 504 2123 Θεὸς
535 2058 898 2129 γινώσκομεν,
943 2057 1062 2111 οὐδὲ
1116 2056 1260 2120 τίνες
1308 2056 1494 2126 ἐσμὲν,
1545 2056 1578 2127 ἢ
1614 2059 1757 2110 ποῖοι
1791 2058 1952 2127 γεγό-

371 2168 566 2222 ναμεν,
617 2151 726 2205 υἱοὶ
773 2149 932 2214 Θεοῦ,
989 2149 1086 2204 καὶ
1119 2149 1224 2202 υἱοὶ
1254 2147 1468 2216 φωτὸς,
1519 2148 1614 2202 καὶ
1655 2148 1821 2202 τέκνα
1856 2151 1948 2205 καὶ

375 2247 512 2317 μέλη
542 2243 778 2316 Χριστοῦ
809 2243 1116 2313 γεγονότες.
1148 2243 1211 2297 Εἰ
1238 2242 1294 2296 δὲ
1322 2243 1418 2296 καὶ
1457 2241 1649 2314 ἄνδρες
1689 2243 1949 2312 βαπτιζό⁹

375 2338 537 2410 μεθα,
574 2337 714 2408 πλὴν
747 2335 862 2390 ἀλλ’
887 2337 945 2390 ἐν
969 2335 1119 2388 ὕδατι
1150 2335 1331 2405 μόνον,
1359 2336 1453 2388 καὶ⁸
1473 2335 1532 2388 ού
1559 2335 1836 2405 Πνεύματι
1864 2337 1947 2389 αίι-

375 2427 686 2499 σθανόμεθα
704 2441 719 2458 ⁰
755 2427 803 2479 εί
831 2425 886 2480 δὲ
911 2424 1005 2480 καὶ
1033 2425 1090 2478 ἐν
1135 2424 1412 2494 Πνεύματι
1446 2422 1943 2493 καινουργούμεθα,

373 2521 706 2589 πιστεύομεν
736 2518 824 2573 διὰ
871 2517 1036 2588 ψιλῆς
1074 2517 1311 2580 πίστεως
1339 2515 1440 2585 τῆς
1474 2517 1675 2586 νεκρᾶς
1709 2516 1804 2568 καὶ
1849 2516 1950 2566 οὐκ

374 2613 803 2684 ἐνεργουμένης,
837 2612 934 2665 καὶ
960 2612 1018 2663 ἐν
1051 2609 1274 2680 διψυχέᾳ
1306 2608 1551 2678 γίνεσθαι
1580 2608 1832 2677 λέγομεν,
1855 2606 1949 2660 καὶ

372 2708 548 2770 οὕτως
597 2705 923 2774 αὐτόχρημα
968 2703 1169 2772 σάρκες
1207 2702 1382 2763 ὄντες,
1433 2699 1708 2770 σαρκικῶς
1742 2696 1946 2766 ζῶμεν,

374 2797 476 2850 καὶ
499 2793 843 2865 πορευόμεθα
861 2807 875 2820 '
900 2791 947 2844 εί
978 2790 1034 2843 δὲ
1061 2792 1154 2842 κα)⁵
1181 2789 1606 2858 μετανοησομεν,
1622 2780 1949 2853 σωματικῶς

381 2889 562 2956 μόνον,
587 2887 683 2938 καὶ
715 2885 776 2936 ού
808 2881 1193 2951 πνευματικῶς
1220 2881 1317 2942 τὰς
1334 2878 1552 2940 ἐντολὰς
1577 2876 1837 2946 ποιοῦμεν
1861 2875 1948 2926 καὶ⁵

378 2980 753 3049 γινώσκομεν·
783 2979 832 3032 εί
861 2979 916 3030 δὲ
964 2976 1059 3030 καὶ
1090 2975 1178 3028 διὰ
1230 2974 1443 3028 πολλῶν
1488 2973 1672 3026 κόπων
1719 2973 1752 3040 ὴ
1793 2970 1952 3040 χάρις

380 3069 776 3142 φιλανθρώπως
803 3068 978 3130 ἐνίους
1031 3065 1329 3136 ἐμφανείας
1361 3063 1605 3130 ἀξιώσει,
1631 3062 1706 3125 ὡς
1737 3061 1954 3130 ἀπάτην

1985 1836 2026 1892 Β

2064 572 2171 626 Deo
2203 575 2396 632 doctos
2429 598 2446 628 ι
2483 580 2678 647 (Erunt
2711 583 2875 644 enim,
2911 583 3132 652 dicitur)
3157 601 3346 641 omnes
3377 589 3641 646 docibiles

2061 664 2153 720 Dei
2190 668 2226 730 ¹,
2255 688 2273 719 ι
2305 681 2357 722 ιιι
2381 671 2448 724 ab
2478 671 2593 740 ipso
2624 681 2676 725 et
2711 688 2802 740 per
2829 674 3004 742 ipsum
3023 691 3495 745 cognosceremus,
3528 699 3637 736 non

2060 761 2236 814 solum
2275 779 2390 826 nos,
2419 775 2469 815 at
2509 781 2954 837 uimmquemque
2987 770 3242 832 ﬁdelium,
3275 784 3442 842 utque
3467 775 3639 843 legem

2060 852 2289 918 Spiritus
2342 854 2394 906 in
2454 857 2650 910 tabulis
2710 860 2890 912 cordis
2922 863 3092 914 nostri
3133 862 3404 917 ferremus
3445 867 3641 920 iusch

2058 955 2228 1013 ptam,
2261 957 2311 1000 et
2345 947 2657 1003 immediate
2697 967 2759 1006 ac
2789 953 3105 1007 felicissimo
3147 957 3437 1010 Cherubim
3489 975 3640 1013 more

2058 1054 2180 1093 cum
2235 1037 2362 1095 Jesu
2419 1059 2514 1110 per
2569 1046 2915 1112 puriSsimam
2963 1051 3266 1103 orationem
3325 1055 3636 1107 conversari

2059 1147 2419 1188 mererentur.
2455 1136 2722 1199 Quoniam
2775 1151 2954 1193 autem
3010 1141 3248 1195 infantes
3284 1159 3474 1196 sumus
3513 1160 3635 1198 cum

2059 1229 2462 1290 regene‘ranmr,
2493 1241 2589 1278 nec
2614 1228 2839 1295 gratiam
2876 1231 3242 1300 intelligimus,
3268 1248 3366 1286 nee
3397 1234 3637 1300 concipi-

2060 1329 2180 1367 mus
2237 1317 2668 1380 renovationem,
2734 1321 2824 1372 sed
2890 1323 3072 1389 potius
3137 1326 3633 1390 superemineutem

2058 1405 2373 1473 ignoramus
2408 1409 2834 1477 magnitudinem
2863 1413 3140 1478 dignitatis
3169 1429 3232 1468 ac
3263 1416 3442 1481 gloria:
3472 1431 3632 1481 quam

2056 1498 2235 1550 sortiti
2269 1515 2478 1561 sumus,
2512 1513 2564 1555 et
2597 1504 2869 1556 uesrimus
2901 1521 3001 1559 nos
3023 1507 3226 1562 debere
3254 1524 3350 1576 per
3383 1511 3632 1561 mandata

2057 1603 2306 1644 crescere
2337 1593 2519 1646 anima
2568 1604 2622 1648 et
2663 1597 2880 1663 spiritu,
2911 1607 2966 1651 et
3014 1599 3294 1652 intellectu
3328 1601 3638 1668 perspicere

2057 1683 2198 1750 quod
2245 1686 2592 1754 aCCepimus;
2640 1688 2760 1740 ideo
2800 1689 3043 1758 plerique
3072 1690 3379 1744 delabimur
3419 1707 3512 1759 per
3543 1709 3638 1746 ne-

2056 1774 2368 1842 gligentiam
2407 1789 2460 1830 rt
2490 1778 2743 1832 vitiorum
2779 1781 3020 1833 habitum
3061 1781 3113 1835 in
3154 1783 3318 1836 animi
3353 1794 3636 1852 stuporem

2056 1875 2112 1917 et
2143 1865 2589 1931 obcaecationem,
2624 1886 2721 1924 nec.
2751 1872 2864 1940 jam
2896 1873 3152 1928 novimus
3184 1890 3250 1927 an
3278 1875 3349 1929 sit
3379 1875 3549 1941 Deus,
3582 1887 3637 1929 et

2057 1959 2181 2029 quid
2216 1970 2311 2014 aut
2334 1961 2517 2029 quales
2541 1962 2713 2017 siutus
2740 1977 2860 2028 nos,
2883 1966 2974 2032 qui
3012 1964 3104 2018 lilii
3137 1964 3234 2019 Dei
3266 1977 3322 2020 et
3351 1965 3441 2019 lilii
3474 1966 3636 2032 locis,

2056 2061 2110 2104 et
2142 2052 2232 2106 lilii
2256 2068 2318 2108 ac
2349 2054 2589 2108 membra
2618 2055 2818 2110 Christi
2856 2055 2982 2110 facti
3017 2072 3230 2113 smnus.
3263 2057 3416 2122 Quod
3451 2058 3495 2110 si
3517 2042 3638 2126 jam

2057 2143 2156 2196 viri
2189 2145 2547 2223 baptizenmr,
2573 2147 2744 2201 solam
2780 2156 2962 2202 tamen
2995 2163 3215 2217 aquam,
3242 2163 3348 2203 non
3379 2147 3637 2217 spiritum

2057 2238 2362 2302 sentimus;
2385 2249 2438 2290 et
2465 2239 2718 2306 quamvis
2749 2240 2944 2309 spiritu
2977 2255 3324 2308 renovemur,
3363 2243 3638 2298 credimus

2058 2327 2161 2381 ﬁde
2193 2337 2400 2382 tantum
2430 2340 2667 2397 mortua,
2694 2347 2796 2385 non
2823 2333 3078 2400 operibus
3115 2334 3267 2399 viva,
3313 2345 3366 2388 et
3401 2335 3454 2388 in
3484 2335 3641 2388 dubi-

2061 2421 2270 2474 talione
2301 2439 2406 2476 non
2436 2438 2558 2478 esse
2581 2424 2839 2491 dicimus,
2869 2436 2923 2480 et
2954 2427 3034 2480 sic
3071 2440 3198 2482 vere
3237 2426 3490 2481 carnales
3517 2441 3640 2480 car-

2060 2513 2258 2567 naliter
2307 2516 2541 2568 vivimus
2573 2523 2629 2569 et
2682 2532 2996 2586 operantur.
3031 2517 3166 2572 Etsi
3224 2519 3636 2587 resipiscamus,

2059 2606 2358 2661 carnaliter
2408 2617 2642 2673 tantum,
2686 2625 2790 2664 non
2845 2609 3166 2679 spiritaliter
3209 2611 3460 2664 mandata
3501 2609 3637 2663 faci-

2061 2712 2180 2752 mus
2224 2706 2279 2752 et
2325 2699 2734 2768 cognoscinms.
2793 2700 2857 2755 Et
2901 2701 2944 2755 si
2997 2713 3124 2770 post
3174 2701 3376 2757 multos
3423 2701 3643 2756 labores

2060 2788 2237 2859 gratia
2269 2791 2563 2843 nonnullos
2595 2791 2928 2846 revelatioue
2952 2791 3229 2860 dignetur,
3265 2793 3405 2846 hanc
3434 2804 3491 2845 ut
3520 2793 3642 2847 illuo

2060 2879 2271 2934 sionem
2303 2881 2624 2949 accipimus.
2663 2882 2724 2934 Et
2776 2883 2820 2937 si
2867 2882 2934 2935 ab
2966 2882 3088 2937 aliis
3117 2885 3407 2938 audiamus
3450 2884 3642 2951 hujus-

2062 2973 2207 3026 modi
2243 2975 2641 3043 operationem,
2671 2991 2788 3028 eam
2810 2986 2867 3029 ut
2895 2978 3269 3046 deceptionem
3300 2991 3412 3045 prae
3436 2975 3642 3030 invidia

2063 3065 2417 3118 arbitramur.
2485 3064 2554 3119 Et
2600 3068 2670 3118 ita
2735 3082 3079 3120 remanemus
3131 3066 3416 3120 exanimes
3470 3079 3644 3134 usque

378 3165 550 3232 αὐτὴν
598 3160 898 3232 δεχόμεθα⁶
941 3161 990 3212 εἰ
1020 3157 1078 3211 δὲ
1105 3158 1198 3210 καὶ
1225 3155 1355 3226 παρ’
1403 3155 1607 3224 ἐτέρων
1637 3151 1841 3222 ταύτην
1871 3153 1955 3206 ἐν·

2072 3157 2128 3209 ad
2159 3164 2411 3220 mortem,
2444 3157 2496 3209 in
2524 3157 2743 3211 Christo
2772 3173 2878 3211 non
2912 3161 3153 3212 viventes
3191 3171 3292 3211 nec
3322 3165 3642 3224 Operanles;

380 3275 404 3309 ε
415 3257 650 3326 ργοῦσαν
676 3253 1019 3322 ἀκούσωμεν,
1079 3250 1154 3312 ὡς
1184 3249 1393 3316 πλάνην
1423 3246 1594 3316 αὐτὴν
1623 3245 1713 3299 διὰ
1759 3244 1954 3315 φθόνον

383 3345 735 3417 λογιζόμεθα,
755 3345 852 3398 καὶ
873 3342 1017 3396 οῦτω
1043 3341 1278 3413 μένομεν
1301 3339 1486 3408 νεκροὶ
1512 3337 1672 3408 μέχρι
1699 3336 1954 3400 θανάτου,

389 3441 464 3510 μὴ
496 3439 554 3490 ἐν
580 3433 802 3508 Χριστῷ
825 3433 1025 3499 ζῶντες
1060 3430 1156 3485 καὶ
1187 3428 1568 3500 ὲνεργούμενοι
1592 3467 1607 3490 ,
1658 3428 1753 3481 καὶ
1781 3427 1808 3479 ὃ
1838 3426 1958 3496 ἐχο-

389 3546 510 3599 μεν,
539 3526 682 3580 κατά
723 3525 820 3594 τὴν
847 3523 1092 3594 Γραφὴν,
1119 3523 1176 3572 ἐν
1215 3519 1292 3591 τῷ
1333 3517 1509 3588 καιρῷ
1549 3519 1650 3586 τῆς
1691 3517 1893 3582 ἐξςδου,
1925 3516 1956 3586 ἢ

384 3623 646 3690 κρίσεως,
670 3618 737 3672 δι’
768 3616 1047 3680 ἀπιστίας,
1081 3613 1115 3684 ἦ
1146 3611 1510 3681 ἀπογνώσεως
1537 3609 1832 3679 ἀρθήσεται
1867 3607 1958 3674 ἀφ’

385 3712 566 3781 ἡμῶν,
611 3711 686 3782 μὴ
721 3709 968 3772 νοοῦντες
996 3708 1078 3762 ὅτι
1109 3706 1250 3760 κατὰ
1280 3704 1372 3758 τὸν
1407 3702 1619 3770 πατέρα
1676 3699 1782 3770 χρὴ
1821 3695 1960 3750 εἷναι

389 3803 575 3857 καὶτὰ
604 3803 768 3855 τέκνα
792 3839 807 3865 ,
841 3801 997 3863 θεοὺς
1027 3798 1091 3851 ὲκ
1126 3795 1286 3861 Θεοῦ,
1334 3795 1426 3848 καὶ
1457 3789 1862 3860 πνευματικοὺς
1898 3787 1961 3840 ἐκ

388 3897 725 3966 Πνεύματος.
761 3895 834 3947 Τὸ
860 3889 1280 3962 γεγεννημένον,
1315 3887 1470 3957 φησι,
1500 3887 1562 3937 ἐκ
1591 3882 1684 3936 τοῦ
1710 3880 1961 3948 Πνεύμα-

387 4009 502 4052 τος,
544 3987 766 4059 πνεῦμά
813 3988 960 4040 ἐστιν
984 4001 997 4014 ο
1027 3985 1188 4055 ἡμεῖς
1213 3981 1270 4034 δὲ
1316 3981 1522 4050 σάρκες
1573 3975 1761 4046 ἐσμὲν,
1791 3974 1840 4026 εἰ
1867 3988 1963 4025 και

389 4082 571 4136 πιστοὶ
619 4079 712 4136 καὶ
763 4078 1074 4149 ἐπουράνιοι
1127 4073 1432 4142 γεγόναμεν
1463 4111 1478 4135 ,
1519 4067 1614 4121 καὶ
1649 4065 1710 4119 τὸ
1738 4063 1964 4134 Πνεῦμα

390 4178 476 4230 διὰ
500 4174 658 4228 τοῦτο
687 4172 780 4224 τοῦ
807 4169 938 4224 Θεοῦ
974 4169 1075 4221 οὐκ
1101 4165 1329 4237 ἐμμένει
1363 4163 1422 4214 ὲν
1451 4162 1605 4231 ἡμῖν,
1633 4158 1728 4212 καὶ
1770 4155 1963 4210 τούτου

2067 3254 2122 3299 et
2163 3245 2306 3314 quod
2356 3245 2647 3308 habemus,
2685 3258 2744 3300 ut
2796 3249 2872 3300 ait
2904 3247 3213 3315 Scriptura,
3248 3246 3299 3299 iu
3338 3246 3425 3299 die
3463 3243 3644 3298 exitus

2069 3347 2161 3389 aut
2198 3336 2415 3403 judicii,
2477 3347 2698 3407 propter
2747 3339 3190 3393 incredulitatem
3247 3348 3340 3391 aut
3385 3341 3641 3406 despera-

2068 3431 2291 3494 tionem,
2344 3429 2626 3484 auferetur
2683 3449 2708 3483 a
2763 3431 2943 3494 nobis,
2990 3432 3116 3501 quia
3177 3445 3286 3484 non
3343 3429 3644 3499 cogitamus

2068 3522 2206 3573 ﬁlios
2231 3521 2370 3589 patri
2408 3520 2618 3574 similes
2649 3536 2770 3574 esse
2807 3522 3025 3586 debere,
3059 3523 3191 3576 deos
3222 3523 3288 3574 de
3310 3521 3444 3582 Deo,
3483 3519 3648 3590 spiri-

2069 3608 2241 3662 tu;;les
2295 3609 2360 3662 de
2397 3610 2615 3677 spiritu.
2660 3629 2678 3661 ι
2730 3612 2883 3675 Quod
2934 3623 3118 3665 natum
3168 3621 3253 3667 est
3307 3627 3373 3665 ex
3422 3611 3643 3679 spiritu,

2067 3699 2286 3762 dicitur,
2317 3701 2547 3768 spiritus
2573 3712 2654 3754 est
2693 3701 2738 3766 ’;
2777 3719 2794 3752 ι
2837 3716 2939 3756 nos
2979 3718 3108 3756 vero
3137 3703 3384 3756 carnales
3430 3717 3644 3766 sumus,

2068 3793 2316 3859 quamvis
2357 3792 2542 3846 lldeles
2576 3793 2936 3862 cmlestesque
2980 3793 3132 3857 facti,
3165 3804 3219 3849 et
3251 3795 3371 3849 ideo
3402 3794 3641 3863 Spiritus

2070 3882 2162 3937 Dei
2198 3902 2298 3936 non
2325 3897 2508 3940 manet
2538 3887 2589 3939 in
2625 3885 2802 3952 nobis,
2838 3896 2892 3940 et
2921 3897 3204 3956 pr0pterea
3235 3902 3332 3941 nos
3358 3887 3647 3956 direptioni

2068 3985 2124 4030 et
2165 3977 2411 4031 servituti
2456 3977 2680 4032 tradidit
2711 3979 2990 4042 Dominus,
3024 3992 3074 4032 et
3122 3989 3335 4050 strages
3378 3979 3646 4047 multipli-

2070 4067 2232 4135 Cavit,
2263 4067 2444 4122 forsan
2474 4069 2770 4139 corrigere,
2796 4071 3102 4141 exsrirpare
3130 4082 3184 4125 et
3216 4086 3414 4127 sanare
3460 4071 3648 4127 volens

2073 4159 2467 4215 valentioribus
2498 4161 2756 4216 remediis
2790 4161 3012 4219 malum.

420 4260 589 4315 ῑνεκα
617 4252 907 4327 παρέδωκε
939 4251 1148 4322 Κύριος
1177 4250 1276 4312 τὰς
1319 4245 1620 4313 ἐπαγωγὰς
1653 4243 1749 4295 καὶ
1793 4243 1892 4303 τὰς
1925 4243 2328 4311 αἱχμαλωσίαέ,
2377 4244 2472 4293 καὶ
2504 4240 2721 4308 σφαγὰς
2752 4240 3074 4312 ἐπλήθυνεν,
3114 4243 3244 4310 ἴσως
3265 4245 3582 4317 διορθῶσαι,
3617 4245 3654 4316 ἢ

420 4353 680 4422 ἐκκόψαι,
713 4347 746 4420 ἢ
781 4345 957 4401 σῶσαι
985 4343 1075 4398 διὰ
1107 4340 1420 4412 φαρμάκων
1456 4333 1821 4408 ἰσχυροτέρων
1859 4333 2180 4405 βουλόμενος
2216 4335 2313 4406 τὴν
2342 4331 2566 4387 κακίαν.

479 4467 548 4535 β’.
581 4462 693 4518 Καὶ
739 4461 954 4532 πρῶτον
1007 4455 1106 4527 μὲν
1140 4455 1335 4515 εἰπεῖν,
1363 4448 1514 4517 ¹Θεοῦ
1557 4445 1791 4535 διδόντος
1831 4443 1984 4513 ῥῆμα

2171 4435 2228 4489 2.
2277 4435 2340 4490 Ει
2374 4439 2602 4506 primum
2633 4437 2852 4506 quidem
2895 4438 3182 4492 dicendum
3222 4445 3328 4501 est,
3366 4439 3473 4491 Deo
3508 4437 3672 4492 dante

407 4528 523 4620 τοίς
551 4528 1059 4623 εὐαγγελ-ιζομένοις
1087 4543 1266 4614 ἀγαθά
1291 4540 1539 4606 τοιαῦτα,
1569 4537 1688 4602 πῶς
1713 4533 1850 4607 εὕρῃ
1878 4549 1962 4594 τις

2095 4528 2319 4583 verbum
2344 4531 2842 4600 evatigelizantibus
2868 4530 3175 4599 hujusmodi
3210 4531 3372 4594 booa,
3399 4531 3672 4597 quomodo

415 4652 616 4722 μᾶλλον
637 4647 694 4701 δὲ
725 4645 956 4717 εὓρηται
998 4643 1167 4710 ὅνπερ
1200 4637 1334 4708 ἔχει,
1359 4635 1392 4706 ἢ
1418 4634 1608 4722 εἴληφε
1637 4627 1874 4722 Χριστὸν
1895 4625 1987 4722 διὰ

411 4715 506 4794 τού
535 4715 907 4810 βαπτίσματος
934 4732 991 4784 ἐν
1028 4728 1341 4799 Πνεύματι;
1370 4723 1515 4779 κατά
1552 4721 1646 4775 τὸν
1689 4715 1989 4775 ἀπόστολον

414 4809 646 4889 Παῦλον,
672 4827 755 4879 ὅτι
781 4823 943 4890 «ξούκ
973 4821 1150 4874 οἴδατε
1177 4819 1260 4872 ὅτι
1287 4814 1516 4888 Χριστὸς
1545 4809 1750 4882 Ἰησοῦς
1771 4810 1912 4863 οἰκεῖ
1931 4810 1990 4862 ἐν

411 4924 533 4982 ταῖς
563 4917 815 4988 καρδίαις
838 4912 1018 4983 ἡμῶν,
1044 4929 1062 4963 ι
1101 4908 1264 4979 φησίν
1284 4924 1298 4941 ο
1332 4907 1526 4960 ἔπειτα
1553 4904 1636 4966 δὲ,
1657 4902 1752 4957 καὶ
1783 4900 1845 4954 τὸ
1871 4898 1990 4962 πῶς

413 5009 702 5080 προκόψει,
738 5001 840 5059 εἶθ’
865 5003 1039 5065 οὕτως
1081 5000 1176 5054 καὶ
1221 4997 1339 5059 πῶς
1377 4995 1604 5064 φυλάξει
1633 4992 1694 5046 τὸ
1733 4988 1986 5080 εύρεθένζ

413 5076 635 5172 ἄριστος
664 5100 773 5172 γὰρ
801 5099 893 5152 καὶ
922 5094 1183 5164 σύντομος
1215 5089 1439 5160 τρόπος,
1465 5086 1535 5140 τὰ
1557 5086 1704 5155 ἄκρα
1735 5081 1871 5152 μετὰ
1893 5076 1989 5132 τοῦ

419 5171 589 5265 μέσον
625 5193 909 5262 συντόμως
932 5189 1127 5251 εἰπεῖν,
1167 5183 1336 5240 πολὺν
1367 5179 1558 5250 ἔχοντα
1596 5174 1816 5236 πλάτος.
1847 5171 1989 5226 Διότι

416 5289 604 5345 πολλοὶ
641 5289 740 5358 μὲν
768 5287 859 5339 τὸν
888 5283 1074 5351 ἀγῶνα
1103 5281 1263 5352 μέχρι
1292 5277 1384 5332 τοῦ
1412 5275 1594 5345 εὑρεῖν
1632 5271 1695 5324 τὸ
1721 5267 1992 5339 ζητούμε-

413 5401 505 5434 νον
531 5377 890 5450 ἠγωνίσαντο,
919 5374 1015 5426 καὶ
1046 5372 1281 5441 ἔστησαν
1312 5367 1410 5439 τὴν
1436 5366 1623 5436 ἔφεσιν
1639 5362 1746 5424 ἕως
1766 5360 1988 5450 τούτουο

363 5455 376 5470 δ
417 5447 730 5539 περαιτέρω
757 5465 812 5518 δὲ
835 5464 895 5516 ού
927 5460 1314 5532 προϐαίνουσιν
1338 5497 1354 5523 ,
1403 5455 1525 5509 οὐδὲ
1565 5451 1720 5524 μέλει
1757 5447 1990 5509 τούτοις,

423 5537 756 5631 ἀρκούμενοι
787 5556 946 5626 μόνον
974 5554 1052 5616 είς
1090 5550 1188 5621 τὴν
1215 5547 1412 5620 ἀρχὴν,
1451 5547 1518 5616 ἢν
1559 5537 1741 5614 εὗρον,
1767 5537 1993 5609 ἐμποδι-

425 5653 646 5714 σθέντες
692 5648 749 5701 δὲ
783 5647 875 5700 καὶ
922 5642 1229 5714 λεληθότως
1283 5639 1452 5693 δίοδον
1499 5637 1753 5708 ἄραντες,
1788 5632 1993 5687 οἴονται

511 5843 519 5864 ¹
569 5837 825 5904 Joan.v1,
854 5839 941 5893 45.
1025 5841 1221 5895 'Joan.
1259 5853 1341 5902 nl,
1384 5835 1434 5889 ὑ.

2093 4622 2217 4690 quis
2265 4624 2521 4692 reperiat,
2561 4623 2642 4678 vel
2676 4624 2854 4693 potius
2886 4634 3169 4692 recuperct
3193 4638 3352 4691 quem
3387 4623 3549 4678 habet
3585 4621 3674 4676 Vel

2094 4714 2306 4782 accepit
2342 4714 2619 4767 Christum
2671 4729 2770 4782 per
2801 4715 3070 4782 baptisma
3128 4715 3181 4767 in
3233 4714 3466 4782 Spiritu,
3516 4715 3672 4783 juxta

2095 4801 2320 4858 Paulum
2366 4803 2670 4871 apostolum
2718 4804 2989 4857 dicentem
3027 4807 3097 4856 εἰ
3139 4804 3221 4856 An
3268 4805 3495 4858 nescitis
3535 4819 3674 4872 quo-

2096 4899 2240 4951 niam
2265 4895 2512 4951 Christus
2535 4895 2691 4951 .lesus
2726 4898 2933 4951 habitat
2959 4897 3011 4950 in
3039 4895 3300 4952 cordibus
3333 4899 3537 4953 nostris
3559 4898 3620 4953 '1’
3647 4917 3666 4951 ι

2096 4988 2175 5043 Ac
2217 4987 2434 5048 deinde,
2468 4987 2740 5057 quomodo
2776 4989 2898 5057 quis
2945 4988 3218 5057 proficiat,
3252 5004 3346 5043 seu
3397 4996 3673 5060 quomodo

2099 5087 2378 5151 repertum
2401 5083 2670 5136 custodiat
2699 5097 2714 5137 :
2743 5083 2982 5152 optimus
3004 5085 3147 5137 enim
3173 5093 3229 5136 et
3251 5083 3431 5138 brevis
3457 5085 3674 5150 modus,

2099 5184 2343 5230 extrema
2395 5189 2519 5230 eum
2575 5175 2752 5229 medio
2801 5175 3119 5230 summatim
3166 5177 3370 5244 dicere,
3422 5179 3676 5248 quamvis

2103 5268 2322 5322 nmltam
2385 5267 2620 5321 habeant
2673 5267 3030 5322 latitudinem.
3068 5268 3195 5324 Ideo
3249 5270 3403 5324 multi
3453 5271 3673 5340 quidem

2101 5370 2382 5413 cert..nn-n
2420 5368 2632 5410 certant
2663 5359 2961 5427 usquedum
3009 5360 3319 5414 invenerint
3359 5363 3675 5430 qumsitutn,

2102 5464 2150 5506 et
2222 5454 2487 5504 liaczenus
2541 5450 2867 5505 desiderium
2924 5453 3146 5517 sistunt,
3194 5453 3333 5508 ultra
3399 5469 3528 5510 vero
3572 5472 3678 5510 nou

2104 5545 2418 5614 procedunt,
2458 5557 2557 5597 nec
2586 5545 2667 5598 eis
2699 5560 2828 5596 cura
2853 5556 2954 5610 est,
2987 5555 3040 5598 et
3069 5547 3299 5613 ingressi
3329 5557 3537 5601 tantum
3581 5548 3683 5602 via

2107 5646 2332 5706 repertae
2384 5636 2625 5701 initium,
2699 5639 3091 5706 impelimeuto
3152 5640 3444 5697 transitum
3493 5640 3684 5698 insciis

1516 5833 1531 5860 ³
1557 5834 1574 5888 l
1605 5833 1731 5888 Cor.
1765 5847 1838 5898 vr,
1891 5829 1981 5894 l5;
2021 5823 2220 5896 Ephcs.
2249 5841 2330 5895 tu,
2361 5825 2442 5880 l7.
