3994 6206
370 453 505 519 139.1

1021 452 1118 509 DE
1152 450 1642 517 QUIETUDINE
1692 452 1786 508 ET
1841 447 2148 506 DUOBUS
2186 445 2612 506 ORATIONIS
2662 434 2927 501 MODIS.

3484 434 3617 496 1322

367 568 573 612 στασις.
611 569 631 600 ι
687 548 946 617 Μοιχεύει
984 548 1091 615 γὰρ
1129 546 1236 599 τῶν
1271 548 1528 600 ’τοιούτων
1567 549 1594 598 ὁ
1625 548 1767 612 νοῦς,
1801 550 1928 600 ὅταν

2044 566 2230 608 i-ttatnr
2269 557 2470 622 quippe
2533 552 2840 618 huiusmodi
2901 563 3136 609 lltt‘llS,a
3200 546 3293 601 Dei
3355 549 3614 601 memoria

365 646 572 712 ἀποστῇ
599 648 697 710 τῆς
729 642 821 693 τοῦ
852 639 985 692 Θεοῦ
1023 640 1261 710 μνήμης,
1292 641 1366 703 ὡς
1405 642 1510 693 ἀπὸ
1541 642 1797 712 νυμφίου.
1824 642 1930 692 Καὶ

365 734 422 784 ὲν
441 731 741 799 ἐλαχίστοις
773 731 1088 798 πράγμασιν
1112 729 1384 796 ἐρωτικῶς
1406 728 1604 797 ἔχεται.
1624 731 1696 782 Τὸ
1723 730 1931 795 διδάξαι

365 826 421 877 δὲ
449 825 539 877 καὶ
569 825 774 893 ἑτέροις
815 821 912 891 τὴν
963 821 1130 890 αὐτὴν
1154 821 1327 886 τάξιν,
1371 822 1469 873 οῦκ
1499 824 1557 874 ὲν
1595 822 1757 876 πᾶσιν
1788 821 1932 875 ἐνδέ-

365 929 536 980 χεται.
573 912 696 972 Τοῖς
729 910 826 978 μὲν
861 911 1097 972 ἰδιώταις
1130 911 1388 978 ὑπηκόοις
1427 910 1544 963 οὖσι
1596 914 1690 962 καὶ
1719 914 1932 981 ἀγραμ-

371 1003 579 1072 μάτοις,
613 1001 732 1052 ναί·
763 1001 949 1070 διότιή
978 1002 1194 1070 ὑπακοὴ
1222 1003 1285 1052 ἐκ
1338 1002 1516 1072 πάσης
1544 1003 1743 1071 ἀρετῆς
1805 1019 1933 1069 μετ-

367 1092 609 1162 έχει,ζδιά
635 1093 734 1162 τῆς
754 1092 1157 1156 ταπεινώσεως.
1192 1093 1608 1155 Ἀνυποτάκτοις
1638 1094 1693 1145 δὲ
1718 1094 1778 1145 οὐ
1796 1094 1934 1146 δίδο-

367 1202 480 1249 ται,
511 1185 594 1236 ἵνα
628 1185 701 1254 μὴ
725 1184 1069 1253 πλανηθῶσιν
1123 1185 1388 1256 εὐχερῶς,
1420 1185 1523 1238 κᾶν
1569 1185 1795 1246 ἰδιῶται,
1831 1183 1936 1238 κᾶν

369 1277 658 1340 γνωστικοὶ
675 1271 775 1327 ὦσι
795 1292 809 1306 ·
839 1275 973 1329 διότι
1005 1278 1032 1328 6
1059 1277 1408 1345 αὐτόστοιχος
1436 1277 1498 1329 οὐ
1527 1276 1748 1330 δύναται
1768 1277 1935 1343 ἐκφυ-

291 1388 294 1392 ·
369 1373 484 1437 γεῖν
508 1369 604 1439 τὴν
628 1370 824 1438 οἴησιν,
859 1368 926 1420 δι’
947 1362 1014 1438 ἧς
1127 1367 1300 1437 πλάνη
1351 1367 1735 1420 ἐπακολουθεῖν
1759 1367 1936 1434 πέιςυ-

371 1478 486 1526 κεν,
510 1461 581 1519 ὥς
623 1477 785 1528 φησιν
832 1462 859 1512 ὁ
888 1460 1042 1526 ἅγιος
1095 1459 1296 1512 Ἰσαάκ.
1322 1459 1476 1518 Τινὲς
1501 1458 1556 1509 δὲ
1589 1458 1662 1526 μὴ
1693 1457 1935 1510 ἐννοοῦν-

370 1566 460 1611 τες
497 1549 596 1617 τὴν
634 1550 930 1618 μέλλουσαν
967 1548 1192 1617 βλάϐην,
1236 1548 1372 1616 πρὸς
1401 1548 1462 1599 τὸ
1493 1548 1776 1614 συνηθίσαι
1803 1551 1936 1614 φασὶ

369 1642 464 1693 καὶ
492 1641 775 1709 ἀγαπῆσαι
805 1640 892 1692 τὸν
925 1640 1050 1693 νοῦν
1077 1641 1176 1710 τὴν
1211 1639 1304 1692 τοῦ
1357 1639 1490 1691 Θεοῦ
1547 1640 1786 1708 μνήμην,
1825 1641 1937 1698 τοῖς

370 1731 592 1802 τυχοῦσι
646 1731 850 1800 ταύτην
887 1730 1057 1800 μόνην
1109 1731 1352 1797 ἐνεργεῖν
1381 1731 1756 1782 διδάσκουσιν·
1801 1730 1936 1798 ὅπερ

369 1818 470 1868 οῦκ
501 1817 794 1886 ἐνδέχεται,
839 1819 934 1870 καὶ
971 1818 1206 1886 μάλιστα
1239 1819 1605 1890 ίδιορῤῦθμοις
1641 1815 1780 1872 οὖσι.
1817 1821 1938 1870 Ἔτι

2034 646 2192 714 quasi
2231 663 2257 700 ιι
2293 661 2492 711 sponso
2526 642 2828 700 discedi-ns,
2861 637 3134 692 etinfimis
3165 637 3326 690 rebus
3371 651 3612 689 amorem

2036 743 2394 806 prestituens.
2459 737 2600 788 Idem
2655 741 2830 784 autem
2873 732 3006 782 ordo
3063 729 3182 781 aliis
3223 727 3436 781 suaderi
3505 741 3612 779 nou

2034 829 2288 882 omnibus
2325 834 2521 895 potest.
2583 821 2976 878 Obedientibus
3022 820 3236 888 quidem
3293 819 3496 886 ignaris
3558 830 3615 872 tt

2033 920 2334 973 iilitteratis
2367 926 2564 985 potest,
2598 916 2720 982 quia
2752 913 3061 968 obedientia
3096 925 3314 964 omnem
3350 910 3611 962 virtutem

2037 1029 2133 1082 per
2187 1011 2544 1066 humilitatem
2609 1006 2922 1075 participat.
2982 1001 3192 1056 Liberis
3240 1011 3442 1060 autem,
3499 998 3614 1052 sive

2034 1103 2232 1172 ignari,
2275 1103 2392 1155 sive
2417 1099 2564 1152 docti
2608 1098 2738 1161 sint,
2795 1111 2902 1149 non
2957 1094 3293 1152 conceditur,
3354 1104 3424 1142 ne
3454 1089 3614 1142 facile

2033 1202 2239 1257 errent,
2292 1191 2419 1257 quia
2453 1204 2700 1242 seorsum
2755 1186 3024 1239 meditans
3049 1199 3154 1236 nou
3217 1191 3392 1249 potest
3445 1181 3616 1234 vitare

2035 1282 2536 1350 praesumptionem,
2602 1279 2746 1332 unde
2798 1277 2950 1346 sequi
3004 1277 3139 1330 solet
3195 1288 3370 1337 error,
3427 1283 3486 1324 ut
3540 1273 3616 1324 ait

2037 1385 2264 1426 sanctus
2303 1371 2472 1424 Isaae.
2514 1368 2744 1433 Quidam
2775 1382 2932 1430 vero,
2985 1382 3088 1419 non
3125 1365 3426 1436 cogitantes
3471 1363 3616 1416 futu-

2039 1476 2156 1511 rtun
2217 1460 2499 1518 damnum,
2564 1457 2631 1508 ad
2694 1455 3189 1517 assuefaciendam,
3230 1454 3502 1521 inquiunt,
3563 1461 3618 1506 et

2037 1551 2379 1604 alliciendam
2416 1560 2651 1602 mentem
2679 1551 2743 1602 ad
2775 1548 2869 1600 Dei
2902 1548 3243 1607 memoriam,
3285 1545 3484 1614 quibus
3533 1544 3617 1597 vis

2038 1641 2186 1692 illam
2220 1639 2391 1692 solam
2441 1639 2752 1690 metlwdum
2788 1636 3016 1690 suadent
3046 1652 3059 1690 :
3091 1636 3232 1702 quod
3268 1651 3372 1686 non
3439 1632 3619 1701 possi~

2038 1731 2142 1783 bile
2166 1743 2274 1793 ρει,
2305 1743 2369 1781 ac
2399 1729 2695 1798 pnesertini
2731 1728 2814 1781 bis
2845 1728 2935 1796 qui
2964 1727 3194 1780 seorsim
3238 1725 3444 1779 vivunt.
3480 1725 3615 1778 Cum

2036 1822 2181 1874 enim
2229 1822 2468 1872 nondum
2507 1833 2659 1872 mens
2697 1833 2886 1871 eorum
2940 1817 3139 1871 munda
3180 1815 3250 1870 sit
3279 1825 3499 1885 propter
3525 1827 3621 1868 ne-

371 1906 480 1977 γάρ
507 1907 601 1960 τοῦ
638 1908 753 1970 νοὸς
787 1907 966 1960 αὐτῶν
1002 1908 1314 1977 ἀκαθάρτου
1367 1907 1520 1970 ὄντος
1560 1909 1630 1960 δι’
1658 1907 1938 1977 ἀμέλειαν,

2044 1913 2350 1983 gligentiam
2376 1923 2430 1966 et
2456 1911 2788 1980 superbiam,
2822 1909 3076 1978 lacrymis
3108 1924 3214 1964 non
3253 1907 3379 1969 lota,
3437 1917 3622 1975 turpes

372 1999 468 2052 καὶ
502 1998 967 2069 ὑψηλοφροσῦνην,
1025 1999 1113 2053 διὰ
1139 1999 1392 2069 δακρύων
1424 1999 1498 2070 μὴ
1532 1999 1939 2069 προκαθαρθέν-

372 2107 482 2153 τος,
507 2090 700 2144 εἴδωλα
727 2090 924 2158 μᾶλλον
952 2090 1150 2158 αἰσχρὰ
1178 2090 1474 2159 λογισμῶν,
1506 2092 1599 2143 καὶ
1628 2091 1689 2142 οὑ
1715 2107 1940 2160 προσευ-

373 2182 474 2252 χὴν
530 2181 953 2250 ἐνοπτρίςονται,
1006 2182 1114 2233 τῶν
1175 2184 1233 2234 ὲν
1269 2187 1336 2252 τῇ
1367 2182 1563 2252 καρδίᾳ
1615 2185 1940 2252 πνευμάτων

374 2273 719 2342 ἀκαθάρτων,
746 2274 849 2325 ὑπὸ
875 2273 968 2325 τοῦ
995 2273 1224 2343 φοϐεροῦ
1252 2274 1513 2339 ὀνόματος
1538 2274 1937 2342 ταραχθέντων,

377 2364 474 2415 καὶ
525 2363 733 2416 ἀνελεῖν
783 2363 1088 2433 βρυχόντων
1136 2363 1226 2415 τὸν
1259 2363 1608 2431 μαστίζοντα.
1664 2363 1790 2414 Ἐὰν
1833 2363 1941 2429 γὰρ

377 2453 606 2527 ἀκούσῃ,
636 2454 668 2523 ἢ
703 2454 921 2524 διδαχθῇ
951 2457 979 2506 6
1012 2454 1359 2525 ίδιὸρῤυθμος
1397 2453 1526 2522 περὶ
1554 2453 1652 2523 τῆς
1679 2453 1940 2522 ἐργασίας

375 2545 600 2616 ταύτης,
628 2545 723 2599 καὶ⁵
747 2545 991 2614 βούλεται
1029 2546 1296 2614 κρατῆσαι
1327 2546 1516 2615 αὐτὴν,
1539 2545 1598 2598 ἒν
1624 2547 1690 2598 ὲκ
1709 2545 1818 2596 τῶν
1832 2543 1941 2596 δύω

381 2634 565 2703 μέλλει
591 2634 809 2686 παθεῖν·
842 2636 890 2686 εἰ
919 2634 1014 2705 μὲν
1065 2634 1328 2704 βιάζεται,
1362 2635 1650 2698 πλανᾶται,
1676 2634 1770 2686 καὶ
1793 2634 1943 2685 ἀνία-

376 2739 468 2786 τος
495 2724 678 2792 μένει·
706 2726 755 2776 εἰ
783 2724 828 2776 δ’
869 2725 1078 2794 ἀμελεῖ,
1131 2725 1445 2795 ἀπρόκοπος
1485 2728 1542 2777 ὲν
1578 2727 1674 2796 ὅλῃ
1729 2729 1794 2797 τῇ
1829 2727 1940 2794 ζωῇ

378 2813 542 2866 αὑτοῦ
568 2814 907 2869 καθίσταται.

453 2903 517 2956 θ’.
562 2904 702 2972 Ἐρῶ
723 2905 778 2956 δὲ
808 2904 984 2971 κάγὼ,
999 2905 1073 2968 ὡς
1092 2906 1200 2958 ἀπὸ
1223 2907 1418 2976 πείρας
1439 2910 1630 2975 μικρὸν
1659 2906 1910 2973 ἐγνωκώς
1928 2922 1940 2936 ο

380 2993 509 3046 Ὅτε
535 2994 763 3064 καθίσῃς
795 2996 854 3047 ὲν
877 2995 1057 3065 ἡμέρᾳ
1084 2995 1115 3064 ἢ
1137 2998 1192 3047 ὲν
1223 3000 1377 3048 νυκτὶ
1399 2995 1704 3067 ἡσυχάζων,
1739 2997 1946 3067 συιχνῶς

379 3083 630 3152 δεόμενος
655 3083 746 3136 τοῦ
784 3084 942 3148 Θεοῦ,
1001 3087 1170 3154 χωρὶς
1201 3087 1476 3156 λογισμῶν
1509 3091 1570 3139 ἐν
1599 3090 1946 3152 ταπεινώσει,

380 3176 474 3226 καὶ
505 3176 756 3243 ἀτονησει
783 3177 922 3246 μὲνὸ
948 3178 1070 3240 νοῦς
1100 3179 1580 3248 κράζων,ἀλγήσει
1598 3181 1653 3232 δὲ
1683 3183 1742 3233 τὸ
1769 3183 1945 3250 σῶμα,

383 3266 478 3317 καὶ
507 3267 538 3334 ἡ
573 3266 771 3335 καρδία
796 3269 859 3337 τῇ
894 3269 1096 3339 σφοδρᾷ
1134 3270 1294 3340 πήξει
1323 3271 1424 3340 τῆς
1471 3273 1669 3341 συχνῆς
1724 3273 1950 3342 ἑπικλήυ

385 3370 522 3416 σεως
564 3355 657 3408 τοῦ
693 3357 889 3425 Ἰησοῦ,
943 3359 1141 3427 μηκέτι
1173 3359 1623 3430 θερμαινόμενος,
1653 3362 1685 3431 ἢ
1724 3363 1949 3429 εὐφραι-

383 3445 626 3510 νόμενος,
661 3445 718 3508 ἐξ
743 3439 816 3498 ὧν
845 3446 1195 3515 ήπροθυμία,
1231 3449 1323 3499 καὶ
1353 3452 1385 3517 ἠ
1422 3450 1666 3519 ὑπομονὴ
1709 3450 1784 3519 τῷ
1808 3452 1952 3516 ἀγω-

383 3539 535 3605 νιστῇ
569 3539 841 3604 γεννᾶται,
877 3538 996 3588 τότε
1022 3537 1267 3605 ἐγερθεὶς
1293 3539 1468 3608 στῆθι,
1499 3544 1590 3591 καὶ
1624 3543 1792 3608 ψάλλε
1812 3543 1952 3594 κατὰ

387 3625 577 3696 μόνας,
611 3626 642 3696 ἢ
681 3626 819 3693 μετὰ
848 3626 941 3678 τοῦ
990 3626 1237 3687 συνόντος
1273 3643 1355 3679 σοι
1391 3627 1656 3695 μαθητοῦ,
1690 3630 1721 3696 ἢ
1757 3630 1954 3700 μελέτῃ

382 3713 526 3774 τινὸς
551 3712 797 3783 ρητοῦ,ἢ
834 3714 1025 3784 μνήμῃ
1073 3712 1325 3776 θανάτου,
1357 3714 1390 3784 ἢ
1434 3715 1685 3784 ἐνεργείᾳ
1730 3716 1948 3784 χειρῶν,

384 3803 603 3884 καὶτῶν
633 3802 834 3855 λοιπῶν
856 3803 1270 3873 ἀσχολούμενος,
1305 3805 1337 3873 ἣ
1360 3807 1426 3875 τῇ
1458 3805 1760 3872 ἀναγνώσει
1786 3823 1954 3875 προσ-

385 3894 521 3964 έχων
539 3894 822 3962 ἱστάμενος
840 3895 1058 3964 μᾶλλον,
1074 3895 1159 3947 ἵνα
1181 3899 1345 3949 κόπον
1367 3897 1601 3965 ὲμποιῇς
1621 3897 1698 3966 τῷ
1715 3899 1950 3964 σώματι.

386 3987 496 4039 Καὶ
527 3986 654 4038 ὅταν
679 3985 776 4056 μὲν
817 3986 1032 4039 ἴστασαι
1081 3987 1222 4039 κατά
1255 3989 1422 4056 μόνας
1451 3987 1689 4057 ψάλλων,
1737 3989 1861 4056 λέγε
1894 3991 1956 4040 τὸ

386 4075 699 4145 Τρισάγιον,
732 4075 826 4127 καὶ
851 4072 946 4127 εἷθ’
985 4075 1127 4128 οὕτω
1150 4076 1248 4147 τὴν
1295 4079 1603 4149 προσευχὴν
1630 4077 1896 4148 ψυχικῶς,
1919 4080 1953 4150 ἢ

388 4167 607 4235 νοερῶς,
638 4168 993 4238 προσέχοντος
1024 4167 1118 4221 τοῦ
1145 4168 1238 4224 νοῦ
1265 4172 1332 4238 τῇ
1367 4170 1584 4240 καρδία.
1614 4170 1739 4224 Ἐὰν
1763 4171 1819 4222 δὲ
1836 4171 1963 4223 ἐπί-

388 4278 565 4320 κειται
597 4262 814 4331 ἀκηδία,
852 4263 974 4329 λέγε
1012 4265 1107 4317 καὶ
1140 4263 1389 4335 ψαλμοὺς
1421 4265 1550 4331 δύω,
1581 4265 1614 4336 ἢ
1646 4268 1818 4335 τρεῖς,
1867 4266 1962 4318 καὶ

386 4354 660 4422 τροπάρια
684 4355 1058 4408 κατανυκτικά
1083 4356 1210 4408 ἄνευ
1240 4356 1437 4424 μέλους
1457 4371 1470 4383 ⁸
1512 4359 1591 4411 ὅτι
1614 4357 1674 4409 οὐ
1710 4357 1956 4427 μελῳδή-

391 4458 573 4496 σουσιν
599 4444 648 4496 οί
676 4441 932 4509 τοιοῦτοι,
961 4445 1169 4514 φησὶνὸ
1189 4446 1288 4515 τῆς
1319 4447 1620 4514 Κλίμακος.
1645 4444 1831 4516 Ἀρκεῖ
1850 4446 1957 4515 γὰρ

2046 2004 2440 2070 cogitationum
2512 2001 2791 2070 imagines,
2868 2000 3048 2068 potius
3105 2014 3267 2067 quam
3319 1998 3619 2052 orationem

2045 2094 2417 2161 speculantur,
2455 2092 2747 2146 immundis
2784 2093 2968 2146 cordis
3016 2091 3301 2158 spiritibus
3339 2089 3620 2142 tremendo

2046 2187 2264 2240 nomine
2318 2184 2672 2252 perturbatis,
2729 2192 2784 2235 et
2839 2182 3197 2237 frementibus
3263 2192 3321 2234 ut
3375 2181 3622 2235 auferant

2044 2289 2168 2328 eum
2201 2275 2292 2344 qui
2323 2276 2470 2342 ipsos
2501 2271 2761 2342 ﬂagellat.
2795 2273 2932 2325 Nam
2965 2273 3011 2327 si
3045 2274 3230 2328 audiat
3277 2281 3332 2327 et
3362 2271 3624 2326 doceatur

2045 2364 2191 2415 illam
2231 2363 2543 2416 tuetltodum
2580 2363 2672 2429 qui
2702 2361 2972 2431 privatum
3009 2361 3162 2428 vivit,
3199 2376 3363 2414 unum
3401 2377 3464 2414 ex
3493 2362 3621 2412 dun-

2045 2457 2142 2508 bus
2175 2457 2410 2523 patietur
2439 2453 2634 2506 malum
2669 2470 2682 2508 :
2721 2455 2764 2506 si
2823 2454 3054 2507 luctetur
3113 2452 3326 2520 quidem
3379 2454 3618 2513 aberrat,

2042 2559 2095 2599 ιιι
2121 2547 2442 2598 insanabilis
2485 2548 2565 2606 lit,
2599 2546 2644 2597 si
2690 2561 2814 2597 vero
2844 2546 2916 2598 sit
2973 2543 3274 2613 negligens,
3332 2543 3539 2596 nullum
3567 2543 3622 2597 in

2047 2649 2154 2690 tota
2189 2639 2292 2690 vita
2321 2636 2627 2706 profectum
2662 2635 2809 2690 facit.

2115 2911 2166 2962 9.
2201 2910 2382 2961 Dicam
2418 2907 2689 2973 equidem,
2726 2916 2912 2970 utpote
2969 2906 3301 2974 experientia
3358 2905 3616 2956 nonuu‘la

2044 3003 2292 3060 etl0etus,
2325 2997 2551 3066 quando
2607 2997 2817 3048 sedebis
2865 2995 2953 3048 die
3012 2995 3094 3045 Vel
3160 3003 3315 3046 nocte
3375 2993 3612 3060 quietus,

2044 3092 2356 3160 frequenter
2399 3089 2565 3140 Deum
2599 3101 2826 3154 precans
2845 3086 2962 3138 sine
2984 3085 3403 3153 cogitationibus
3433 3084 3484 3137 in
3519 3088 3619 3136 ittl-

2048 3184 2299 3239 utilitate,
2327 3191 2378 3229 et
2418 3178 2632 3229 fatiscet
2660 3190 2815 3230 meus
2855 3175 3164 3238 clamitans,
3225 3190 3422 3241 corpus
3487 3191 3617 3226 vt-ro

2045 3270 2269 3334 dolebit,
2298 3280 2352 3322 et
2385 3283 2475 3320 eor
2516 3270 2717 3322 acriter
2772 3275 3083 3321 contentum
3135 3268 3199 3318 ad
3261 3266 3605 3333 frequentem

2045 3363 2173 3418 Jesu
2207 3362 2763 3428 invocationem,jam
2807 3375 2911 3413 non
2948 3359 3148 3412 sentiet
3200 3360 3467 3412 fervorem
3525 3373 3618 3409 aut

2045 3458 2313 3518 laetitiam,
2375 3455 2574 3520 quibus
2631 3453 2797 3505 ardor
2851 3465 2905 3503 et
2957 3455 3360 3518 perseverantia
3430 3452 3618 3503 militis

2047 3549 2496 3610 l'oveutur;tunc
2527 3551 2757 3611 surgens
2823 3553 2927 3607 sta,
2987 3552 3042 3594 et
3105 3542 3272 3608 psalle
3318 3544 3463 3594 solus
3521 3551 3616 3592 aut

2042 3654 2168 3691 cum
2206 3648 2298 3692 tuo
2315 3639 2520 3690 comite
2543 3635 2834 3702 discipulo,
2873 3635 2955 3686 vel
2991 3633 3325 3685 meditationi
3385 3633 3615 3700 alie‘ujus

2048 3729 2221 3792 verbi,
2249 3727 2332 3780 Vel
2374 3727 2649 3781 memoria:
2686 3728 2901 3784 mortis,
2954 3725 3038 3775 vel
3104 3723 3272 3775 labori
3336 3739 3614 3785 manuum,

2045 3828 2100 3870 et
2127 3817 2251 3870 aliis
2285 3831 2508 3878 vacans,
2538 3815 2623 3867 Vel
2659 3814 2874 3868 lectioni
2941 3813 3254 3874 attemlens,
3311 3822 3462 3864 stans
3523 3828 3617 3879 po-

2049 3909 2186 3973 tius,
2219 3917 2279 3959 ut
2307 3919 2505 3974 corpus
2536 3903 2751 3971 fatiges.
2784 3901 2850 3955 Et
2891 3915 3014 3955 cum
3041 3914 3153 3954 stas
3186 3901 3334 3954 solus
3353 3901 3614 3969 psallens,

2046 3999 2217 4049 recita
2235 3994 2542 4062 't‘risagion,
2567 4001 2662 4045 aut
2679 3993 2842 4045 etiam
2865 4005 3074 4059 preces,
3101 3993 3277 4043 anima
3308 3992 3390 4043 vel
3417 4003 3615 4054 mente,

2045 4087 2357 4141 attendente
2389 4086 2536 4139 cordi
2569 4084 2868 4138 intellectu.
2922 4083 3074 4149 Quod
3094 4084 3138 4137 si
3195 4084 3360 4136 instet
3409 4083 3614 4145 aeeoia,

2047 4181 2216 4234 recita
2235 4179 2398 4232 etiam
2431 4179 2571 4231 duos
2600 4177 2686 4229 vel
2723 4187 2832 4230 tres
2893 4176 3154 4244 psalmos,
3200 4188 3254 4228 et
3321 4175 3616 4228 versiculos

2047 4281 2341 4326 nocturnos
2371 4267 2577 4337 absque
2599 4278 2785 4333 cantu,
2815 4268 2944 4336 quia
2979 4285 2997 4317 ι
3022 4283 3128 4319 non
3164 4266 3464 4320 cantabunt
3520 4267 3612 4332 qui

2045 4374 2172 4418 sunt
2220 4361 2553 4432 huiusmodi,
2581 4362 2660 4416 ait
2685 4360 2949 4416 Clitnax.)
3012 4378 3031 4410 ι
3063 4357 3272 4414 Suﬂicit
3305 4360 3446 4412 enim
3483 4359 3616 4427 ipsis

2047 4459 2113 4510 ad
2143 4456 2400 4526 gaudium
2432 4453 2591 4508 labor
2657 4453 2840 4508 cordis
2902 4467 3000 4522 pro
3055 4451 3258 4520 pietate
3304 4461 3616 4518 susceptus,

389 4535 572 4596 αὐτοῖς
595 4537 672 4597 είς
702 4535 1040 4604 εὐφροσύνην
1091 4539 1120 4587 ὁ
1142 4535 1240 4604 τῆς
1261 4536 1485 4606 καρδίας
1512 4538 1670 4599 πόνος
1698 4539 1838 4607 ὑπὲρ
1864 4538 1947 4591 εὑ-

2050 4548 2229 4615 inquit
2251 4557 2482 4600 sanctus
2513 4543 2755 4608 Marcus,
2788 4553 2843 4597 et
2876 4543 3056 4597 fervor
3107 4542 3330 4610 spiritus
3361 4542 3428 4595 ad
3482 4542 3610 4595 laeti-

393 4625 607 4687 σεϐείας
655 4627 959 4694 γινόμενος,
992 4627 1175 4690 καθώς
1224 4645 1388 4697 φησιν
1432 4631 1460 4680 6
1512 4631 1668 4697 ἅγιος
1709 4632 1954 4701 Μάρκος,

392 4723 486 4768 καὶ
512 4720 545 4786 ὴ
581 4716 758 4786 θέρμη
789 4717 882 4769 τοῦ
928 4719 1261 4788 Πνεῦματος,
1295 4723 1430 4789 πρὸς
1457 4724 1632 4793 χαρὰν
1662 4725 1756 4777 καὶ
1784 4724 1958 4792 ἀγαλ-

391 4805 568 4859 λίασιν
604 4809 785 4870 αὐτοῖς
839 4809 1110 4879 διδομένη.
1143 4812 1281 4877 Λέγε
1324 4811 1382 4864 δὲ
1411 4815 1551 4866 κατά
1576 4813 1808 4882 ψαλμὸν,
1863 4816 1958 4866 κα)⁸

391 4896 490 4967 τὴν
514 4897 820 4968 προσευχὴν
843 4899 1063 4967 νοερῶς,
1094 4899 1126 4968 ἢ
1150 4900 1416 4970 ψυχικῶς,
1455 4901 1832 4972 ἀρεμὸἀστως,
1867 4903 1958 4955 καὶ

393 4987 475 5048 τὸ,
523 4987 855 5058 ’Λλληλούῖα.
890 4987 1038 5057 Αὕτη
1071 4991 1179 5058 γὰρ
1200 4991 1232 5058 ἡ
1256 4990 1407 5054 τάξις
1442 4991 1550 5041 τῶν
1584 4991 1753 5057 ἁγίων
1782 4991 1957 5043 Πατέ-

397 5097 528 5149 ρων,
563 5080 988 5149 Βαρσανουφίου,
1018 5080 1112 5132 καὶ
1165 5081 1438 5149 Διαδόχου,
1469 5084 1564 5134 καὶ
1592 5083 1698 5135 τῶν
1734 5082 1957 5135 λοιπῶν.

395 5171 528 5235 Καὶ,
565 5171 745 5232 καθώς
775 5189 940 5241 φησιν
977 5174 1004 5224 6
1037 5171 1176 5234 θεῖος
1225 5173 1517 5236 Βασίλειος,
1550 5175 1630 5225 δεῖ
1666 5175 1793 5235 τοὺς
1823 5173 1961 5241 ψαλ-

399 5261 533 5328 μοὺς
571 5260 692 5313 καθ’
725 5261 936 5331 ἡμέραν
965 5260 1325 5324 ἐναλλάττειν,
1361 5263 1447 5315 διὰ
1481 5263 1541 5314 τὸ
1590 5261 1855 5332 ἐρεθίζειν
1879 5264 1959 5324 εἰς

397 5348 728 5420 προθυμίαν,
772 5352 866 5404 καὶ
916 5351 1002 5401 ἵνα
1057 5350 1153 5419 μὴ,
1185 5350 1370 5419 φησὶν,
1420 5349 1601 5418 ἀηδῶς
1647 5351 1675 5402 ὁ
1708 5347 1831 5410 νοῦς
1859 5348 1959 5418 ἔχῃ

399 5441 628 5496 πάντοτε
653 5440 720 5493 τά
753 5440 895 5493 αὐτὰ
923 5439 1158 5509 ψάλλων,
1190 5440 1323 5506 ἀλλά
1338 5441 1435 5511 τὴν
1470 5439 1780 5510 ἐλευθερίαν
1811 5439 1960 5505 αὐτῷ

398 5538 507 5602 χρὴ
540 5533 913 5603 παραχωρεῖν,
944 5531 1038 5584 καὶ
1067 5530 1146 5583 ἔτι
1177 5531 1375 5600 μᾶλλον
1415 5533 1492 5593 εἰς
1530 5529 1840 5599 προθυμίαν
1869 5529 1960 5598 ἕρ-

385 5627 579 5692 ρωται.
611 5625 736 5676 Ἐὰν
767 5625 824 5677 δὲ
865 5624 1000 5694 μετὰ
1057 5625 1301 5701 μαθητοῦ
1333 5624 1525 5678 πιστοῦ
1576 5627 1790 5679 ἵστασαι
1819 5625 1958 5696 ψάλ-

384 5715 510 5776 λων,
539 5716 742 5776 ὲκεῖνος
774 5715 874 5784 μὲν
897 5716 1024 5778 τοὺς
1052 5714 1300 5785 ψαλμοὺς
1319 5716 1543 5782 λεγέτω,
1579 5718 1642 5769 σὺ
1661 5717 1715 5771 δὲ
1740 5720 1804 5788 τῇ
1830 5732 1961 5787 καρ-

384 5805 473 5873 δία
515 5803 769 5872 κρυπτῶς
798 5805 1082 5874 προσέχων
1123 5808 1220 5860 καὶ
1279 5807 1736 5876 προσευχόμενος,
1799 5808 1958 5876 τήρει

545 5920 842 6004 ῬΑταοι..
902 5919 1017 5979 Gtt.
1072 5916 1184 5976 CL.

2047 4641 2178 4690 tiam
2236 4646 2291 4688 et
2341 4635 2762 4689 exsultationem
2815 4634 2894 4686 eis
2933 4634 3115 4686 datus.
3158 4650 3177 4683 ι
3230 4632 3419 4685 Adhuc
3473 4631 3615 4683 intra

2045 4727 2310 4795 psalmum
2344 4734 2400 4777 et
2428 4738 2619 4793 preces
2643 4723 2823 4776 anima
2847 4722 2933 4774 vel
2956 4733 3136 4776 mente
3165 4720 3310 4774 baud
3358 4731 3615 4788 vaganter

2045 4825 2241 4880 laetas,
2272 4815 2628 4871 dicAlieluia.
2661 4813 2789 4868 llaec
2834 4825 2918 4866 est
2961 4816 3104 4867 enim
3157 4815 3439 4865 metbodus
3490 4826 3616 4864 san-

2045 4924 2256 4965 ctorum
2279 4908 2523 4974 Patrum,
2547 4905 2932 4975 Barsanuphii,
2980 4903 3260 4968 Diadoclti,
3282 4913 3335 4958 et
3359 4903 3611 4958 aliorum.

2047 5005 2244 5070 Atque,
2273 5013 2333 5054 ut
2361 5001 2438 5054 'ait
2467 5000 2626 5053 divus
2654 4998 2906 5061 Basilius,
2958 5016 2976 5047 ι
3013 5007 3226 5061 oportet
3254 4998 3493 5066 psalmos
3551 4998 3607 5050 in
3676 4980 3679 4982 6

2047 5099 2162 5152 dies
2215 5095 2506 5157 alternare,
2554 5094 2621 5147 ad
2683 5093 3070 5145 stimulaudum
3126 5093 3397 5154 ardorem,
3450 5100 3616 5158 utque

2047 5203 2321 5255 nunquam
2356 5200 2528 5246 aiens,
2561 5185 2754 5252 inquit,
2811 5183 3038 5238 eosdem
3079 5181 3316 5250 psalmos
3351 5181 3613 5242 fastidiat,

2044 5279 2138 5334 sed
2176 5278 2393 5331 libertas
2421 5275 2469 5328 ei
2510 5273 2870 5341 permittenda
2891 5286 2996 5338 est,
3027 5283 3084 5326 et
3115 5274 3196 5326 sic
3260 5272 3452 5339 majori
3522 5287 3612 5326 ac-

2044 5369 2310 5423 cendetur
2341 5364 2546 5418 studio.
2593 5382 2611 5415 ι
2653 5364 2804 5429 Quod
2863 5365 2909 5418 si
2963 5379 3086 5418 cum
3143 5363 3405 5432 discipulo
3465 5363 3612 5418 fideli

2045 5472 2162 5516 stas
2192 5459 2454 5530 psallens,
2490 5458 2578 5512 bic
2611 5458 2828 5526 quidem
2867 5457 3104 5525 psalmos
3133 5456 3343 5519 recitet,
3372 5463 3428 5510 tu
3485 5470 3612 5509 vero

2044 5555 2374 5608 cordeiutus
2399 5551 2771 5605 attendentem
2790 5560 2844 5602 et
2869 5560 3180 5617 precantem
3209 5559 3334 5602 tene
3356 5547 3609 5620 teipsum.

2045 5639 2248 5693 Omnes
2281 5651 2462 5693 autem
2494 5639 2874 5709 cogitationes,
2907 5639 3025 5693 sive
3077 5637 3443 5704 seusibilimn,
3494 5637 3612 5692 sive

2045 5730 2500 5798 iutelligibilium,
2540 5731 2593 5784 in
2623 5731 2790 5784 conte
2829 5730 3040 5784 inertas
3065 5730 3400 5798 aSperneris,
3459 5730 3616 5798 adju-

2043 5831 2207 5874 vante
2265 5821 2534 5875 oratione.
2590 5819 2724 5877 Nam
2777 5822 3034 5891 quictudo
3093 5830 3175 5876 cst
3228 5822 3617 5892 cogitationum

3141 5915 3290 5980 '42
