3960 6190
379 441 522 504 1323

1602 416 1985 480 GREGORII
2050 415 2385 477 SINAITE

3479 421 3604 482 ιιιξιι

388 575 507 630 quze
538 572 640 612 non
673 561 798 606 sunt
830 567 856 603 a
888 547 1070 603 divino
1102 543 1331 615 Spirltu,
1365 538 1635 609 depositio
1675 539 1739 590 ad
1795 546 1942 589 tem-

2084 543 2271 596 ῖαυτόν.
2317 541 2496 592 Πάντα
2543 538 2595 591 δὲ
2635 536 2700 588 τά
2737 537 2978 602 νοήματα
3023 534 3130 584 είτε
3187 532 3442 598 αἰσθητὰ,
3494 533 3600 586 εἴτε

388 629 509 722 pus,
543 664 609 701 ne.
643 645 723 699 bis
744 641 1024 697 attendens
1064 647 1313 705 tanquam
1344 632 1523 698 bouis,
1564 631 1754 684 melius
1790 629 1949 684 amit-

387 753 492 797 tas.

2057 635 2242 704 νοητὰ,
2269 633 2337 685 τὰ
2359 632 2466 684 ἀπὸ
2494 631 2722 698 καρδίας
2754 627 3110 694 άναδιδόμενα
3146 627 3491 694 καταφρόνει,
3516 629 3610 695 τῆς

2061 725 2368 794 προσευχῆς
2395 721 2659 790 συνεργού
2673 735 2786 788 σης.
2818 718 3047 787 Ἡσυχία
3065 718 3172 785 γάρ
3196 720 3343 767 ἐστιν
3357 716 3608 777 ἀπόθεσις

387 820 674 890 νοημάτων
703 820 814 872 τῶν
843 817 943 870 οὐκ
974 817 1036 866 ὲκ
1067 814 1161 866 τοῦ
1195 812 1511 882 Πνεύματος
1545 811 1856 879 θειοτέρων,
1905 808 2008 866 ἕως
2035 808 2248 873 καιροῦ.
2284 810 2367 856 ῐνα
2406 806 2479 872 μὴ
2507 802 2790 866 προσέχων
2818 799 3028 861 τούτοις
3057 799 3133 861 ὡς
3163 797 3372 862 καλοῖς.
3404 800 3464 852 τδ
3495 803 3608 868 μεῖ’

350 903 352 905 ’
387 918 478 980 ζον
509 915 811 985 απολέσῃς,

1027 1013 1103 1067 De
1132 1029 1329 1068 errore.

469 1132 554 1187 10.
601 1130 834 1185 Attende
907 1129 1071 1198 igitur
1123 1128 1428 1197 diligenter,
1501 1127 1590 1180 Dei
1642 1143 1854 1188 amans,
1911 1129 1964 1180 in

396 1227 572 1294 gnosi.
606 1224 758 1288 Quod
788 1223 832 1276 si
856 1237 994 1288 opus
1011 1235 1202 1288 agens,
1236 1219 1435 1272 videris
1461 1219 1631 1272 lucem
1662 1229 1761 1271 aut
1784 1219 1962 1285 ignem

395 1318 508 1368 sive
545 1315 678 1366 foris
705 1313 818 1365 sive
841 1311 1006 1374 intus,
1037 1324 1230 1376 nempe
1255 1309 1335 1361 vel
1359 1309 1590 1376 speciem
1636 1307 1864 1371 Christi,
1883 1311 1965 1360 vel

395 1403 592 1469 angeli,
650 1402 734 1455 vel
795 1401 1032 1470 cujusvis
1056 1399 1216 1461 alius,
1241 1413 1310 1451 ne
1356 1398 1485 1452 illud
1503 1399 1747 1463 admitte,
1778 1409 1836 1451 ut
1861 1414 1966 1451 non

395 1497 653 1547 damnum
717 1492 931 1545 subeas.
968 1489 1078 1544 Nee
1119 1499 1171 1543 tu
1199 1491 1415 1545 tibimet
1455 1491 1968 1558 imaginantiatten-

396 1591 547 1650 deus,
575 1587 693 1639 sine
720 1594 956 1638 mentem
983 1585 1106 1636 talia
1139 1583 1417 1651 eflingere.
1454 1581 1580 1636 llzec
1614 1583 1755 1636 cnim
1786 1584 1968 1635 omnia

397 1679 638 1731 externis
663 1677 1037 1745 intempestive
1067 1675 1369 1734 cfformata.
1395 1677 1445 1726 in
1466 1689 1705 1727 errorem
1733 1676 1966 1728 animam

395 1765 679 1823 inducunt.
705 1767 979 1836 Siquidem
1011 1765 1333 1834 principium
1358 1766 1621 1820 orationis
1650 1781 1857 1828 verum,
1885 1774 1968 1818 est

2647 1022 2781 1091 Περὶ
2805 1024 3041 1090 πλάνης

2145 1143 2195 1190 ι’.
2226 1139 2468 1208 Πρόσεχε
2497 1134 2590 1191 οῦν
2615 1136 2881 1206 ἀκριϐῶς,
2910 1137 3044 1190 Θεοῦ
3070 1137 3296 1201 ἐραστά,
3327 1138 3386 1188 ἐν
3415 1136 3625 1202 γνώσει.

2084 1227 2250 1279 Ἐπὰν
2278 1227 2639 1298 ἐργαζόμενος
2668 1226 2730 1279 τὸ
2759 1227 2940 1296 ἔργον,
2982 1227 3098 1295 ἴδῃς
3129 1227 3265 1292 φῶς,
3297 1229 3328 1294 ἦ
3363 1225 3476 1296 πῦρ
3503 1228 3627 1289 ἔξω·

2071 1315 2162 1367 θεν
2194 1317 2226 1386 ἦ
2260 1304 2479 1381 ἔξωθεν,
2508 1318 2540 1386 ἢ
2569 1318 2752 1387 σχῆμα
2773 1317 2934 1386 δῆθεν
2961 1317 3220 1386 Χριστοῦ,
3251 1319 3282 1386 ἢ
3317 1319 3568 1384 ἀγγέλου,
3600 1319 3630 1386 ἢ

2073 1405 2260 1474 ἑτέρου
2301 1407 2462 1468 τινὸς,
2528 1407 2602 1476 μὴ
2632 1408 2908 1476 παραδέξῃ
2962 1407 3114 1470 αὐτὸ,
3173 1407 3260 1459 ἵνα
3301 1409 3375 1476 μὴ
3435 1407 3635 1476 βλάῦην

2075 1497 2335 1565 ὑποστῇς.
2363 1496 2511 1564 Μηδὲ
2537 1497 2601 1549 σὺ
2635 1497 2727 1564 ἀφ’
2781 1496 2975 1548 ἑαυτοῦ
3019 1496 3302 1559 εἰκονικῶς
3336 1499 3636 1566 προσέχων,

2074 1586 2239 1655 ἐάσῃς
2271 1588 2359 1638 τὸν
2390 1586 2513 1639 νοῦν
2535 1587 2806 1639 ὲκτυποῦν
2831 1587 3077 1640 τοιαῦτα.
3112 1588 3295 1641 Πάντα
3329 1590 3436 1656 γὰρ
3471 1587 3636 1639 ταῦτα

2074 1675 2270 1740 ἔξωθεν
2306 1677 2552 1747 ἀκαίρως
2600 1675 3222 1746 μετασχηματιζόμενα,
3259 1681 3392 1747 πρὸς
3415 1678 3479 1728 τὸ
3514 1679 3641 1730 πλα-

2074 1768 2232 1836 νῆσαι
2255 1767 2351 1837 τὴν
2374 1765 2551 1838 ψυχὴν
2580 1768 2842 1834 γίνονται.
2879 1767 2944 1819 Ἦ
2977 1768 3085 1835 γὰρ
3107 1767 3249 1838 ἀρχὴ
3280 1769 3375 1833 τῆς
3410 1784 3642 1836 προσευ-

391 1859 578 1922 cordis
607 1857 786 1911 fervor
812 1857 939 1910 vitia
971 1856 1320 1918 comburens,
1344 1867 1398 1907 et
1455 1855 1784 1908 hilaritatem
1847 1856 1965 1909 ani-

2084 1857 2174 1925 [ἧς
2207 1839 2542 1926 ἧάληθεινὴ,
2575 1861 2606 1928 ἡ
2636 1858 2908 1928 καρδιακὴ
2941 1858 3117 1928 θέρμη
3150 1861 3319 1922 ἐστὶν,
3371 1863 3402 1928 ἡ
3458 1860 3642 1928 φλογὶ-

399 1948 758 2002 maeinferens
806 1949 1122 2000 lncunctato
1146 1947 1437 2010 desiderio,
1461 1955 1514 1999 et
1568 1945 1786 2000 indubia
1846 1961 1966 2000 cer-

401 2040 627 2094 titudine
657 2055 750 2093 cor
775 2038 1127 2094 confirmans.
1149 2037 1281 2090 Nam
1307 2039 1671 2106 quodcunque
1727 2037 1966 2090 animam

399 2135 565 2194 subit.
604 2135 762 2188 aiunt
791 2132 998 2196 Patres,
1028 2140 1136 2184 tum
1172 2130 1451 2192 sensibile,
1479 2141 1590 2184 tum
1617 2130 1970 2198 intelligibile.

397 2228 442 2281 si
475 2227 663 2280 corde
695 2242 759 2278 eo
781 2226 992 2279 dubitet
1014 2238 1190 2292 neque
1248 2224 1297 2276 id
1357 2222 1611 2291 accipiat,
1661 2239 1765 2276 non
1814 2234 1898 2275 est
1938 2238 1967 2276 ιι

397 2318 527 2381 Deo,
556 2315 651 2369 sed
675 2315 742 2368 ab
775 2314 1088 2368 adversario
1121 2313 1344 2367 missum
1405 2323 1512 2367 est.
1573 2312 1637 2365 Et
1683 2315 1737 2366 si
1790 2314 1972 2367 videas

401 2417 633 2460 mentem
670 2408 815 2460 foras
841 2415 1171 2458 autsursum
1207 2408 1484 2469 abreptam
1542 2403 1723 2471 aliqua
1777 2404 1969 2456 invisi-

394 2498 491 2550 bili
517 2507 802 2566 potestate,
850 2511 918 2548 ne
956 2495 1029 2547 illi
1051 2495 1260 2557 credas,
1305 2507 1404 2548 nec
1437 2495 1586 2546 siuas
1617 2509 1736 2547 eam
1769 2492 1968 2562 abripi,

402 2591 499 2643 sed
530 2589 710 2642 statim
750 2591 911 2642 reduc
935 2588 1146 2642 eamad
1204 2601 1362 2640 suum
1420 2600 1626 2654 opus.¢
1685 2582 1818 2650 Qua:
1873 2583 1968 2638 Dei

403 2693 550 2745 sunt,
589 2681 760 2749 inquit
800 2689 1020 2733 sanctus
1049 2679 1227 2741 Isaac,
1262 2696 1290 2731 a
1327 2678 1521 2747 seipsis
1549 2678 1797 2743 veniunt,
1838 2687 1972 2732 tem-

407 2788 536 2841 pore
566 2787 670 2839 quo
697 2771 900 2825 nescis.
941 2789 959 2822 ι
994 2770 1316 2838 Quanquam
1377 2770 1521 2822 etiim
1584 2769 1835 2824 inimicus
1887 2771 1969 2822 in-

399 2865 570 2917 terior
600 2874 652 2917 et
704 2862 970 2917 naturalis
1035 2861 1365 2926 lumborum,
1421 2861 1773 2916 transformat
1814 2861 1974 2930 spiri-

409 2955 591 3017 tnalia,
621 2963 779 3022 prout
801 2953 934 3019 vult,
971 2952 1342 3021 imaginationi
1375 2952 1480 3004 alia
1513 2966 1611 3020 pro
1652 2951 1774 3006 aliis
1814 2951 1974 3006 exiti-

406 3049 558 3105 liens,
590 3055 641 3097 et
668 3060 766 3113 pro
801 3044 1013 3096 fervore
1047 3043 1266 3112 quidem
1317 3059 1474 3097 suum
1526 3042 1792 3096 infrenem
1837 3057 1972 3098 ιιιοιι·

407 3145 549 3188 stum
585 3144 898 3202 suggerens,
929 3141 988 3186 ut
1018 3144 1272 3201 gravetur
1308 3143 1436 3188 tunc
1453 3135 1633 3186 anima
1665 3135 1968 3202 bujusmodi

2076 1947 2245 2009 ζουσα
2291 1949 2360 2000 τά
2408 1948 2578 2018 πάθη,
2625 1948 2722 2002 καὶ
2770 1949 3082 2018 ἱλαρότητα,
3117 1949 3148 2018 ἢ
3181 1952 3355 2018 χαρὰν
3386 1954 3454 2020 τῇ
3504 1953 3644 2020 ψυχῇ

2076 2039 2374 2107 ἐμποιοῦσα
2400 2040 2707 2110 άδιστάκτῳ
2743 2040 2915 2110 πόθῳ,
2946 2043 3038 2093 καὶ
3066 2042 3423 2112 ἀνενδοιάστῳ
3449 2044 3648 2112 πληρο-

2076 2131 2239 2199 (pepigi
2259 2133 2358 2202 τὴν
2379 2133 2606 2203 καρδίαν
2636 2131 2948 2202 βεϐαιοῦσα.
2985 2135 3097 2186 Πᾶν
3130 2135 3237 2203 γὰρ
3266 2134 3327 2185 τὸ
3353 2138 3647 2204 ἐρχόμενον

2076 2223 2155 2284 εἰς
2187 2220 2285 2290 τὴν
2310 2223 2509 2292 ψυχὴν,
2538 2226 2702 2290 φασὶν
2733 2226 2781 2276 οἱ
2814 2224 3075 2294 Πατέρες,
3108 2225 3212 2276 κᾶν
3239 2227 3524 2295 αἰσθητὸν,
3553 2227 3649 2279 κᾶν

2076 2311 2278 2379 νοερὸν,
2305 2313 2395 2364 καὶ
2425 2312 2662 2378 διστάζει
2694 2316 2752 2366 ὲν
2775 2313 2948 2382 τούτῳ
2977 2317 3010 2382 ἡ
3042 2314 3258 2383 καρδία,
3291 2315 3368 2384 μὴ
3416 2320 3652 2386 παραδε-

2082 2402 2289 2470 χομένη
2323 2403 2476 2469 αὐτὸ,
2511 2404 2612 2457 οὐκ
2650 2403 2797 2457 ἐστιν
2851 2407 2914 2458 ἐκ
2945 2403 3038 2456 τοῦ
3092 2405 3251 2467 Θεοῦ,
3294 2406 3409 2458 ἀλλ’
3463 2411 3530 2460 ὲκ
3563 2409 3651 2460 τοῦ

2077 2491 2317 2543 ἐναντίου
2345 2492 2620 2562 ἐπέμφθη.
2652 2493 2767 2548 Κᾶν
2793 2494 2908 2564 ἴδῃς
2936 2496 3026 2546 τὸν
3063 2496 3184 2548 νοῦν
3218 2495 3419 2560 ἔξωθεν
3446 2498 3481 2567 ἦ
3517 2499 3652 2552 ἄνω-

2079 2583 2168 2634 θεν
2193 2584 2482 2653 ἑλκόμενον
2514 2585 2617 2638 ὑπό
2643 2602 2786 2647 τινος
2833 2586 3066 2655 ἀοράτου
3104 2587 3408 2656 δυνάμεως,
3461 2592 3537 2659 μὴ
3573 2610 3654 2641 πι-

2079 2674 2309 2744 στεύσῃς
2336 2676 2509 2746 αὐτῷ,
2545 2677 2679 2747 μηδὲ
2701 2679 3031 2752 ἀφῇς-αὐτὸν
3055 2679 3326 2740 ἕλκεσθαι,
3349 2682 3467 2733 ἀλλ’
3494 2684 3653 2749 ἀγξον

2079 2764 2238 2827 εὐθὺς
2265 2766 2432 2818 αὐτὸν
2457 2769 2537 2829 εἰς
2563 2768 2622 2819 τὸ
2645 2767 2804 2836 ἔργον
2850 2769 3034 2823 αὑτοῦ.
3071 2770 3150 2822 Τά
3177 2770 3270 2822 τοῦ
3297 2771 3456 2834 Θεοῦ,
3493 2779 3650 2842 φησιν

2078 2857 2106 2905 ὁ
2126 2854 2280 2922 am;
2320 2858 2525 2922 Ἰσαὰκ,
2551 2859 2645 2928 ἀφ’
2674 2859 2884 2912 ἑαυτῶν
2912 2861 3184 2929 ἔρχονται,
3216 2861 3310 2913 σοῦ
3345 2863 3433 2914 τὸν
3465 2866 3652 2934 καιρὸν

2086 2947 2159 3016 μὴ
2183 2949 2400 3011 εἰδότος.
2440 2950 2502 3001 Εἰ
2529 2951 2635 3019 γὰρ
2663 2953 2756 3003 καὶ
2789 2952 2817 3002 6
2840 2951 3031 3021 ἐχθρὸς
3071 2952 3215 3005 ἔνδον
3241 2955 3268 3005 6
3305 2955 3530 3020 φυσικὸς
3559 2959 3652 3023 τῆς

2081 3037 2278 3106 ὀσφύος
2320 3041 2791 3110 μετασχηματίζει
2832 3043 2899 3093 τά
2956 3044 3324 3110 πνευματικὰ,
3353 3045 3429 3107 ὡς
3461 3045 3649 3114 βούλε-

2080 3147 2188 3192 ται,
2226 3132 2606 3196 φανταστικῶς
2649 3132 2783 3186 ἄλλα
2837 3135 2952 3186 ἀντ’
3013 3133 3209 3195 ἄλλων,
3270 3137 3364 3187 καὶ
3405 3135 3528 3188 ἀντὶ
3557 3138 3652 3204 μὲν

407 3241 613 3286 errore,
643 3240 740 3292 pro
761 3226 958 3293 gaudio
987 3235 1164 3277 autem
1227 3223 1470 3278 Letitiam
1519 3225 1889 3279 irrationalem
1923 3235 1973 3279 et

2084 3220 2310 3288 θέρμης,
2343 3224 2442 3290 τὴν
2500 3222 2664 3274 αὐτοῦ
2708 3222 2993 3292 ἀνώμαλον
3026 3225 3220 3276 καῦσιν
3268 3225 3525 3290 ἐπάγων,
3581 3226 3652 3288 ὡς

407 3317 736 3384 Voluptatem
764 3315 1025 3369 lubricam
1077 3316 1448 3380 substituens,
1483 3318 1552 3368 ita
1608 3327 1667 3369 ut
1723 3318 1975 3383 superbia

408 3425 472 3460 ex
508 3412 587 3460 his
617 3418 668 3460 et
701 3409 1052 3479 praesunftio
1082 3417 1231 3474 parta
1276 3419 1554 3473 cernatur,
1619 3410 1819 3464 abdere
1870 3412 1980 3463 sci-

415 3517 574 3569 psum
605 3503 898 3568 inexpertis
924 3511 976 3552 et
1031 3502 1402 3569 dcceptionem
1463 3517 1616 3554 suam
1666 3516 1763 3568 pro
1794 3503 1979 3568 gratia:

406 3593 728 3659 operatione
781 3592 1072 3661 perbibere
1124 3603 1390 3654 conatur;
1446 3604 1684 3647 attamen
1749 3605 1977 3662 tempus,

409 3684 740 3751 experientia
767 3691 822 3736 ct
849 3697 1176 3736 sensuseum
1212 3682 1468 3751 detegere
1492 3685 1632 3737 solet
1655 3699 1763 3737 ιιοιι
1798 3699 1982 3738 crasse

412 3776 786 3842 ignorantibus
817 3775 933 3844 ejus
958 3791 1121 3843 opera
1153 3793 1166 3827 :
1201 3794 1218 3825 ι
1267 3775 1469 3829 Guttur
1498 3780 1666 3838 enim,
1725 3778 1802 3831 ait
1835 3777 1980 3830 Scri-

398 3877 564 3935 ptura
593 3867 638 3932 ‘,
676 3877 834 3937 gustu
865 3882 1017 3921 escas
1042 3868 1326 3936 tlijudical,
1361 3886 1378 3916 ι
1417 3868 1465 3921 id
1501 3878 1606 3931 ρει,
1642 3879 1830 3936 gustus
1872 3870 1978 3937 spi-

395 3957 638 4011 ritualis
674 3958 858 4012 omnia
883 3968 1155 4028 patenter,
1179 3961 1352 4027 qualia
1379 3961 1505 4024 sint,
1556 3970 1703 4013 certo
1753 3961 1979 4029 detegit.

1039 4320 1113 4372 De
1136 4320 1374 4374 lectione.

465 4433 613 4486 ἨΑ
664 4432 784 4486 Sitit
809 4432 902 4485 tibi
945 4435 1238 4498 Ioperanti,
1295 4434 1371 4487 ait
1422 4434 1652 4499 Climax,
1713 4437 1976 4492 lectiones

418 4527 693 4592 practicae.
721 4523 827 4578 llas
852 4526 994 4578 enim
1021 4525 1234 4578 facienti
1262 4525 1536 4594 superflua
1564 4540 1644 4580 est
1669 4529 1770 4580 alia
1794 4529 1975 4582 leCtio.

2086 3311 2367 3379 βαρεῖσθαι
2390 3313 2508 3363 τότε
2546 3314 2640 3383 τὴν
2693 3315 2868 3384 ψυχὴν
2901 3317 2959 3366 ἐν
3000 3317 3226 3386 τοιαύτῃ
3280 3317 3456 3385 ἀπάτῃ
3479 3333 3493 3346 ·
3526 3319 3653 3370 ἀντὶ

2084 3401 2137 3451 δὲ
2169 3403 2704 3472 ειςροσινηςχαράν
2725 3406 2917 3472 ἀλογον
2962 3410 3055 3458 και
3104 3408 3340 3477 eorum
3373 3408 3653 3478 κάθυγρα-ι

2087 3493 2394 3559 προσάγων,
2424 3493 2600 3562 οἴησιν
2651 3495 2716 3548 ὲκ
2747 3496 2975 3560 τούτων,
3007 3499 3100 3548 καὶ
3129 3498 3297 3565 τῦφον
3321 3497 3554 3567 ὁρᾶσθαι
3575 3517 3654 3550 τι·

2088 3583 2364 3650 κτάμενον,
2399 3583 2684 3638 λανθάνειν
2717 3587 2911 3639 ἑαυτὸν
2959 3591 3071 3649 τοῖς
3122 3589 3395 3657 ἀπείροις,
3447 3590 3550 3642 ,καὶ
3583 3591 3653 3650 ὡς

2088 3674 2246 3742 χάριν
2277 3675 2590 3744 ἐνεργοῦσιν
2622 3677 2719 3747 τὴν
2775 3678 2940 3731 αὑτοῦ
2991 3679 3199 3750 πλάνην
3233 3681 3489 3749 ἡγεῖσθαι
3537 3681 3654 3749 βιά-

2089 3763 2230 3826 ζοιτο
2259 3782 2270 3794 ο
2307 3765 2418 3817 ἀλλ’
2457 3766 2548 3820 οὖν
2589 3770 2616 3820 6
2659 3769 2886 3838 χρόνος,
2930 3772 3023 3821 καὶ
3076 3773 3108 3839 ὴ
3149 3773 3335 3840 πεῖρα,
3384 3773 3478 3823 καὶ
3515 3774 3547 3840 ἡ
3576 3771 3654 3823 αι-

2089 3853 2277 3922 σθησις
2301 3858 2530 3928 φανερὸν
2567 3862 2739 3911 ποιεῖν
2772 3860 2932 3912 αὐτὸν
2965 3862 3196 3928 πέφυκε,
3215 3863 3326 3922 τοῖς
3354 3864 3431 3931 μὴ
3454 3863 3655 3930 σφόδρα

2088 3944 2340 4009 ἀγνοοῦσι
2363 3947 2458 4015 τὴν
2479 3947 2643 4000 αὐτοῦ
2671 3953 3023 4019 πανουργίαν.
3048 3969 3064 4001 ι
3089 3949 3305 4021 Φάρυγξ
3335 3952 3462 4020 γάρ,
3500 3969 3655 4020 ego»

2089 4036 2124 4103 ἡ
2151 4035 2361 4104 Γραφὴ,
2393 4035 2657 4105 βρώματα
2691 4038 3003 4106 διακρίνει.»
3050 4039 3364 4099 Τουτέστιν,
3402 4041 3435 4104 ὴ
3473 4037 3656 4104 γεῦσις

2092 4129 2480 4196 πνευματικῶς
2516 4129 2626 4200 [Ῐσ.
2664 4129 3031 4200 πνευματικὴ]
3090 4129 3228 4198 δῆλα
3266 4129 3440 4181 πάντα
3500 4129 3657 4182 ὁποῖά

2092 4219 2218 4280 εἰσι,
2254 4218 2522 4272 δείκνυσιν
2551 4221 2827 4283 ἀπλανῶς.

2575 4335 2711 4402 Περὶ
2744 4333 3156 4405 ἀναγνώσεως.

2153 4447 2254 4501 ια’.
2301 4448 2478 4500 Ἔστω
2520 4465 2601 4499 σοι
2641 4447 2849 4516 ἐργάτῃ
2882 4447 3014 4510 δντι,
3069 4445 3232 4513 φησὶν
3261 4447 3289 4497 ὁ
3318 4446 3420 4513 τῆς
3452 4446 3661 4514 Κλίμαο

2057 4523 2206 4603 λκος,
2242 4541 2310 4593 τὰ
2361 4541 2844 4607 ἀναγινωσκόμενα
2890 4538 3188 4608 πρακτικά.
3235 4536 3452 4590 Τούτων
3500 4540 3657 4607 γὰρὴ

403 4616 548 4686 Lt'ge
581 4625 760 4670 autem
784 4631 997 4684 semper
1049 4615 1216 4670 libros
1237 4617 1304 4671 de
1339 4619 1520 4686 quiete
1583 4629 1636 4671 et
1664 4620 1926 4673 ‘oratione
1961 4636 1973 4672 :

2093 4631 2324 4701 ἐργασία
2355 4631 2611 4700 περιττὴν
2649 4633 2883 4682 ποιεῖται
2908 4629 3003 4698 τὴν
3037 4627 3144 4680 τῶν
3185 4627 3390 4679 λοιπῶν
3421 4630 3662 4694 ἀνάγνω-

407 4720 557 4777 puta,
587 4709 1054 4776 opera-Clitnacis,
1086 4711 1260 4764 sancti
1311 4711 1486 4776 ISaac,
1525 4713 1696 4765 sancti
1743 4713 1982 4777 Maximi,

405 4799 530 4848 novi
557 4798 840 4868 'flieologi,
885 4799 1136 4869 discipuli
1197 4801 1314 4868 ejus
1383 4800 1636 4867 Sietliati,
1710 4802 1984 4872 llesycliii,

405 4885 677 4941 Pitilotbei
729 4888 957 4942 ~Sinaitte.
993 4929 1008 4954 ,
1077 4897 1130 4942 et
1193 4892 1375 4942 talium
1444 4894 1985 4962 talia-quacunque.

407 4978 634 5048 lteliqua
664 4995 792 5034 vero
827 4981 1184 5048 prietermitte
1206 4983 1270 5035 ad
1300 4993 1531 5050 tempus,
1573 4975 1676 5040 non
1728 4996 1981 5054 tanquam

408 5072 721 5141 rejiciettda,
757 5073 850 5126 St'd
919 5084 1179 5142 tanquam
1215 5090 1321 5128 non
1355 5077 1716 5130 conducentia
1741 5079 1806 5130 ad
1867 5095 1986 5134 sco-

409 5178 538 5230 pum
561 5172 794 5218 mentem
845 5164 899 5216 in
954 5179 1141 5218 eorum
1196 5165 1542 5235 indagatione
1595 5168 1665 5222 ab
1726 5171 1978 5224 oratiooe

404 5256 689 5306 dimatant.
717 5252 859 5325 Lege
883 5269 1042 5322 porro
1088 5255 1258 5321 solus,
1325 5271 1432 5310 non
1489 5275 1672 5313 vocem
1713 5261 1974 5330 jactantia

407 5344 626 5410 iuuans,
659 5360 764 5400 nec
795 5361 916 5401 cum
949 5347 1129 5402 studio
1179 5348 1443 5404 facundiae
1505 5353 1826 5420 procedens,
1880 5373 1978 5410 nec

409 5434 611 5503 eloquii
643 5445 924 5490 venustate
947 5446 1040 5492 aut
1060 5452 1262 5492 canora
1293 5441 1559 5496 suavitate
1619 5452 1828 5512 captus,
1880 5463 1978 5500 nec

411 5526 608 5581 absens
633 5538 887 5595 tanquam
925 5543 1166 5598 presens
1198 5531 1491 5600 cupiditate
1543 5543 1733 5602 raptus
1786 5535 1981 5604 aliqui-

413 5618 515 5669 bus
539 5618 808 5685 placendi,
843 5636 942 5676 nec
973 5637 1094 5676 cum
1129 5621 1438 5692 inexplebili
1510 5625 1793 5689 aviditate.
1853 5629 1978 5697 quia

415 5720 577 5758 omne
602 5711 936 5765 moderatum
963 5723 1045 5768 est
1071 5715 1358 5783 optimum,
1414 5733 1512 5772 nec
1567 5722 1866 5774 oscitanter
1926 5732 1981 5775 et

899 5892 925 5910 ιν

488 5884 649 5941 'Job.
691 5904 872 5952 um,
899 5892 953 5944 ’5.

2096 4742 2199 4778 σιν.
2249 4722 2546 4789 ’Λνάγνωθι
2578 4722 2633 4773 δὲ
2656 4722 2742 4773 ἀεὶ
2773 4722 2841 4773 τά
2871 4723 2997 4790 περὶ
3034 4720 3265 4798 ἡσυχίας
3301 4721 3394 4770 καὶ
3429 4734 3659 4784 προτευ-

2095 4817 2223 4885 χῆς’
2258 4809 2366 4866 οἷον
2397 4815 2478 4874 είς
2512 4815 2608 4882 τὴν
2657 4812 2937 4881 Κλίμακα,
2997 4812 3079 4872 είς
3131 4810 3223 4862 τὸν
3265 4810 3418 4876 ἅγιον
3459 4810 3658 4868 Ἰσαὰκ,

2093 4911 2161 4960 τὰ
2189 4906 2282 4958 τοῦ
2309 4905 2462 4973 ἁγίου
2497 4904 2769 4973 Μαξίμου,
2808 4905 2877 4956 τὰ
2907 4903 2998 4956 τοῦ
3027 4903 3148 4957 νέου
3177 4903 3458 4966 Θεολόγου.
3488 4907 3554 4951 τά
3572 4897 3660 4949 τοῦ

2099 4998 2339 5068 μαθητοῦ
2390 4997 2554 5049 αὑτοῦ
2607 4996 2900 5066 Στηθάτου,
2933 4995 3001 5047 τά
3033 4994 3124 5047 τοῦ
3163 4992 3442 5062 Ἡσυχίου,
3471 4991 3540 5043 τά
3572 4989 3660 5041 τοῦ

2095 5091 2346 5142 ιῐιιλοθέου
2381 5089 2474 5141 τοῦ
2500 5089 2766 5149 Σιναῖτου,
2830 5086 3054 5139 καὶτῶν
3084 5084 3337 5137 τοιούτων
3376 5085 3472 5136 ὅσα
3487 5081 3664 5134 τοιαῦ-

2095 5199 2184 5234 τα.
2219 5181 2298 5234 Τὰ
2331 5179 2388 5233 δὲ
2416 5179 2577 5232 λοιπά
2608 5178 2742 5246 ἄφες
2771 5177 2877 5240 ἕως
2904 5175 3116 5247 καιροῦ,
3143 5175 3241 5242 οὐχ
3258 5173 3334 5235 ὡς
3365 5174 3661 5240 ἀπόϐλητα,

2098 5271 2211 5323 ἀλλ’
2240 5273 2314 5332 t'o;
2373 5271 2448 5341 μὴ
2503 5269 2882 5339 συμῦάλλοντα
2915 5269 2992 5336 τῷ
3047 5266 3254 5334 σκοπῷ,
3299 5267 3390 5318 τὸν
3427 5263 3553 5317 νοῦν
3589 5265 3663 5321 εἰς

2102 5363 2340 5434 ἱστορίαν
2398 5363 2576 5414 αὐτῶν
2628 5358 3022 5428 μετακινοῦντα
3066 5358 3173 5410 ἀπὸ
3201 5357 3304 5424 τῆς
3340 5355 3658 5425 προσευχῆς.

2104 5455 2286 5507 Ἔστω
2305 5470 2397 5506 σου
2429 5453 2485 5506 δὲ
2519 5454 2552 5522 ἡ
2578 5453 2882 5518 ἀνάγνωσις
2920 5450 3061 5503 κατὰ
3097 5450 3286 5517 μόνας,
3321 5449 3395 5516 μὴ
3433 5449 3490 5499 ὲν
3513 5446 3658 5512 φωνῇ

2089 5547 2307 5613 κόμπου
2343 5543 2707 5608 μεγαλαυχου,
2747 5541 2820 5606 μὴ
2853 5541 2909 5586 εν
2965 5535 3167 5604 σπουδῇ
3210 5532 3541 5598 εὐγλωττίας
3571 5542 3662 5575 που

2091 5636 2316 5708 ρευτῶς,
2371 5635 2403 5702 ἢ
2442 5633 2760 5701 καλλιεπειᾳ
2815 5631 2969 5697 λόγου
3009 5629 3040 5699 ἢ
3098 5626 3376 5696 ἐμμελοῦς
3406 5623 3596 5694 ἡδονῆς
3630 5619 3658 5688 ἦ

2091 5731 2245 5783 ἀπὼν
2279 5727 2353 5789 ὡς
2397 5723 2587 5795 παρὼν
2636 5722 2898 5793 ἐμπαθῶς
2937 5719 3269 5791 σνλούμενος
3332 5715 3659 5781 ἀναισθήτως
