  <div class='ocr_page' id='page_1' title='image "/cluster/home/n/w/nwhite01/storage/ocr_20150623/150/hvd.32044073498826/668.png"; bbox 0 0 3994 6206; ppageno 0'>
   <div class='ocr_carea' id='block_1_1' title="bbox 412 418 546 481">
    <p class='ocr_par' dir='ltr' id='par_1_1' title="bbox 412 418 546 481">
     <span class='ocr_line' id='line_1_1' title="bbox 412 418 546 481; baseline -0.022 0"><span class='ocrx_word' id='word_1_1' title='bbox 412 418 546 481; x_wconf 73' lang='lat'>1325</span> 
     </span>
    </p>
   </div>
   <div class='ocr_carea' id='block_1_2' title="bbox 1040 419 2964 497">
    <p class='ocr_par' dir='ltr' id='par_1_2' title="bbox 1040 419 2964 497">
     <span class='ocr_line' id='line_1_2' title="bbox 1040 419 2964 497; baseline 0.009 -18"><span class='ocrx_word' id='word_1_2' title='bbox 1040 419 1137 479; x_wconf 84' lang='lat' dir='ltr'>DE</span> <span class='ocrx_word' id='word_1_3' title='bbox 1178 419 1672 490; x_wconf 78' lang='lat' dir='ltr'>QUIE&#39;I‘UDINE</span> <span class='ocrx_word' id='word_1_4' title='bbox 1728 426 1821 486; x_wconf 88' lang='lat' dir='ltr'>ET</span> <span class='ocrx_word' id='word_1_5' title='bbox 1866 429 2179 489; x_wconf 87' lang='lat' dir='ltr'>DUOBUS</span> <span class='ocrx_word' id='word_1_6' title='bbox 2242 431 2662 491; x_wconf 74' lang='lat' dir='ltr'>ORATIONIS</span> <span class='ocrx_word' id='word_1_7' title='bbox 2704 435 2964 497; x_wconf 79' lang='lat' dir='ltr'>MODIS.</span> 
     </span>
    </p>
   </div>
   <div class='ocr_carea' id='block_1_3' title="bbox 3508 441 3641 502">
    <p class='ocr_par' dir='ltr' id='par_1_3' title="bbox 3508 441 3641 502">
     <span class='ocr_line' id='line_1_3' title="bbox 3508 441 3641 502; baseline 0.023 -3"><span class='ocrx_word' id='word_1_8' title='bbox 3508 441 3641 502; x_wconf 66' lang='lat'>13:20</span> 
     </span>
    </p>
   </div>
   <div class='ocr_carea' id='block_1_4' title="bbox 404 525 1977 612">
    <p class='ocr_par' dir='ltr' id='par_1_4' title="bbox 404 525 1977 602">
     <span class='ocr_line' id='line_1_4' title="bbox 404 525 1977 602; baseline 0.005 -25"><span class='ocrx_word' id='word_1_9' title='bbox 404 525 541 595; x_wconf 89' lang='grc' dir='ltr'>πρός</span> <span class='ocrx_word' id='word_1_10' title='bbox 569 542 731 578; x_wconf 88' lang='grc' dir='ltr'>τινων</span> <span class='ocrx_word' id='word_1_11' title='bbox 774 526 1090 596; x_wconf 84' lang='grc' dir='ltr'>ἀρέσκειαν,</span> <span class='ocrx_word' id='word_1_12' title='bbox 1141 530 1278 597; x_wconf 81' lang='grc' dir='ltr'>μηδὲ</span> <span class='ocrx_word' id='word_1_13' title='bbox 1312 530 1475 584; x_wconf 86' lang='grc' dir='ltr'>πάλιν</span> <span class='ocrx_word' id='word_1_14' title='bbox 1528 532 1850 602; x_wconf 81' lang='grc' dir='ltr'>ἀπλήστως·</span> <span class='ocrx_word' id='word_1_15' title='bbox 1900 536 1977 586; x_wconf 80' lang='grc' dir='ltr'>ὅτι</span> 
     </span>
    </p>
   </div>
   <div class='ocr_carea' id='block_1_5' title="bbox 2083 525 3643 612">
    <p class='ocr_par' dir='ltr' id='par_1_5' title="bbox 2083 538 3643 612">
     <span class='ocr_line' id='line_1_5' title="bbox 2083 538 3643 612; baseline 0.006 -21"><span class='ocrx_word' id='word_1_16' title='bbox 2083 538 2464 604; x_wconf 73' lang='lat' dir='ltr'><strong>perfunctorie,</strong></span> <span class='ocrx_word' id='word_1_17' title='bbox 2498 546 2593 597; x_wconf 90' lang='lat' dir='ltr'>sed</span> <span class='ocrx_word' id='word_1_18' title='bbox 2625 546 2882 612; x_wconf 78' lang='lat' dir='ltr'><strong>graviter,</strong></span> <span class='ocrx_word' id='word_1_19' title='bbox 2920 546 3198 609; x_wconf 86' lang='lat' dir='ltr'><strong>decenter,</strong></span> <span class='ocrx_word' id='word_1_20' title='bbox 3254 550 3426 611; x_wconf 87' lang='lat' dir='ltr'><strong>tirme,</strong></span> <span class='ocrx_word' id='word_1_21' title='bbox 3484 552 3643 603; x_wconf 86' lang='lat' dir='ltr'><strong>intel-</strong></span> 
     </span>
    </p>
   </div>
   <div class='ocr_carea' id='block_1_6' title="bbox 400 614 1979 690">
    <p class='ocr_par' dir='ltr' id='par_1_6' title="bbox 400 614 1979 690">
     <span class='ocr_line' id='line_1_6' title="bbox 400 614 1979 690; baseline 0.006 -25"><span class='ocrx_word' id='word_1_22' title='bbox 400 615 509 666; x_wconf 76' lang='grc' dir='ltr'>πᾶν</span> <span class='ocrx_word' id='word_1_23' title='bbox 538 614 736 685; x_wconf 90' lang='grc' dir='ltr'>μέτρον</span> <span class='ocrx_word' id='word_1_24' title='bbox 762 616 1001 686; x_wconf 82' lang='grc' dir='ltr'>ἄριστον,</span> <span class='ocrx_word' id='word_1_25' title='bbox 1035 616 1168 686; x_wconf 76' lang='grc' dir='ltr'>μηδὲ</span> <span class='ocrx_word' id='word_1_26' title='bbox 1200 620 1464 689; x_wconf 77' lang='grc' dir='ltr'>τραχέως,</span> <span class='ocrx_word' id='word_1_27' title='bbox 1491 621 1623 690; x_wconf 85' lang='grc' dir='ltr'>μηδέ</span> <span class='ocrx_word' id='word_1_28' title='bbox 1645 621 1868 690; x_wconf 83' lang='grc' dir='ltr'>νωθρῶς</span> <span class='ocrx_word' id='word_1_29' title='bbox 1886 626 1979 675; x_wconf 80' lang='grc' dir='ltr'>καὶ</span> 
     </span>
    </p>
   </div>
   <div class='ocr_carea' id='block_1_7' title="bbox 398 704 1975 778">
    <p class='ocr_par' dir='ltr' id='par_1_7' title="bbox 398 704 1975 778">
     <span class='ocr_line' id='line_1_7' title="bbox 398 704 1975 778; baseline 0.006 -21"><span class='ocrx_word' id='word_1_30' title='bbox 398 704 803 775; x_wconf 73' lang='grc' dir='ltr'>ἠμελημένως,</span> <span class='ocrx_word' id='word_1_31' title='bbox 860 707 997 761; x_wconf 87' lang='grc' dir='ltr'>ἀλλά</span> <span class='ocrx_word' id='word_1_32' title='bbox 1045 709 1277 778; x_wconf 78' lang='grc' dir='ltr'>σεμνῶς,</span> <span class='ocrx_word' id='word_1_33' title='bbox 1342 713 1623 775; x_wconf 84' lang='grc' dir='ltr'>ἐπιεικῶς,</span> <span class='ocrx_word' id='word_1_34' title='bbox 1677 714 1975 777; x_wconf 76' lang='grc' dir='ltr'>εὐσταθῶς,</span> 
     </span>
    </p>
   </div>
   <div class='ocr_carea' id='block_1_8' title="bbox 402 800 1979 876">
    <p class='ocr_par' dir='ltr' id='par_1_8' title="bbox 402 800 1979 876">
     <span class='ocr_line' id='line_1_8' title="bbox 402 800 1979 876; baseline 0.005 -25"><span class='ocrx_word' id='word_1_35' title='bbox 402 800 659 863; x_wconf 86' lang='grc' dir='ltr'>συνετῶς,</span> <span class='ocrx_word' id='word_1_36' title='bbox 692 800 999 871; x_wconf 74' lang='grc' dir='ltr'>εὐρύθμως,</span> <span class='ocrx_word' id='word_1_37' title='bbox 1021 803 1221 870; x_wconf 89' lang='grc' dir='ltr'>νοερῶς</span> <span class='ocrx_word' id='word_1_38' title='bbox 1239 819 1298 855; x_wconf 88' lang='grc' dir='ltr'>τε</span> <span class='ocrx_word' id='word_1_39' title='bbox 1316 806 1408 857; x_wconf 66' lang='grc' dir='ltr'>καὶ</span> <span class='ocrx_word' id='word_1_40' title='bbox 1429 804 1696 875; x_wconf 67' lang='grc' dir='ltr'>ψυχικῶς,</span> <span class='ocrx_word' id='word_1_41' title='bbox 1724 808 1757 876; x_wconf 76' lang='grc' dir='ltr'><strong>ἢ</strong></span> <span class='ocrx_word' id='word_1_42' title='bbox 1780 806 1873 859; x_wconf 70' lang='grc' dir='ltr'>καὶ</span> <span class='ocrx_word' id='word_1_43' title='bbox 1893 806 1979 858; x_wconf 77' lang='grc' dir='ltr'>λο-</span> 
     </span>
    </p>
   </div>
   <div class='ocr_carea' id='block_1_9' title="bbox 400 882 1977 969">
    <p class='ocr_par' dir='ltr' id='par_1_9' title="bbox 400 892 1977 969">
     <span class='ocr_line' id='line_1_9' title="bbox 400 892 1977 969; baseline 0.006 -26"><span class='ocrx_word' id='word_1_44' title='bbox 400 892 591 957; x_wconf 86' lang='grc' dir='ltr'>γικῶς.</span> <span class='ocrx_word' id='word_1_45' title='bbox 630 893 717 944; x_wconf 89' lang='grc' dir='ltr'>Ἐν</span> <span class='ocrx_word' id='word_1_46' title='bbox 740 892 949 955; x_wconf 76' lang='grc' dir='ltr'>τούτοις</span> <span class='ocrx_word' id='word_1_47' title='bbox 979 895 1087 965; x_wconf 76' lang='grc' dir='ltr'>γὰρ</span> <span class='ocrx_word' id='word_1_48' title='bbox 1126 895 1311 949; x_wconf 80' lang='grc' dir='ltr'>ὲνδυνσ</span> <span class='ocrx_word' id='word_1_49' title='bbox 1324 896 1589 965; x_wconf 79' lang='grc' dir='ltr'>μούμενος</span> <span class='ocrx_word' id='word_1_50' title='bbox 1609 900 1636 950; x_wconf 90' lang='grc' dir='ltr'>ό</span> <span class='ocrx_word' id='word_1_51' title='bbox 1655 898 1798 963; x_wconf 83' lang='grc' dir='ltr'>νοῦς,</span> <span class='ocrx_word' id='word_1_52' title='bbox 1827 900 1977 969; x_wconf 75' lang='grc' dir='ltr'>ίσχὺν</span> 
     </span>
    </p>
   </div>
   <div class='ocr_carea' id='block_1_10' title="bbox 399 980 1977 1057">
    <p class='ocr_par' dir='ltr' id='par_1_10' title="bbox 399 980 1977 1057">
     <span class='ocr_line' id='line_1_10' title="bbox 399 980 1977 1057; baseline 0.005 -26"><span class='ocrx_word' id='word_1_53' title='bbox 399 985 457 1033; x_wconf 85' lang='grc' dir='ltr'>ἐν</span> <span class='ocrx_word' id='word_1_54' title='bbox 481 980 591 1044; x_wconf 76' lang='grc' dir='ltr'>ἕξει</span> <span class='ocrx_word' id='word_1_55' title='bbox 620 980 910 1049; x_wconf 87' lang='grc' dir='ltr'>λαμϐάνει,</span> <span class='ocrx_word' id='word_1_56' title='bbox 939 985 1019 1047; x_wconf 82' lang='grc' dir='ltr'>είς</span> <span class='ocrx_word' id='word_1_57' title='bbox 1048 986 1111 1036; x_wconf 84' lang='grc' dir='ltr'>τὸ</span> <span class='ocrx_word' id='word_1_58' title='bbox 1136 986 1537 1056; x_wconf 80' lang='grc' dir='ltr'>προσεύχεσθαι</span> <span class='ocrx_word' id='word_1_59' title='bbox 1574 987 1871 1057; x_wconf 83' lang='grc' dir='ltr'>κραταιῶς.</span> <span class='ocrx_word' id='word_1_60' title='bbox 1891 988 1977 1041; x_wconf 86' lang='grc' dir='ltr'>Ἑν</span> 
     </span>
    </p>
   </div>
   <div class='ocr_carea' id='block_1_11' title="bbox 398 1071 1977 1144">
    <p class='ocr_par' dir='ltr' id='par_1_11' title="bbox 398 1071 1977 1144">
     <span class='ocr_line' id='line_1_11' title="bbox 398 1071 1977 1144; baseline 0.006 -20"><span class='ocrx_word' id='word_1_61' title='bbox 398 1071 454 1125; x_wconf 80' lang='grc' dir='ltr'>δὲ</span> <span class='ocrx_word' id='word_1_62' title='bbox 474 1074 585 1135; x_wconf 88' lang='grc' dir='ltr'>τοῖς</span> <span class='ocrx_word' id='word_1_63' title='bbox 613 1073 1033 1142; x_wconf 77' lang='grc' dir='ltr'>προειρημένοις</span> <span class='ocrx_word' id='word_1_64' title='bbox 1078 1079 1338 1141; x_wconf 78' lang='grc' dir='ltr'>ἐναντίοις</span> <span class='ocrx_word' id='word_1_65' title='bbox 1370 1080 1595 1144; x_wconf 88' lang='grc' dir='ltr'>τούτων,</span> <span class='ocrx_word' id='word_1_66' title='bbox 1622 1082 1886 1134; x_wconf 85' lang='grc' dir='ltr'>σκότωσίν</span> <span class='ocrx_word' id='word_1_67' title='bbox 1922 1099 1977 1134; x_wconf 86' lang='grc' dir='ltr'>τε</span> 
     </span>
    </p>
   </div>
   <div class='ocr_carea' id='block_1_12' title="bbox 2075 630 3644 699">
    <p class='ocr_par' dir='ltr' id='par_1_12' title="bbox 2075 630 3644 699">
     <span class='ocr_line' id='line_1_12' title="bbox 2075 630 3644 699; baseline 0.009 -19"><span class='ocrx_word' id='word_1_68' title='bbox 2075 630 2324 699; x_wconf 79' lang='lat' dir='ltr'><strong>ligenter,</strong></span> <span class='ocrx_word' id='word_1_69' title='bbox 2355 648 2667 697; x_wconf 80' lang='lat' dir='ltr'><strong>numerose,</strong></span> <span class='ocrx_word' id='word_1_70' title='bbox 2700 650 2820 688; x_wconf 87' lang='lat' dir='ltr'>cum</span> <span class='ocrx_word' id='word_1_71' title='bbox 2871 636 3166 699; x_wconf 80' lang='lat' dir='ltr'><strong>intellccm,</strong></span> <span class='ocrx_word' id='word_1_72' title='bbox 3229 639 3407 691; x_wconf 88' lang='lat' dir='ltr'><strong>anima</strong></span> <span class='ocrx_word' id='word_1_73' title='bbox 3442 648 3495 691; x_wconf 92' lang='lat' dir='ltr'>et</span> <span class='ocrx_word' id='word_1_74' title='bbox 3551 655 3644 695; x_wconf 86' lang='lat' dir='ltr'><strong>ra-</strong></span> 
     </span>
    </p>
   </div>
   <div class='ocr_carea' id='block_1_13' title="bbox 2074 721 3640 794">
    <p class='ocr_par' dir='ltr' id='par_1_13' title="bbox 2074 721 3640 794">
     <span class='ocr_line' id='line_1_13' title="bbox 2074 721 3640 794; baseline 0.008 -21"><span class='ocrx_word' id='word_1_75' title='bbox 2074 722 2238 776; x_wconf 88' lang='lat' dir='ltr'><strong>tione.</strong></span> <span class='ocrx_word' id='word_1_76' title='bbox 2268 721 2325 775; x_wconf 87' lang='lat' dir='ltr'>ln</span> <span class='ocrx_word' id='word_1_77' title='bbox 2360 725 2444 777; x_wconf 89' lang='lat' dir='ltr'>his</span> <span class='ocrx_word' id='word_1_78' title='bbox 2471 726 2614 777; x_wconf 87' lang='lat' dir='ltr'><strong>enim</strong></span> <span class='ocrx_word' id='word_1_79' title='bbox 2637 727 2984 779; x_wconf 69' lang='lat' dir='ltr'>corroborata</span> <span class='ocrx_word' id='word_1_80' title='bbox 3014 743 3189 794; x_wconf 86' lang='lat' dir='ltr'><strong>mens,</strong></span> <span class='ocrx_word' id='word_1_81' title='bbox 3241 731 3387 783; x_wconf 82' lang='lat' dir='ltr'><strong>vires</strong></span> <span class='ocrx_word' id='word_1_82' title='bbox 3454 732 3640 787; x_wconf 76' lang='lat' dir='ltr'><strong>habitu</strong></span> 
     </span>
    </p>
   </div>
   <div class='ocr_carea' id='block_1_14' title="bbox 2073 814 3641 889">
    <p class='ocr_par' dir='ltr' id='par_1_14' title="bbox 2073 814 3641 889">
     <span class='ocr_line' id='line_1_14' title="bbox 2073 814 3641 889; baseline 0.006 -25"><span class='ocrx_word' id='word_1_83' title='bbox 2073 814 2310 880; x_wconf 83' lang='lat' dir='ltr'><strong>acquirit</strong></span> <span class='ocrx_word' id='word_1_84' title='bbox 2340 817 2405 867; x_wconf 89' lang='lat' dir='ltr'>ad</span> <span class='ocrx_word' id='word_1_85' title='bbox 2436 816 2649 869; x_wconf 86' lang='lat' dir='ltr'><strong>fortiter</strong></span> <span class='ocrx_word' id='word_1_86' title='bbox 2708 823 2997 870; x_wconf 88' lang='lat' dir='ltr'><strong>orandum.</strong></span> <span class='ocrx_word' id='word_1_87' title='bbox 3060 821 3114 871; x_wconf 83' lang='lat' dir='ltr'><strong>In</strong></span> <span class='ocrx_word' id='word_1_88' title='bbox 3175 822 3412 889; x_wconf 83' lang='lat' dir='ltr'><strong>praefatis</strong></span> <span class='ocrx_word' id='word_1_89' title='bbox 3459 833 3641 876; x_wconf 90' lang='lat' dir='ltr'><strong>autem</strong></span> 
     </span>
    </p>
   </div>
   <div class='ocr_carea' id='block_1_15' title="bbox 2074 903 3648 980">
    <p class='ocr_par' dir='ltr' id='par_1_15' title="bbox 2074 903 3648 980">
     <span class='ocr_line' id='line_1_15' title="bbox 2074 903 3648 980; baseline 0.008 -28"><span class='ocrx_word' id='word_1_90' title='bbox 2074 903 2266 953; x_wconf 87' lang='lat' dir='ltr'><strong>horum</strong></span> <span class='ocrx_word' id='word_1_91' title='bbox 2318 906 2653 970; x_wconf 88' lang='lat' dir='ltr'><strong>contrariis,</strong></span> <span class='ocrx_word' id='word_1_92' title='bbox 2692 907 3014 973; x_wconf 58' lang='lat' dir='ltr'><strong>ca‘citatem,</strong></span> <span class='ocrx_word' id='word_1_93' title='bbox 3053 911 3315 964; x_wconf 77' lang='lat' dir='ltr'><strong>desidiam</strong></span> <span class='ocrx_word' id='word_1_94' title='bbox 3347 922 3400 964; x_wconf 89' lang='lat' dir='ltr'>et</span> <span class='ocrx_word' id='word_1_95' title='bbox 3434 923 3648 980; x_wconf 82' lang='lat' dir='ltr'><strong>pertur-</strong></span> 
     </span>
    </p>
   </div>
   <div class='ocr_carea' id='block_1_16' title="bbox 2073 995 3643 1059">
    <p class='ocr_par' dir='ltr' id='par_1_16' title="bbox 2073 995 3643 1059">
     <span class='ocr_line' id='line_1_16' title="bbox 2073 995 3643 1059; baseline 0.008 -14"><span class='ocrx_word' id='word_1_96' title='bbox 2073 995 2342 1048; x_wconf 86' lang='lat' dir='ltr'><strong>bationem</strong></span> <span class='ocrx_word' id='word_1_97' title='bbox 2371 998 2616 1059; x_wconf 92' lang='lat' dir='ltr'><strong>incurrit,</strong></span> <span class='ocrx_word' id='word_1_98' title='bbox 2680 999 2749 1051; x_wconf 91' lang='lat' dir='ltr'>ita</span> <span class='ocrx_word' id='word_1_99' title='bbox 2791 1012 2849 1052; x_wconf 90' lang='lat' dir='ltr'>ut</span> <span class='ocrx_word' id='word_1_100' title='bbox 2903 1002 3157 1055; x_wconf 83' lang='lat' dir='ltr'><strong>doleatiu</strong></span> <span class='ocrx_word' id='word_1_101' title='bbox 3212 1004 3436 1057; x_wconf 81' lang='lat' dir='ltr'><strong>cerebro</strong></span> <span class='ocrx_word' id='word_1_102' title='bbox 3479 1005 3643 1058; x_wconf 86' lang='lat' dir='ltr'><strong>intel-</strong></span> 
     </span>
    </p>
   </div>
   <div class='ocr_carea' id='block_1_17' title="bbox 2073 1088 3153 1157">
    <p class='ocr_par' dir='ltr' id='par_1_17' title="bbox 2073 1088 3153 1157">
     <span class='ocr_line' id='line_1_17' title="bbox 2073 1088 3153 1157; baseline 0.009 -21"><span class='ocrx_word' id='word_1_103' title='bbox 2073 1088 2269 1157; x_wconf 79' lang='lat' dir='ltr'><strong>lectus,</strong></span> <span class='ocrx_word' id='word_1_104' title='bbox 2297 1099 2350 1141; x_wconf 92' lang='lat' dir='ltr'>et</span> <span class='ocrx_word' id='word_1_105' title='bbox 2381 1089 2446 1141; x_wconf 86' lang='lat' dir='ltr'>ad</span> <span class='ocrx_word' id='word_1_106' title='bbox 2474 1089 2779 1143; x_wconf 87' lang='lat' dir='ltr'><strong>orationem</strong></span> <span class='ocrx_word' id='word_1_107' title='bbox 2817 1090 3153 1146; x_wconf 86' lang='lat' dir='ltr'><strong>debilitetur.</strong></span> 
     </span>
    </p>
   </div>
   <div class='ocr_carea' id='block_1_18' title="bbox 402 1155 3634 1260">
    <p class='ocr_par' dir='ltr' id='par_1_18' title="bbox 402 1155 3634 1260">
     <span class='ocr_line' id='line_1_18' title="bbox 402 1155 3634 1260; baseline 0.012 -56"><span class='ocrx_word' id='word_1_108' title='bbox 402 1155 497 1205; x_wconf 70' lang='grc' dir='ltr'>καὶ</span> <span class='ocrx_word' id='word_1_109' title='bbox 548 1156 851 1225; x_wconf 82' lang='grc' dir='ltr'>χαύνωσιν,</span> <span class='ocrx_word' id='word_1_110' title='bbox 886 1164 980 1214; x_wconf 79' lang='grc' dir='ltr'>καὶ</span> <span class='ocrx_word' id='word_1_111' title='bbox 1030 1163 1292 1218; x_wconf 75' lang='grc' dir='ltr'>ἔκστασιν</span> <span class='ocrx_word' id='word_1_112' title='bbox 1319 1166 1515 1219; x_wconf 77' lang='grc' dir='ltr'>κτᾶται</span> <span class='ocrx_word' id='word_1_113' title='bbox 1540 1183 1552 1195; x_wconf 80' lang='grc'><strong>’</strong></span> <span class='ocrx_word' id='word_1_114' title='bbox 1606 1166 1748 1221; x_wconf 71' lang='grc' dir='ltr'>ὥστε</span> <span class='ocrx_word' id='word_1_115' title='bbox 1777 1171 1966 1237; x_wconf 79' lang='grc' dir='ltr'>ἀλγεῖν</span> <span class='ocrx_word' id='word_1_116' title='bbox 1991 1173 2085 1228; x_wconf 74' lang='grc' dir='ltr'>καὶ</span> <span class='ocrx_word' id='word_1_117' title='bbox 2121 1176 2183 1230; x_wconf 82' lang='grc' dir='ltr'>τὸ</span> <span class='ocrx_word' id='word_1_118' title='bbox 2210 1178 2536 1248; x_wconf 72' lang='grc' dir='ltr'>ἡγεμονικὸν</span> <span class='ocrx_word' id='word_1_119' title='bbox 2577 1190 2636 1239; x_wconf 84' lang='grc' dir='ltr'>ὲν</span> <span class='ocrx_word' id='word_1_120' title='bbox 2661 1187 2739 1257; x_wconf 83' lang='grc' dir='ltr'>τῷ</span> <span class='ocrx_word' id='word_1_121' title='bbox 2766 1189 3080 1259; x_wconf 72' lang='grc' dir='ltr'>ἐγκεφάλῳ,</span> <span class='ocrx_word' id='word_1_122' title='bbox 3110 1192 3200 1242; x_wconf 70' lang='grc' dir='ltr'>καί</span> <span class='ocrx_word' id='word_1_123' title='bbox 3226 1194 3304 1252; x_wconf 83' lang='grc' dir='ltr'>εἰς</span> <span class='ocrx_word' id='word_1_124' title='bbox 3334 1192 3434 1260; x_wconf 84' lang='grc' dir='ltr'>τὴν</span> <span class='ocrx_word' id='word_1_125' title='bbox 3466 1209 3634 1260; x_wconf 75' lang='grc' dir='ltr'>προσο</span> 
     </span>
    </p>
   </div>
   <div class='ocr_carea' id='block_1_19' title="bbox 398 1245 824 1314">
    <p class='ocr_par' dir='ltr' id='par_1_19' title="bbox 398 1245 824 1314">
     <span class='ocr_line' id='line_1_19' title="bbox 398 1245 824 1314; baseline 0.016 -18"><span class='ocrx_word' id='word_1_126' title='bbox 398 1245 562 1314; x_wconf 81' lang='grc' dir='ltr'>ευχὴν</span> <span class='ocrx_word' id='word_1_127' title='bbox 591 1250 824 1303; x_wconf 84' lang='grc' dir='ltr'>ἀτονεῖν.</span> 
     </span>
    </p>
   </div>
   <div class='ocr_carea' id='block_1_20' title="bbox 467 1349 1968 1420">
    <p class='ocr_par' dir='ltr' id='par_1_20' title="bbox 467 1349 1968 1420">
     <span class='ocr_line' id='line_1_20' title="bbox 467 1349 1968 1420; baseline 0.001 -19"><span class='ocrx_word' id='word_1_128' title='bbox 467 1349 555 1419; x_wconf 87' lang='grc' dir='ltr'>ιβ’.</span> <span class='ocrx_word' id='word_1_129' title='bbox 582 1350 825 1420; x_wconf 84' lang='grc' dir='ltr'>Πρόσεχε</span> <span class='ocrx_word' id='word_1_130' title='bbox 875 1350 933 1403; x_wconf 84' lang='grc' dir='ltr'>δὲ</span> <span class='ocrx_word' id='word_1_131' title='bbox 968 1367 1061 1402; x_wconf 90' lang='grc' dir='ltr'>και</span> <span class='ocrx_word' id='word_1_132' title='bbox 1118 1352 1184 1419; x_wconf 81' lang='grc' dir='ltr'>τῇ</span> <span class='ocrx_word' id='word_1_133' title='bbox 1235 1351 1489 1420; x_wconf 81' lang='grc' dir='ltr'>προθέσει</span> <span class='ocrx_word' id='word_1_134' title='bbox 1544 1351 1667 1404; x_wconf 73' lang='grc' dir='ltr'>καθ’</span> <span class='ocrx_word' id='word_1_135' title='bbox 1696 1350 1868 1420; x_wconf 79' lang='grc' dir='ltr'>ὥραν,</span> <span class='ocrx_word' id='word_1_136' title='bbox 1911 1354 1968 1403; x_wconf 89' lang='grc' dir='ltr'>ἐν</span> 
     </span>
    </p>
   </div>
   <div class='ocr_carea' id='block_1_21' title="bbox 395 1440 1979 1512">
    <p class='ocr_par' dir='ltr' id='par_1_21' title="bbox 395 1440 1979 1512">
     <span class='ocr_line' id='line_1_21' title="bbox 395 1440 1979 1512; baseline 0.001 -21"><span class='ocrx_word' id='word_1_137' title='bbox 395 1440 615 1512; x_wconf 80' lang='grc' dir='ltr'>ἀκριϐεῖ</span> <span class='ocrx_word' id='word_1_138' title='bbox 646 1443 903 1510; x_wconf 79' lang='grc' dir='ltr'>ἐρευνᾷν,</span> <span class='ocrx_word' id='word_1_139' title='bbox 936 1441 1038 1494; x_wconf 91' lang='grc' dir='ltr'>ποῦ</span> <span class='ocrx_word' id='word_1_140' title='bbox 1066 1442 1243 1509; x_wconf 85' lang='grc' dir='ltr'>ῥέπει,</span> <span class='ocrx_word' id='word_1_141' title='bbox 1277 1444 1323 1494; x_wconf 86' lang='grc' dir='ltr'>εί</span> <span class='ocrx_word' id='word_1_142' title='bbox 1354 1442 1497 1495; x_wconf 85' lang='grc' dir='ltr'>κατά</span> <span class='ocrx_word' id='word_1_143' title='bbox 1520 1443 1653 1495; x_wconf 78' lang='grc' dir='ltr'>Θεὸν</span> <span class='ocrx_word' id='word_1_144' title='bbox 1674 1443 1741 1494; x_wconf 87' lang='grc' dir='ltr'>δι’</span> <span class='ocrx_word' id='word_1_145' title='bbox 1770 1441 1899 1494; x_wconf 76' lang='grc' dir='ltr'>αὐτὸ</span> <span class='ocrx_word' id='word_1_146' title='bbox 1920 1443 1979 1493; x_wconf 73' lang='grc' dir='ltr'>τὸ</span> 
     </span>
    </p>
   </div>
   <div class='ocr_carea' id='block_1_22' title="bbox 398 1531 1976 1603">
    <p class='ocr_par' dir='ltr' id='par_1_22' title="bbox 398 1531 1976 1603">
     <span class='ocr_line' id='line_1_22' title="bbox 398 1531 1976 1603; baseline 0.001 -21"><span class='ocrx_word' id='word_1_147' title='bbox 398 1531 761 1595; x_wconf 74' lang='grc' dir='ltr'>καλὸν,ένεκα</span> <span class='ocrx_word' id='word_1_148' title='bbox 782 1532 1019 1601; x_wconf 69' lang='grc' dir='ltr'>ψυχικῆς</span> <span class='ocrx_word' id='word_1_149' title='bbox 1051 1532 1316 1598; x_wconf 83' lang='grc' dir='ltr'>ὠφελείας</span> <span class='ocrx_word' id='word_1_150' title='bbox 1339 1533 1574 1603; x_wconf 82' lang='grc' dir='ltr'>κάθησαι</span> <span class='ocrx_word' id='word_1_151' title='bbox 1606 1533 1913 1603; x_wconf 77' lang='grc' dir='ltr'>ἡσυχάζων,</span> <span class='ocrx_word' id='word_1_152' title='bbox 1943 1535 1976 1603; x_wconf 76' lang='grc' dir='ltr'>ἢ</span> 
     </span>
    </p>
   </div>
   <div class='ocr_carea' id='block_1_23' title="bbox 398 1619 1979 1692">
    <p class='ocr_par' dir='ltr' id='par_1_23' title="bbox 398 1619 1979 1692">
     <span class='ocr_line' id='line_1_23' title="bbox 398 1619 1979 1692; baseline 0.001 -20"><span class='ocrx_word' id='word_1_153' title='bbox 398 1619 704 1689; x_wconf 76' lang='grc' dir='ltr'>ψάλλων,ἢ</span> <span class='ocrx_word' id='word_1_154' title='bbox 755 1619 1167 1687; x_wconf 81' lang='grc' dir='ltr'>ἀναγινώσκων,</span> <span class='ocrx_word' id='word_1_155' title='bbox 1222 1621 1253 1690; x_wconf 77' lang='grc' dir='ltr'>ἢ</span> <span class='ocrx_word' id='word_1_156' title='bbox 1293 1623 1747 1691; x_wconf 82' lang='grc' dir='ltr'>προσευχόμενος,</span> <span class='ocrx_word' id='word_1_157' title='bbox 1799 1624 1831 1692; x_wconf 86' lang='grc' dir='ltr'>ἢ</span> <span class='ocrx_word' id='word_1_158' title='bbox 1884 1622 1979 1675; x_wconf 67' lang='grc' dir='ltr'>τὴν</span> 
     </span>
    </p>
   </div>
   <div class='ocr_carea' id='block_1_24' title="bbox 400 1712 1976 1785">
    <p class='ocr_par' dir='ltr' id='par_1_24' title="bbox 400 1712 1976 1785">
     <span class='ocr_line' id='line_1_24' title="bbox 400 1712 1976 1785; baseline -0.001 -21"><span class='ocrx_word' id='word_1_159' title='bbox 400 1712 613 1766; x_wconf 87' lang='grc' dir='ltr'>οίανοῦν</span> <span class='ocrx_word' id='word_1_160' title='bbox 634 1714 835 1783; x_wconf 79' lang='grc' dir='ltr'>ἀρετὴν</span> <span class='ocrx_word' id='word_1_161' title='bbox 860 1714 1250 1784; x_wconf 73' lang='grc' dir='ltr'>ἐργαζόμενος,</span> <span class='ocrx_word' id='word_1_162' title='bbox 1298 1715 1383 1768; x_wconf 79' lang='grc' dir='ltr'>ἵνα</span> <span class='ocrx_word' id='word_1_163' title='bbox 1418 1716 1492 1785; x_wconf 84' lang='grc' dir='ltr'>μὴ</span> <span class='ocrx_word' id='word_1_164' title='bbox 1534 1716 1764 1768; x_wconf 83' lang='grc' dir='ltr'>συλᾶσαι</span> <span class='ocrx_word' id='word_1_165' title='bbox 1805 1718 1976 1781; x_wconf 62' lang='grc' dir='ltr'>ἀγνύ-</span> 
     </span>
    </p>
   </div>
   <div class='ocr_carea' id='block_1_25' title="bbox 403 1805 1978 1878">
    <p class='ocr_par' dir='ltr' id='par_1_25' title="bbox 403 1805 1978 1878">
     <span class='ocr_line' id='line_1_25' title="bbox 403 1805 1978 1878; baseline 0.002 -19"><span class='ocrx_word' id='word_1_166' title='bbox 403 1823 576 1869; x_wconf 75' lang='grc' dir='ltr'>στωςο</span> <span class='ocrx_word' id='word_1_167' title='bbox 637 1807 831 1876; x_wconf 79' lang='grc' dir='ltr'>μήπως</span> <span class='ocrx_word' id='word_1_168' title='bbox 908 1805 1139 1876; x_wconf 78' lang='grc' dir='ltr'>εὑρεθῇς</span> <span class='ocrx_word' id='word_1_169' title='bbox 1209 1807 1287 1876; x_wconf 82' lang='grc' dir='ltr'>τῷ</span> <span class='ocrx_word' id='word_1_170' title='bbox 1344 1809 1444 1875; x_wconf 74' lang='grc' dir='ltr'>μὲν</span> <span class='ocrx_word' id='word_1_171' title='bbox 1509 1810 1750 1878; x_wconf 84' lang='grc' dir='ltr'>σχήματι</span> <span class='ocrx_word' id='word_1_172' title='bbox 1818 1808 1978 1877; x_wconf 72' lang='grc' dir='ltr'>ἐργά-</span> 
     </span>
    </p>
   </div>
   <div class='ocr_carea' id='block_1_26' title="bbox 399 1899 1977 1971">
    <p class='ocr_par' dir='ltr' id='par_1_26' title="bbox 399 1899 1977 1971">
     <span class='ocr_line' id='line_1_26' title="bbox 399 1899 1977 1971; baseline 0.001 -20"><span class='ocrx_word' id='word_1_173' title='bbox 399 1917 533 1968; x_wconf 86' lang='grc' dir='ltr'>της,</span> <span class='ocrx_word' id='word_1_174' title='bbox 599 1900 678 1969; x_wconf 81' lang='grc' dir='ltr'>τῷ</span> <span class='ocrx_word' id='word_1_175' title='bbox 741 1900 797 1952; x_wconf 82' lang='grc' dir='ltr'>δὲ</span> <span class='ocrx_word' id='word_1_176' title='bbox 849 1899 1035 1970; x_wconf 83' lang='grc' dir='ltr'>τρόπῳ</span> <span class='ocrx_word' id='word_1_177' title='bbox 1092 1900 1189 1953; x_wconf 79' lang='grc' dir='ltr'>καὶ</span> <span class='ocrx_word' id='word_1_178' title='bbox 1243 1903 1309 1969; x_wconf 84' lang='grc' dir='ltr'>τῇ</span> <span class='ocrx_word' id='word_1_179' title='bbox 1373 1900 1583 1970; x_wconf 76' lang='grc' dir='ltr'>διανοίᾳ</span> <span class='ocrx_word' id='word_1_180' title='bbox 1642 1900 1977 1971; x_wconf 84' lang='grc' dir='ltr'>ἀνθρώποις,</span> 
     </span>
    </p>
   </div>
   <div class='ocr_carea' id='block_1_27' title="bbox 400 1990 1980 2061">
    <p class='ocr_par' dir='ltr' id='par_1_27' title="bbox 400 1990 1980 2061">
     <span class='ocr_line' id='line_1_27' title="bbox 400 1990 1980 2061; baseline 0 -17"><span class='ocrx_word' id='word_1_181' title='bbox 400 1992 495 2044; x_wconf 78' lang='grc' dir='ltr'>καὶ</span> <span class='ocrx_word' id='word_1_182' title='bbox 536 1992 597 2043; x_wconf 88' lang='grc' dir='ltr'>οὑ</span> <span class='ocrx_word' id='word_1_183' title='bbox 645 1990 762 2060; x_wconf 86' lang='grc' dir='ltr'>Θεῷ</span> <span class='ocrx_word' id='word_1_184' title='bbox 817 1991 1076 2060; x_wconf 82' lang='grc' dir='ltr'>ἀρέσκειν</span> <span class='ocrx_word' id='word_1_185' title='bbox 1128 1992 1468 2061; x_wconf 86' lang='grc' dir='ltr'>βουλόμενος.</span> <span class='ocrx_word' id='word_1_186' title='bbox 1536 1992 1713 2046; x_wconf 87' lang='grc' dir='ltr'>Πολλά</span> <span class='ocrx_word' id='word_1_187' title='bbox 1762 1993 1869 2061; x_wconf 79' lang='grc' dir='ltr'>γὰρ</span> <span class='ocrx_word' id='word_1_188' title='bbox 1915 1993 1980 2045; x_wconf 78' lang='grc' dir='ltr'>τὰ</span> 
     </span>
    </p>
   </div>
   <div class='ocr_carea' id='block_1_28' title="bbox 399 2084 1979 2155">
    <p class='ocr_par' dir='ltr' id='par_1_28' title="bbox 399 2084 1979 2155">
     <span class='ocr_line' id='line_1_28' title="bbox 399 2084 1979 2155; baseline 0.001 -20"><span class='ocrx_word' id='word_1_189' title='bbox 399 2084 587 2154; x_wconf 78' lang='grc' dir='ltr'>ἔνεδρα</span> <span class='ocrx_word' id='word_1_190' title='bbox 643 2084 737 2136; x_wconf 88' lang='grc' dir='ltr'>τοῦ</span> <span class='ocrx_word' id='word_1_191' title='bbox 813 2084 1008 2151; x_wconf 91' lang='grc' dir='ltr'>δολίου,</span> <span class='ocrx_word' id='word_1_192' title='bbox 1069 2087 1163 2138; x_wconf 71' lang='grc' dir='ltr'>καὶ</span> <span class='ocrx_word' id='word_1_193' title='bbox 1226 2086 1431 2155; x_wconf 78' lang='grc' dir='ltr'>σφόδρα</span> <span class='ocrx_word' id='word_1_194' title='bbox 1498 2086 1745 2155; x_wconf 80' lang='grc' dir='ltr'>κρυφίως</span> <span class='ocrx_word' id='word_1_195' title='bbox 1797 2085 1979 2154; x_wconf 83' lang='grc' dir='ltr'>βλέπει</span> 
     </span>
    </p>
   </div>
   <div class='ocr_carea' id='block_1_29' title="bbox 399 2174 1978 2247">
    <p class='ocr_par' dir='ltr' id='par_1_29' title="bbox 399 2174 1978 2247">
     <span class='ocr_line' id='line_1_29' title="bbox 399 2174 1978 2247; baseline 0.001 -20"><span class='ocrx_word' id='word_1_196' title='bbox 399 2175 498 2245; x_wconf 83' lang='grc' dir='ltr'>τὴν</span> <span class='ocrx_word' id='word_1_197' title='bbox 547 2174 717 2246; x_wconf 78' lang='grc' dir='ltr'>ῥοπὴν</span> <span class='ocrx_word' id='word_1_198' title='bbox 766 2177 865 2244; x_wconf 86' lang='grc' dir='ltr'>τῆς</span> <span class='ocrx_word' id='word_1_199' title='bbox 928 2177 1241 2246; x_wconf 84' lang='grc' dir='ltr'>προθέσεως</span> <span class='ocrx_word' id='word_1_200' title='bbox 1304 2178 1379 2240; x_wconf 88' lang='grc' dir='ltr'>ὼς</span> <span class='ocrx_word' id='word_1_201' title='bbox 1437 2179 1800 2247; x_wconf 83' lang='grc' dir='ltr'>ἀγνοούμενος</span> <span class='ocrx_word' id='word_1_202' title='bbox 1868 2181 1978 2239; x_wconf 84' lang='grc' dir='ltr'>τοῖς</span> 
     </span>
    </p>
   </div>
   <div class='ocr_carea' id='block_1_30' title="bbox 402 2268 1979 2341">
    <p class='ocr_par' dir='ltr' id='par_1_30' title="bbox 402 2268 1979 2341">
     <span class='ocr_line' id='line_1_30' title="bbox 402 2268 1979 2341; baseline 0.002 -22"><span class='ocrx_word' id='word_1_203' title='bbox 402 2268 618 2331; x_wconf 79' lang='grc' dir='ltr'>πολλοῖς</span> <span class='ocrx_word' id='word_1_204' title='bbox 650 2309 664 2332; x_wconf 92' lang='grc'>,</span> <span class='ocrx_word' id='word_1_205' title='bbox 696 2269 791 2321; x_wconf 70' lang='grc' dir='ltr'>καὶ</span> <span class='ocrx_word' id='word_1_206' title='bbox 817 2271 903 2321; x_wconf 83' lang='grc' dir='ltr'>ἀεὶ</span> <span class='ocrx_word' id='word_1_207' title='bbox 939 2268 1184 2337; x_wconf 85' lang='grc' dir='ltr'>βούλεται</span> <span class='ocrx_word' id='word_1_208' title='bbox 1204 2271 1371 2341; x_wconf 83' lang='grc' dir='ltr'>συλᾷν</span> <span class='ocrx_word' id='word_1_209' title='bbox 1396 2269 1459 2322; x_wconf 80' lang='grc' dir='ltr'>τὸ</span> <span class='ocrx_word' id='word_1_210' title='bbox 1482 2271 1642 2339; x_wconf 77' lang='grc' dir='ltr'>ἔργον</span> <span class='ocrx_word' id='word_1_211' title='bbox 1669 2270 1979 2338; x_wconf 76' lang='grc' dir='ltr'>ἀγνώστως,</span> 
     </span>
    </p>
   </div>
   <div class='ocr_carea' id='block_1_31' title="bbox 403 2360 1982 2433">
    <p class='ocr_par' dir='ltr' id='par_1_31' title="bbox 403 2360 1982 2433">
     <span class='ocr_line' id='line_1_31' title="bbox 403 2360 1982 2433; baseline 0.002 -21"><span class='ocrx_word' id='word_1_212' title='bbox 403 2360 492 2412; x_wconf 81' lang='grc' dir='ltr'>ἵνα</span> <span class='ocrx_word' id='word_1_213' title='bbox 518 2360 592 2430; x_wconf 83' lang='grc' dir='ltr'>μὴ</span> <span class='ocrx_word' id='word_1_214' title='bbox 624 2360 764 2413; x_wconf 85' lang='grc' dir='ltr'>κατά</span> <span class='ocrx_word' id='word_1_215' title='bbox 801 2361 935 2414; x_wconf 79' lang='grc' dir='ltr'>Θεὸν</span> <span class='ocrx_word' id='word_1_216' title='bbox 966 2362 1193 2430; x_wconf 85' lang='grc' dir='ltr'>γένηται</span> <span class='ocrx_word' id='word_1_217' title='bbox 1226 2363 1286 2414; x_wconf 90' lang='grc' dir='ltr'>τὸ</span> <span class='ocrx_word' id='word_1_218' title='bbox 1317 2363 1623 2432; x_wconf 88' lang='grc' dir='ltr'>γινόμενον.</span> <span class='ocrx_word' id='word_1_219' title='bbox 1649 2364 1709 2415; x_wconf 77' lang='grc' dir='ltr'>ΕΞ</span> <span class='ocrx_word' id='word_1_220' title='bbox 1739 2364 1851 2433; x_wconf 89' lang='grc' dir='ltr'>γάρ</span> <span class='ocrx_word' id='word_1_221' title='bbox 1889 2365 1982 2415; x_wconf 69' lang='grc' dir='ltr'>καὶ</span> 
     </span>
    </p>
   </div>
   <div class='ocr_carea' id='block_1_32' title="bbox 400 2451 1981 2525">
    <p class='ocr_par' dir='ltr' id='par_1_32' title="bbox 400 2451 1981 2525">
     <span class='ocr_line' id='line_1_32' title="bbox 400 2451 1981 2525; baseline 0.001 -21"><span class='ocrx_word' id='word_1_222' title='bbox 400 2451 697 2514; x_wconf 86' lang='grc' dir='ltr'>ἀνενδότως</span> <span class='ocrx_word' id='word_1_223' title='bbox 730 2452 977 2521; x_wconf 86' lang='grc' dir='ltr'>πολεμεῖ,</span> <span class='ocrx_word' id='word_1_224' title='bbox 1010 2454 1104 2505; x_wconf 77' lang='grc' dir='ltr'>καὶ</span> <span class='ocrx_word' id='word_1_225' title='bbox 1144 2452 1378 2516; x_wconf 84' lang='grc' dir='ltr'>ἀναιδῶς</span> <span class='ocrx_word' id='word_1_226' title='bbox 1419 2454 1809 2525; x_wconf 78' lang='grc' dir='ltr'>προσέρχεται,</span> <span class='ocrx_word' id='word_1_227' title='bbox 1848 2454 1981 2506; x_wconf 82' lang='grc' dir='ltr'>ἀλλὰ</span> 
     </span>
    </p>
   </div>
   <div class='ocr_carea' id='block_1_33' title="bbox 402 2541 1980 2613">
    <p class='ocr_par' dir='ltr' id='par_1_33' title="bbox 402 2541 1980 2613">
     <span class='ocr_line' id='line_1_33' title="bbox 402 2541 1980 2613; baseline 0.003 -20"><span class='ocrx_word' id='word_1_228' title='bbox 402 2543 469 2594; x_wconf 80' lang='grc' dir='ltr'>σὺ</span> <span class='ocrx_word' id='word_1_229' title='bbox 499 2541 720 2610; x_wconf 80' lang='grc' dir='ltr'>βεϐαίαν</span> <span class='ocrx_word' id='word_1_230' title='bbox 751 2542 849 2613; x_wconf 82' lang='grc' dir='ltr'>τὴν</span> <span class='ocrx_word' id='word_1_231' title='bbox 884 2542 1144 2612; x_wconf 83' lang='grc' dir='ltr'>πρόθεσιν</span> <span class='ocrx_word' id='word_1_232' title='bbox 1168 2543 1248 2607; x_wconf 88' lang='grc' dir='ltr'>είς</span> <span class='ocrx_word' id='word_1_233' title='bbox 1278 2542 1410 2595; x_wconf 81' lang='grc' dir='ltr'>Θεὸν</span> <span class='ocrx_word' id='word_1_234' title='bbox 1458 2544 1618 2612; x_wconf 75' lang='grc' dir='ltr'>ἔχων,</span> <span class='ocrx_word' id='word_1_235' title='bbox 1651 2544 1713 2596; x_wconf 90' lang='grc' dir='ltr'>οὑ</span> <span class='ocrx_word' id='word_1_236' title='bbox 1749 2544 1980 2597; x_wconf 82' lang='grc' dir='ltr'>συλᾶσαι</span> 
     </span>
    </p>
   </div>
   <div class='ocr_carea' id='block_1_34' title="bbox 402 2632 1952 2706">
    <p class='ocr_par' dir='ltr' id='par_1_34' title="bbox 402 2632 1952 2706">
     <span class='ocr_line' id='line_1_34' title="bbox 402 2632 1952 2706; baseline 0.005 -22"><span class='ocrx_word' id='word_1_237' title='bbox 402 2632 634 2702; x_wconf 87' lang='grc' dir='ltr'>συχνῶς,</span> <span class='ocrx_word' id='word_1_238' title='bbox 661 2632 762 2685; x_wconf 81' lang='grc' dir='ltr'>κᾶν</span> <span class='ocrx_word' id='word_1_239' title='bbox 795 2633 1063 2695; x_wconf 80' lang='grc' dir='ltr'>ἀκουσίως</span> <span class='ocrx_word' id='word_1_240' title='bbox 1101 2634 1399 2704; x_wconf 79' lang='grc' dir='ltr'>ῥέμϐεσθαι</span> <span class='ocrx_word' id='word_1_241' title='bbox 1432 2636 1521 2687; x_wconf 83' lang='grc' dir='ltr'>ὑπ’</span> <span class='ocrx_word' id='word_1_242' title='bbox 1555 2637 1764 2689; x_wconf 86' lang='grc' dir='ltr'>ἐκείνου</span> <span class='ocrx_word' id='word_1_243' title='bbox 1793 2636 1952 2706; x_wconf 75' lang='grc' dir='ltr'>βιάξη</span> 
     </span>
    </p>
   </div>
   <div class='ocr_carea' id='block_1_35' title="bbox 400 2725 1979 2798">
    <p class='ocr_par' dir='ltr' id='par_1_35' title="bbox 400 2725 1979 2798">
     <span class='ocr_line' id='line_1_35' title="bbox 400 2725 1979 2798; baseline 0.004 -23"><span class='ocrx_word' id='word_1_244' title='bbox 400 2741 492 2778; x_wconf 88' lang='grc' dir='ltr'>ται</span> <span class='ocrx_word' id='word_1_245' title='bbox 527 2727 559 2795; x_wconf 84' lang='grc' dir='ltr'>ἡ</span> <span class='ocrx_word' id='word_1_246' title='bbox 591 2727 731 2796; x_wconf 73' lang='grc' dir='ltr'>ῥοπὴ</span> <span class='ocrx_word' id='word_1_247' title='bbox 760 2726 855 2778; x_wconf 91' lang='grc' dir='ltr'>τοῦ</span> <span class='ocrx_word' id='word_1_248' title='bbox 881 2725 1202 2795; x_wconf 85' lang='grc' dir='ltr'>θελήματος.</span> <span class='ocrx_word' id='word_1_249' title='bbox 1232 2727 1343 2779; x_wconf 79' lang='grc' dir='ltr'>Καὶ</span> <span class='ocrx_word' id='word_1_250' title='bbox 1373 2729 1503 2790; x_wconf 83' lang='grc' dir='ltr'>ἴσως</span> <span class='ocrx_word' id='word_1_251' title='bbox 1532 2730 1564 2798; x_wconf 82' lang='grc' dir='ltr'>ἢ</span> <span class='ocrx_word' id='word_1_252' title='bbox 1598 2729 1693 2781; x_wconf 76' lang='grc' dir='ltr'>καὶ</span> <span class='ocrx_word' id='word_1_253' title='bbox 1732 2728 1792 2792; x_wconf 79' lang='grc' dir='ltr'>ἐξ</span> <span class='ocrx_word' id='word_1_254' title='bbox 1819 2730 1979 2782; x_wconf 86' lang='grc' dir='ltr'>ἀσθε-</span> 
     </span>
    </p>
   </div>
   <div class='ocr_carea' id='block_1_36' title="bbox 404 2817 1979 2889">
    <p class='ocr_par' dir='ltr' id='par_1_36' title="bbox 404 2817 1979 2889">
     <span class='ocr_line' id='line_1_36' title="bbox 404 2817 1979 2889; baseline 0.003 -20"><span class='ocrx_word' id='word_1_255' title='bbox 404 2817 550 2880; x_wconf 84' lang='grc' dir='ltr'>νείας</span> <span class='ocrx_word' id='word_1_256' title='bbox 573 2818 798 2885; x_wconf 79' lang='grc' dir='ltr'>ἡττᾶταί</span> <span class='ocrx_word' id='word_1_257' title='bbox 831 2834 913 2880; x_wconf 90' lang='grc' dir='ltr'>τις</span> <span class='ocrx_word' id='word_1_258' title='bbox 934 2818 1225 2883; x_wconf 82' lang='grc' dir='ltr'>ἀκουσίως,</span> <span class='ocrx_word' id='word_1_259' title='bbox 1250 2818 1365 2871; x_wconf 87' lang='grc' dir='ltr'>ἀλλ’</span> <span class='ocrx_word' id='word_1_260' title='bbox 1399 2820 1630 2887; x_wconf 78' lang='grc' dir='ltr'>ἑτοίμως</span> <span class='ocrx_word' id='word_1_261' title='bbox 1684 2824 1979 2889; x_wconf 83' lang='grc' dir='ltr'>συγχωρεῖ-</span> 
     </span>
    </p>
   </div>
   <div class='ocr_carea' id='block_1_37' title="bbox 405 2908 1981 2980">
    <p class='ocr_par' dir='ltr' id='par_1_37' title="bbox 405 2908 1981 2980">
     <span class='ocr_line' id='line_1_37' title="bbox 405 2908 1981 2980; baseline 0.003 -21"><span class='ocrx_word' id='word_1_262' title='bbox 405 2924 492 2961; x_wconf 86' lang='grc' dir='ltr'>ται</span> <span class='ocrx_word' id='word_1_263' title='bbox 533 2908 629 2959; x_wconf 78' lang='grc' dir='ltr'>καὶ</span> <span class='ocrx_word' id='word_1_264' title='bbox 650 2910 952 2961; x_wconf 84' lang='grc' dir='ltr'>ἐπαινεῖται</span> <span class='ocrx_word' id='word_1_265' title='bbox 983 2909 1131 2978; x_wconf 84' lang='grc' dir='ltr'>παρά</span> <span class='ocrx_word' id='word_1_266' title='bbox 1162 2909 1255 2962; x_wconf 88' lang='grc' dir='ltr'>τοῦ</span> <span class='ocrx_word' id='word_1_267' title='bbox 1302 2909 1401 2973; x_wconf 84' lang='grc' dir='ltr'>τὰς</span> <span class='ocrx_word' id='word_1_268' title='bbox 1426 2911 1713 2980; x_wconf 89' lang='grc' dir='ltr'>προθέσεις</span> <span class='ocrx_word' id='word_1_269' title='bbox 1762 2913 1858 2964; x_wconf 76' lang='grc' dir='ltr'>καὶ</span> <span class='ocrx_word' id='word_1_270' title='bbox 1881 2912 1981 2975; x_wconf 86' lang='grc' dir='ltr'>τάς</span> 
     </span>
    </p>
   </div>
   <div class='ocr_carea' id='block_1_38' title="bbox 403 2988 1981 3075">
    <p class='ocr_par' dir='ltr' id='par_1_38' title="bbox 403 2988 1981 3075">
     <span class='ocr_line' id='line_1_38' title="bbox 403 2988 1981 3075; baseline 0.004 -24"><span class='ocrx_word' id='word_1_271' title='bbox 403 2999 629 3069; x_wconf 82' lang='grc' dir='ltr'>καρδίας</span> <span class='ocrx_word' id='word_1_272' title='bbox 655 2999 1035 3065; x_wconf 80' lang='grc' dir='ltr'>γινώσκοντος.</span> <span class='ocrx_word' id='word_1_273' title='bbox 1059 3001 1229 3053; x_wconf 89' lang='grc' dir='ltr'>Τοῦτο</span> <span class='ocrx_word' id='word_1_274' title='bbox 1244 2988 1305 3055; x_wconf 79' lang='grc' dir='ltr'>τὸ</span> <span class='ocrx_word' id='word_1_275' title='bbox 1332 3001 1528 3067; x_wconf 82' lang='grc' dir='ltr'>πάθος,</span> <span class='ocrx_word' id='word_1_276' title='bbox 1546 3004 1645 3075; x_wconf 89' lang='grc' dir='ltr'>τῆς</span> <span class='ocrx_word' id='word_1_277' title='bbox 1674 3005 1981 3071; x_wconf 82' lang='grc' dir='ltr'>κενοδοξίας</span> 
     </span>
    </p>
   </div>
   <div class='ocr_carea' id='block_1_39' title="bbox 399 3089 1977 3166">
    <p class='ocr_par' dir='ltr' id='par_1_39' title="bbox 399 3089 1977 3166">
     <span class='ocr_line' id='line_1_39' title="bbox 399 3089 1977 3166; baseline 0.004 -26"><span class='ocrx_word' id='word_1_278' title='bbox 399 3089 564 3157; x_wconf 85' lang='grc' dir='ltr'>λέγω,</span> <span class='ocrx_word' id='word_1_279' title='bbox 598 3091 697 3142; x_wconf 69' lang='grc' dir='ltr'>οὐκ</span> <span class='ocrx_word' id='word_1_280' title='bbox 749 3093 813 3161; x_wconf 81' lang='grc' dir='ltr'>ἐᾷ</span> <span class='ocrx_word' id='word_1_281' title='bbox 861 3092 954 3144; x_wconf 83' lang='grc' dir='ltr'>τὸν</span> <span class='ocrx_word' id='word_1_282' title='bbox 998 3092 1231 3161; x_wconf 75' lang='grc' dir='ltr'>μοναχὸν</span> <span class='ocrx_word' id='word_1_283' title='bbox 1270 3094 1545 3163; x_wconf 69' lang='grc' dir='ltr'>προκόψαι</span> <span class='ocrx_word' id='word_1_284' title='bbox 1609 3097 1688 3157; x_wconf 85' lang='grc' dir='ltr'>είς</span> <span class='ocrx_word' id='word_1_285' title='bbox 1744 3096 1977 3166; x_wconf 85' lang='grc' dir='ltr'>ἀρετήν·</span> 
     </span>
    </p>
   </div>
   <div class='ocr_carea' id='block_1_40' title="bbox 2149 1362 3649 1437">
    <p class='ocr_par' dir='ltr' id='par_1_40' title="bbox 2149 1362 3649 1437">
     <span class='ocr_line' id='line_1_40' title="bbox 2149 1362 3649 1437; baseline 0.005 -22"><span class='ocrx_word' id='word_1_286' title='bbox 2149 1363 2234 1417; x_wconf 69' lang='lat'>1‘2.</span> <span class='ocrx_word' id='word_1_287' title='bbox 2263 1362 2496 1415; x_wconf 71' lang='lat' dir='ltr'><strong>Attende</strong></span> <span class='ocrx_word' id='word_1_288' title='bbox 2525 1362 2688 1414; x_wconf 87' lang='lat' dir='ltr'><strong>etiam</strong></span> <span class='ocrx_word' id='word_1_289' title='bbox 2710 1363 2994 1416; x_wconf 74' lang='lat' dir='ltr'>intentioni</span> <span class='ocrx_word' id='word_1_290' title='bbox 3017 1378 3340 1433; x_wconf 87' lang='lat' dir='ltr'><strong>quocunque</strong></span> <span class='ocrx_word' id='word_1_291' title='bbox 3385 1377 3649 1437; x_wconf 86' lang='lat' dir='ltr'><strong>tempore,</strong></span> 
     </span>
    </p>
   </div>
   <div class='ocr_carea' id='block_1_41' title="bbox 2075 1453 3647 1523">
    <p class='ocr_par' dir='ltr' id='par_1_41' title="bbox 2075 1453 3647 1523">
     <span class='ocr_line' id='line_1_41' title="bbox 2075 1453 3647 1523; baseline 0.003 -16"><span class='ocrx_word' id='word_1_292' title='bbox 2075 1453 2365 1522; x_wconf 76' lang='lat' dir='ltr'><strong>diligenter</strong></span> <span class='ocrx_word' id='word_1_293' title='bbox 2399 1462 2655 1506; x_wconf 81' lang='lat' dir='ltr'><strong>scrutans</strong></span> <span class='ocrx_word' id='word_1_294' title='bbox 2687 1468 2795 1519; x_wconf 90' lang='lat' dir='ltr'>quo</span> <span class='ocrx_word' id='word_1_295' title='bbox 2820 1465 3029 1519; x_wconf 76' lang='lat' dir='ltr'><strong>vergat,</strong></span> <span class='ocrx_word' id='word_1_296' title='bbox 3073 1471 3139 1506; x_wconf 87' lang='lat' dir='ltr'>an</span> <span class='ocrx_word' id='word_1_297' title='bbox 3205 1456 3378 1523; x_wconf 89' lang='lat' dir='ltr'><strong>ipsum</strong></span> <span class='ocrx_word' id='word_1_298' title='bbox 3446 1458 3647 1512; x_wconf 82' lang='lat' dir='ltr'><strong>bonum</strong></span> 
     </span>
    </p>
   </div>
   <div class='ocr_carea' id='block_1_42' title="bbox 2078 1543 3648 1613">
    <p class='ocr_par' dir='ltr' id='par_1_42' title="bbox 2078 1543 3648 1613">
     <span class='ocr_line' id='line_1_42' title="bbox 2078 1543 3648 1613; baseline -0.001 -15"><span class='ocrx_word' id='word_1_299' title='bbox 2078 1556 2296 1613; x_wconf 78' lang='lat' dir='ltr'>propter</span> <span class='ocrx_word' id='word_1_300' title='bbox 2331 1546 2496 1597; x_wconf 89' lang='lat' dir='ltr'><strong>Deum</strong></span> <span class='ocrx_word' id='word_1_301' title='bbox 2530 1543 2719 1609; x_wconf 78' lang='lat' dir='ltr'>facias,</span> <span class='ocrx_word' id='word_1_302' title='bbox 2745 1559 2810 1596; x_wconf 88' lang='lat' dir='ltr'><strong>an</strong></span> <span class='ocrx_word' id='word_1_303' title='bbox 2846 1555 3064 1611; x_wconf 81' lang='lat' dir='ltr'><strong>propter</strong></span> <span class='ocrx_word' id='word_1_304' title='bbox 3125 1550 3318 1599; x_wconf 73' lang='lat' dir='ltr'><strong>anima:</strong></span> <span class='ocrx_word' id='word_1_305' title='bbox 3368 1547 3648 1601; x_wconf 81' lang='lat' dir='ltr'><strong>utilitatem</strong></span> 
     </span>
    </p>
   </div>
   <div class='ocr_carea' id='block_1_43' title="bbox 2077 1635 3650 1704">
    <p class='ocr_par' dir='ltr' id='par_1_43' title="bbox 2077 1635 3650 1704">
     <span class='ocr_line' id='line_1_43' title="bbox 2077 1635 3650 1704; baseline 0.001 -14"><span class='ocrx_word' id='word_1_306' title='bbox 2077 1640 2267 1692; x_wconf 88' lang='lat' dir='ltr'><strong>sedeas</strong></span> <span class='ocrx_word' id='word_1_307' title='bbox 2292 1639 2528 1704; x_wconf 89' lang='lat' dir='ltr'><strong>quietus,</strong></span> <span class='ocrx_word' id='word_1_308' title='bbox 2558 1635 2640 1688; x_wconf 90' lang='lat' dir='ltr'>vel</span> <span class='ocrx_word' id='word_1_309' title='bbox 2669 1635 2928 1703; x_wconf 83' lang='lat' dir='ltr'>psallens,</span> <span class='ocrx_word' id='word_1_310' title='bbox 2956 1637 3038 1689; x_wconf 85' lang='lat' dir='ltr'>vel</span> <span class='ocrx_word' id='word_1_311' title='bbox 3073 1637 3278 1704; x_wconf 81' lang='lat' dir='ltr'><strong>legens,</strong></span> <span class='ocrx_word' id='word_1_312' title='bbox 3322 1640 3402 1691; x_wconf 84' lang='lat' dir='ltr'>vel</span> <span class='ocrx_word' id='word_1_313' title='bbox 3460 1653 3650 1701; x_wconf 88' lang='lat' dir='ltr'><strong>orans.</strong></span> 
     </span>
    </p>
   </div>
   <div class='ocr_carea' id='block_1_44' title="bbox 2077 1727 3653 1796">
    <p class='ocr_par' dir='ltr' id='par_1_44' title="bbox 2077 1727 3653 1796">
     <span class='ocr_line' id='line_1_44' title="bbox 2077 1727 3653 1796; baseline 0.001 -15"><span class='ocrx_word' id='word_1_314' title='bbox 2077 1729 2163 1782; x_wconf 87' lang='lat' dir='ltr'><strong>vel</strong></span> <span class='ocrx_word' id='word_1_315' title='bbox 2194 1728 2495 1795; x_wconf 84' lang='lat' dir='ltr'><strong>quamlibet</strong></span> <span class='ocrx_word' id='word_1_316' title='bbox 2520 1741 2785 1781; x_wconf 78' lang='lat' dir='ltr'><strong>exercens</strong></span> <span class='ocrx_word' id='word_1_317' title='bbox 2809 1727 3084 1793; x_wconf 76' lang='lat' dir='ltr'><strong>virtutem,</strong></span> <span class='ocrx_word' id='word_1_318' title='bbox 3114 1741 3169 1779; x_wconf 90' lang='lat' dir='ltr'>ut</span> <span class='ocrx_word' id='word_1_319' title='bbox 3224 1745 3328 1781; x_wconf 89' lang='lat' dir='ltr'>nou</span> <span class='ocrx_word' id='word_1_320' title='bbox 3379 1729 3653 1796; x_wconf 86' lang='lat' dir='ltr'><strong>diripiaris</strong></span> 
     </span>
    </p>
   </div>
   <div class='ocr_carea' id='block_1_45' title="bbox 2077 1818 3648 1888">
    <p class='ocr_par' dir='ltr' id='par_1_45' title="bbox 2077 1818 3648 1888">
     <span class='ocr_line' id='line_1_45' title="bbox 2077 1818 3648 1888; baseline 0 -15"><span class='ocrx_word' id='word_1_321' title='bbox 2077 1819 2301 1882; x_wconf 84' lang='lat' dir='ltr'>inscius,</span> <span class='ocrx_word' id='word_1_322' title='bbox 2363 1833 2463 1872; x_wconf 90' lang='lat' dir='ltr'>nec</span> <span class='ocrx_word' id='word_1_323' title='bbox 2526 1818 2822 1871; x_wconf 88' lang='lat' dir='ltr'><strong>inveniaris</strong></span> <span class='ocrx_word' id='word_1_324' title='bbox 2872 1819 3049 1886; x_wconf 83' lang='lat' dir='ltr'><strong>specie</strong></span> <span class='ocrx_word' id='word_1_325' title='bbox 3120 1820 3336 1887; x_wconf 83' lang='lat' dir='ltr'><strong>quidem</strong></span> <span class='ocrx_word' id='word_1_326' title='bbox 3395 1836 3648 1888; x_wconf 87' lang='lat' dir='ltr'><strong>operans,</strong></span> 
     </span>
    </p>
   </div>
   <div class='ocr_carea' id='block_1_46' title="bbox 2080 1909 3651 1977">
    <p class='ocr_par' dir='ltr' id='par_1_46' title="bbox 2080 1909 3651 1977">
     <span class='ocr_line' id='line_1_46' title="bbox 2080 1909 3651 1977; baseline 0.001 -14"><span class='ocrx_word' id='word_1_327' title='bbox 2080 1911 2379 1964; x_wconf 86' lang='lat' dir='ltr'><strong>intentione</strong></span> <span class='ocrx_word' id='word_1_328' title='bbox 2411 1924 2540 1962; x_wconf 87' lang='lat' dir='ltr'><strong>vero</strong></span> <span class='ocrx_word' id='word_1_329' title='bbox 2573 1918 2627 1962; x_wconf 89' lang='lat' dir='ltr'>et</span> <span class='ocrx_word' id='word_1_330' title='bbox 2650 1909 2980 1977; x_wconf 75' lang='lat' dir='ltr'><strong>cogitatione</strong></span> <span class='ocrx_word' id='word_1_331' title='bbox 3015 1911 3352 1974; x_wconf 88' lang='lat' dir='ltr'><strong>hominibus,</strong></span> <span class='ocrx_word' id='word_1_332' title='bbox 3374 1926 3484 1965; x_wconf 91' lang='lat' dir='ltr'><strong>non</strong></span> <span class='ocrx_word' id='word_1_333' title='bbox 3540 1912 3651 1965; x_wconf 79' lang='lat' dir='ltr'><strong>Deo</strong></span> 
     </span>
    </p>
   </div>
   <div class='ocr_carea' id='block_1_47' title="bbox 2076 1998 3651 2069">
    <p class='ocr_par' dir='ltr' id='par_1_47' title="bbox 2076 1998 3651 2069">
     <span class='ocr_line' id='line_1_47' title="bbox 2076 1998 3651 2069; baseline 0.001 -15"><span class='ocrx_word' id='word_1_334' title='bbox 2076 2002 2289 2069; x_wconf 84' lang='lat' dir='ltr'><strong>placere</strong></span> <span class='ocrx_word' id='word_1_335' title='bbox 2312 2001 2561 2068; x_wconf 89' lang='lat' dir='ltr'><strong>cupiens.</strong></span> <span class='ocrx_word' id='word_1_336' title='bbox 2591 1998 2770 2053; x_wconf 79' lang='lat' dir='ltr'><strong>Multa:</strong></span> <span class='ocrx_word' id='word_1_337' title='bbox 2795 2010 2919 2053; x_wconf 91' lang='lat' dir='ltr'><strong>sunt</strong></span> <span class='ocrx_word' id='word_1_338' title='bbox 2943 1999 3085 2053; x_wconf 90' lang='lat' dir='ltr'><strong>enim</strong></span> <span class='ocrx_word' id='word_1_339' title='bbox 3117 2000 3273 2054; x_wconf 81' lang='lat' dir='ltr'><strong>calidi</strong></span> <span class='ocrx_word' id='word_1_340' title='bbox 3338 2002 3511 2056; x_wconf 84' lang='lat' dir='ltr'><strong>hostis</strong></span> <span class='ocrx_word' id='word_1_341' title='bbox 3567 2004 3651 2056; x_wconf 86' lang='lat' dir='ltr'><strong>in-</strong></span> 
     </span>
    </p>
   </div>
   <div class='ocr_carea' id='block_1_48' title="bbox 2076 2090 3653 2156">
    <p class='ocr_par' dir='ltr' id='par_1_48' title="bbox 2076 2090 3653 2156">
     <span class='ocr_line' id='line_1_48' title="bbox 2076 2090 3653 2156; baseline -0.001 -10"><span class='ocrx_word' id='word_1_342' title='bbox 2076 2092 2318 2156; x_wconf 84' lang='lat' dir='ltr'><strong>sidiae,et</strong></span> <span class='ocrx_word' id='word_1_343' title='bbox 2344 2090 2737 2156; x_wconf 87' lang='lat' dir='ltr'><strong>occultissime,</strong></span> <span class='ocrx_word' id='word_1_344' title='bbox 2802 2099 2860 2143; x_wconf 91' lang='lat' dir='ltr'>ut</span> <span class='ocrx_word' id='word_1_345' title='bbox 2922 2090 3117 2143; x_wconf 88' lang='lat' dir='ltr'><strong>multos</strong></span> <span class='ocrx_word' id='word_1_346' title='bbox 3160 2091 3350 2155; x_wconf 83' lang='lat' dir='ltr'><strong>latens,</strong></span> <span class='ocrx_word' id='word_1_347' title='bbox 3412 2093 3653 2147; x_wconf 87' lang='lat' dir='ltr'><strong>intuetur</strong></span> 
     </span>
    </p>
   </div>
   <div class='ocr_carea' id='block_1_49' title="bbox 2074 2178 3653 2248">
    <p class='ocr_par' dir='ltr' id='par_1_49' title="bbox 2074 2178 3653 2248">
     <span class='ocr_line' id='line_1_49' title="bbox 2074 2178 3653 2248; baseline 0 -13"><span class='ocrx_word' id='word_1_348' title='bbox 2074 2179 2267 2236; x_wconf 84' lang='lat' dir='ltr'><strong>ﬂexum</strong></span> <span class='ocrx_word' id='word_1_349' title='bbox 2292 2178 2630 2242; x_wconf 84' lang='lat' dir='ltr'><strong>intentionis,</strong></span> <span class='ocrx_word' id='word_1_350' title='bbox 2687 2190 2742 2231; x_wconf 84' lang='lat' dir='ltr'>et</span> <span class='ocrx_word' id='word_1_351' title='bbox 2801 2192 3016 2247; x_wconf 81' lang='lat' dir='ltr'><strong>semper</strong></span> <span class='ocrx_word' id='word_1_352' title='bbox 3071 2181 3268 2247; x_wconf 75' lang='lat' dir='ltr'><strong>quaerit</strong></span> <span class='ocrx_word' id='word_1_353' title='bbox 3325 2181 3463 2235; x_wconf 89' lang='lat' dir='ltr'><strong>clam</strong></span> <span class='ocrx_word' id='word_1_354' title='bbox 3514 2198 3653 2248; x_wconf 86' lang='lat' dir='ltr'><strong>opus</strong></span> 
     </span>
    </p>
   </div>
   <div class='ocr_carea' id='block_1_50' title="bbox 2076 2269 3652 2340">
    <p class='ocr_par' dir='ltr' id='par_1_50' title="bbox 2076 2269 3652 2340">
     <span class='ocr_line' id='line_1_50' title="bbox 2076 2269 3652 2340; baseline 0.003 -16"><span class='ocrx_word' id='word_1_355' title='bbox 2076 2270 2267 2335; x_wconf 86' lang='lat' dir='ltr'><strong>furari,</strong></span> <span class='ocrx_word' id='word_1_356' title='bbox 2293 2280 2488 2324; x_wconf 89' lang='lat' dir='ltr'><strong>utnon</strong></span> <span class='ocrx_word' id='word_1_357' title='bbox 2552 2279 2776 2338; x_wconf 81' lang='lat' dir='ltr'><strong>prepter</strong></span> <span class='ocrx_word' id='word_1_358' title='bbox 2831 2269 3000 2323; x_wconf 86' lang='lat' dir='ltr'><strong>Deum</strong></span> <span class='ocrx_word' id='word_1_359' title='bbox 3060 2269 3151 2323; x_wconf 88' lang='lat' dir='ltr'><strong>fiat</strong></span> <span class='ocrx_word' id='word_1_360' title='bbox 3206 2272 3353 2340; x_wconf 88' lang='lat' dir='ltr'><strong>quod</strong></span> <span class='ocrx_word' id='word_1_361' title='bbox 3420 2273 3498 2326; x_wconf 86' lang='lat' dir='ltr'><strong>tit.</strong></span> <span class='ocrx_word' id='word_1_362' title='bbox 3544 2272 3652 2329; x_wconf 85' lang='lat' dir='ltr'><strong>Sed</strong></span> 
     </span>
    </p>
   </div>
   <div class='ocr_carea' id='block_1_51' title="bbox 2075 2361 3652 2431">
    <p class='ocr_par' dir='ltr' id='par_1_51' title="bbox 2075 2361 3652 2431">
     <span class='ocr_line' id='line_1_51' title="bbox 2075 2361 3652 2431; baseline 0.001 -15"><span class='ocrx_word' id='word_1_363' title='bbox 2075 2362 2321 2431; x_wconf 83' lang='lat' dir='ltr'><strong>quamvis</strong></span> <span class='ocrx_word' id='word_1_364' title='bbox 2350 2370 2403 2415; x_wconf 90' lang='lat' dir='ltr'>te</span> <span class='ocrx_word' id='word_1_365' title='bbox 2428 2361 2807 2415; x_wconf 87' lang='lat' dir='ltr'><strong>indesinenter</strong></span> <span class='ocrx_word' id='word_1_366' title='bbox 2846 2362 3123 2429; x_wconf 79' lang='lat' dir='ltr'><strong>impugnet</strong></span> <span class='ocrx_word' id='word_1_367' title='bbox 3171 2377 3233 2415; x_wconf 90' lang='lat' dir='ltr'>ac</span> <span class='ocrx_word' id='word_1_368' title='bbox 3307 2364 3652 2431; x_wconf 85' lang='lat' dir='ltr'><strong>impudenter</strong></span> 
     </span>
    </p>
   </div>
   <div class='ocr_carea' id='block_1_52' title="bbox 2078 2451 3650 2515">
    <p class='ocr_par' dir='ltr' id='par_1_52' title="bbox 2078 2451 3650 2515">
     <span class='ocr_line' id='line_1_52' title="bbox 2078 2451 3650 2515; baseline 0.001 -9"><span class='ocrx_word' id='word_1_369' title='bbox 2078 2454 2320 2515; x_wconf 76' lang='lat' dir='ltr'><strong>invadat,</strong></span> <span class='ocrx_word' id='word_1_370' title='bbox 2344 2463 2396 2505; x_wconf 93' lang='lat' dir='ltr'>tu</span> <span class='ocrx_word' id='word_1_371' title='bbox 2433 2462 2613 2505; x_wconf 86' lang='lat' dir='ltr'><strong>tamen</strong></span> <span class='ocrx_word' id='word_1_372' title='bbox 2644 2452 2805 2504; x_wconf 80' lang='lat' dir='ltr'><strong>lixam</strong></span> <span class='ocrx_word' id='word_1_373' title='bbox 2837 2452 2888 2503; x_wconf 92' lang='lat' dir='ltr'><strong>in</strong></span> <span class='ocrx_word' id='word_1_374' title='bbox 2914 2451 3083 2505; x_wconf 89' lang='lat' dir='ltr'><strong>Deum</strong></span> <span class='ocrx_word' id='word_1_375' title='bbox 3136 2454 3491 2508; x_wconf 78' lang='lat' dir='ltr'><strong>intentionem</strong></span> <span class='ocrx_word' id='word_1_376' title='bbox 3550 2458 3650 2508; x_wconf 88' lang='lat' dir='ltr'><strong>ba-</strong></span> 
     </span>
    </p>
   </div>
   <div class='ocr_carea' id='block_1_53' title="bbox 2074 2541 3653 2610">
    <p class='ocr_par' dir='ltr' id='par_1_53' title="bbox 2074 2541 3653 2610">
     <span class='ocr_line' id='line_1_53' title="bbox 2074 2541 3653 2610; baseline 0.002 -13"><span class='ocrx_word' id='word_1_377' title='bbox 2074 2542 2232 2607; x_wconf 83' lang='lat' dir='ltr'><strong>bens,</strong></span> <span class='ocrx_word' id='word_1_378' title='bbox 2257 2558 2324 2596; x_wconf 88' lang='lat' dir='ltr'>ne</span> <span class='ocrx_word' id='word_1_379' title='bbox 2357 2544 2675 2610; x_wconf 80' lang='lat' dir='ltr'><strong>frequenter</strong></span> <span class='ocrx_word' id='word_1_380' title='bbox 2712 2541 3024 2607; x_wconf 86' lang='lat' dir='ltr'><strong>abripiaris.</strong></span> <span class='ocrx_word' id='word_1_381' title='bbox 3053 2543 3265 2596; x_wconf 89' lang='lat' dir='ltr'><strong>etiamsi</strong></span> <span class='ocrx_word' id='word_1_382' title='bbox 3313 2545 3477 2598; x_wconf 85' lang='lat' dir='ltr'><strong>invita</strong></span> <span class='ocrx_word' id='word_1_383' title='bbox 3525 2561 3653 2600; x_wconf 85' lang='lat' dir='ltr'><strong>eva-</strong></span> 
     </span>
    </p>
   </div>
   <div class='ocr_carea' id='block_1_54' title="bbox 2078 2633 3652 2703">
    <p class='ocr_par' dir='ltr' id='par_1_54' title="bbox 2078 2633 3652 2703">
     <span class='ocr_line' id='line_1_54' title="bbox 2078 2633 3652 2703; baseline 0.005 -19"><span class='ocrx_word' id='word_1_384' title='bbox 2078 2636 2197 2703; x_wconf 81' lang='lat' dir='ltr'><strong>gari</strong></span> <span class='ocrx_word' id='word_1_385' title='bbox 2223 2646 2450 2701; x_wconf 77' lang='lat' dir='ltr'><strong>cogatur</strong></span> <span class='ocrx_word' id='word_1_386' title='bbox 2480 2635 2550 2687; x_wconf 85' lang='lat' dir='ltr'>ab</span> <span class='ocrx_word' id='word_1_387' title='bbox 2586 2635 2678 2686; x_wconf 85' lang='lat' dir='ltr'><strong>illo</strong></span> <span class='ocrx_word' id='word_1_388' title='bbox 2714 2633 2992 2687; x_wconf 84' lang='lat' dir='ltr'><strong>inclinatio</strong></span> <span class='ocrx_word' id='word_1_389' title='bbox 3052 2634 3367 2688; x_wconf 80' lang='lat' dir='ltr'><strong>voluntatis.</strong></span> <span class='ocrx_word' id='word_1_390' title='bbox 3404 2637 3469 2689; x_wconf 84' lang='lat' dir='ltr'><strong>Et</strong></span> <span class='ocrx_word' id='word_1_391' title='bbox 3525 2637 3652 2692; x_wconf 81' lang='lat' dir='ltr'><strong>licet</strong></span> 
     </span>
    </p>
   </div>
   <div class='ocr_carea' id='block_1_55' title="bbox 2077 2724 3656 2796">
    <p class='ocr_par' dir='ltr' id='par_1_55' title="bbox 2077 2724 3656 2796">
     <span class='ocr_line' id='line_1_55' title="bbox 2077 2724 3656 2796; baseline 0.004 -19"><span class='ocrx_word' id='word_1_392' title='bbox 2077 2727 2145 2778; x_wconf 91' lang='lat' dir='ltr'>ob</span> <span class='ocrx_word' id='word_1_393' title='bbox 2177 2724 2551 2778; x_wconf 84' lang='lat' dir='ltr'><strong>infirmitatem</strong></span> <span class='ocrx_word' id='word_1_394' title='bbox 2615 2724 2812 2792; x_wconf 80' lang='lat' dir='ltr'><strong>aliquis</strong></span> <span class='ocrx_word' id='word_1_395' title='bbox 2861 2724 3111 2778; x_wconf 80' lang='lat' dir='ltr'><strong>vincatur</strong></span> <span class='ocrx_word' id='word_1_396' title='bbox 3164 2727 3405 2790; x_wconf 83' lang='lat' dir='ltr'><strong>invitus,</strong></span> <span class='ocrx_word' id='word_1_397' title='bbox 3473 2745 3656 2796; x_wconf 79' lang='lat' dir='ltr'><strong>proni-</strong></span> 
     </span>
    </p>
   </div>
   <div class='ocr_carea' id='block_1_56' title="bbox 2080 2816 3658 2886">
    <p class='ocr_par' dir='ltr' id='par_1_56' title="bbox 2080 2816 3658 2886">
     <span class='ocr_line' id='line_1_56' title="bbox 2080 2816 3658 2886; baseline 0.005 -18"><span class='ocrx_word' id='word_1_398' title='bbox 2080 2830 2221 2883; x_wconf 86' lang='lat' dir='ltr'><strong>ptam</strong></span> <span class='ocrx_word' id='word_1_399' title='bbox 2257 2828 2433 2869; x_wconf 86' lang='lat' dir='ltr'><strong>tamen</strong></span> <span class='ocrx_word' id='word_1_400' title='bbox 2470 2819 2682 2871; x_wconf 87' lang='lat' dir='ltr'><strong>veniam</strong></span> <span class='ocrx_word' id='word_1_401' title='bbox 2723 2828 2779 2871; x_wconf 89' lang='lat' dir='ltr'>et</span> <span class='ocrx_word' id='word_1_402' title='bbox 2812 2816 3022 2871; x_wconf 89' lang='lat' dir='ltr'><strong>laudem</strong></span> <span class='ocrx_word' id='word_1_403' title='bbox 3071 2819 3265 2886; x_wconf 88' lang='lat' dir='ltr'><strong>accipit</strong></span> <span class='ocrx_word' id='word_1_404' title='bbox 3290 2820 3356 2873; x_wconf 85' lang='lat' dir='ltr'>ab</span> <span class='ocrx_word' id='word_1_405' title='bbox 3397 2820 3658 2876; x_wconf 88' lang='lat' dir='ltr'><strong>intentio-</strong></span> 
     </span>
    </p>
   </div>
   <div class='ocr_carea' id='block_1_57' title="bbox 2081 2908 3652 2979">
    <p class='ocr_par' dir='ltr' id='par_1_57' title="bbox 2081 2908 3652 2979">
     <span class='ocr_line' id='line_1_57' title="bbox 2081 2908 3652 2979; baseline 0.005 -20"><span class='ocrx_word' id='word_1_406' title='bbox 2081 2925 2204 2960; x_wconf 88' lang='lat' dir='ltr'>num</span> <span class='ocrx_word' id='word_1_407' title='bbox 2227 2920 2281 2961; x_wconf 89' lang='lat' dir='ltr'>et</span> <span class='ocrx_word' id='word_1_408' title='bbox 2326 2908 2568 2962; x_wconf 90' lang='lat' dir='ltr'><strong>cordium</strong></span> <span class='ocrx_word' id='word_1_409' title='bbox 2642 2918 2969 2963; x_wconf 88' lang='lat' dir='ltr'><strong>scrutatore.</strong></span> <span class='ocrx_word' id='word_1_410' title='bbox 3027 2910 3226 2965; x_wconf 74' lang='lat' dir='ltr'><strong>Verum</strong></span> <span class='ocrx_word' id='word_1_411' title='bbox 3273 2911 3375 2965; x_wconf 89' lang='lat' dir='ltr'>hoc</span> <span class='ocrx_word' id='word_1_412' title='bbox 3444 2914 3652 2979; x_wconf 87' lang='lat' dir='ltr'><strong>vitium,</strong></span> 
     </span>
    </p>
   </div>
   <div class='ocr_carea' id='block_1_58' title="bbox 2080 3000 3655 3066">
    <p class='ocr_par' dir='ltr' id='par_1_58' title="bbox 2080 3000 3655 3066">
     <span class='ocr_line' id='line_1_58' title="bbox 2080 3000 3655 3066; baseline 0.004 -13"><span class='ocrx_word' id='word_1_413' title='bbox 2080 3000 2285 3053; x_wconf 85' lang='lat' dir='ltr'><strong>scilicet</strong></span> <span class='ocrx_word' id='word_1_414' title='bbox 2315 3016 2450 3052; x_wconf 86' lang='lat' dir='ltr'><strong>vana</strong></span> <span class='ocrx_word' id='word_1_415' title='bbox 2485 3000 2678 3066; x_wconf 83' lang='lat' dir='ltr'><strong>gloria,</strong></span> <span class='ocrx_word' id='word_1_416' title='bbox 2710 3015 2817 3053; x_wconf 90' lang='lat' dir='ltr'><strong>non</strong></span> <span class='ocrx_word' id='word_1_417' title='bbox 2851 3001 2984 3053; x_wconf 91' lang='lat' dir='ltr'><strong>sinit</strong></span> <span class='ocrx_word' id='word_1_418' title='bbox 3049 3004 3375 3057; x_wconf 88' lang='lat' dir='ltr'><strong>monachum</strong></span> <span class='ocrx_word' id='word_1_419' title='bbox 3435 3006 3489 3058; x_wconf 91' lang='lat' dir='ltr'><strong>in</strong></span> <span class='ocrx_word' id='word_1_420' title='bbox 3542 3007 3655 3059; x_wconf 86' lang='lat' dir='ltr'><strong>vir-</strong></span> 
     </span>
    </p>
   </div>
   <div class='ocr_carea' id='block_1_59' title="bbox 2082 3088 3656 3158">
    <p class='ocr_par' dir='ltr' id='par_1_59' title="bbox 2082 3088 3656 3158">
     <span class='ocr_line' id='line_1_59' title="bbox 2082 3088 3656 3158; baseline 0.003 -16"><span class='ocrx_word' id='word_1_421' title='bbox 2082 3102 2195 3143; x_wconf 89' lang='lat' dir='ltr'><strong>tute</strong></span> <span class='ocrx_word' id='word_1_422' title='bbox 2264 3088 2538 3158; x_wconf 79' lang='lat' dir='ltr'><strong>progredi,</strong></span> <span class='ocrx_word' id='word_1_423' title='bbox 2607 3089 2703 3141; x_wconf 87' lang='lat' dir='ltr'>sed</span> <span class='ocrx_word' id='word_1_424' title='bbox 2758 3089 2971 3142; x_wconf 87' lang='lat' dir='ltr'><strong>labores</strong></span> <span class='ocrx_word' id='word_1_425' title='bbox 3022 3091 3188 3152; x_wconf 82' lang='lat' dir='ltr'><strong>subit,</strong></span> <span class='ocrx_word' id='word_1_426' title='bbox 3247 3100 3487 3145; x_wconf 72' lang='lat' dir='ltr'><strong>etseuex</strong></span> <span class='ocrx_word' id='word_1_427' title='bbox 3538 3097 3656 3148; x_wconf 88' lang='lat' dir='ltr'><strong>sine</strong></span> 
     </span>
    </p>
   </div>
   <div class='ocr_carea' id='block_1_60' title="bbox 404 3173 1977 3269">
    <p class='ocr_par' dir='ltr' id='par_1_60' title="bbox 404 3173 1977 3258">
     <span class='ocr_line' id='line_1_60' title="bbox 404 3173 1977 3258; baseline 0.004 -24"><span class='ocrx_word' id='word_1_428' title='bbox 404 3173 542 3234; x_wconf 77' lang='grc' dir='ltr'>ἀλλόὶ</span> <span class='ocrx_word' id='word_1_429' title='bbox 560 3184 685 3243; x_wconf 76' lang='grc' dir='ltr'>τοὺς</span> <span class='ocrx_word' id='word_1_430' title='bbox 720 3185 922 3246; x_wconf 82' lang='grc' dir='ltr'>κόπους</span> <span class='ocrx_word' id='word_1_431' title='bbox 957 3185 1239 3255; x_wconf 88' lang='grc' dir='ltr'>ὑπομένει,</span> <span class='ocrx_word' id='word_1_432' title='bbox 1282 3189 1378 3239; x_wconf 71' lang='grc' dir='ltr'>καὶ</span> <span class='ocrx_word' id='word_1_433' title='bbox 1406 3189 1463 3239; x_wconf 77' lang='grc' dir='ltr'>ἐν</span> <span class='ocrx_word' id='word_1_434' title='bbox 1489 3188 1637 3257; x_wconf 73' lang='grc' dir='ltr'>γήρα</span> <span class='ocrx_word' id='word_1_435' title='bbox 1667 3188 1977 3258; x_wconf 86' lang='grc' dir='ltr'>εὑρίσκεται</span> 
     </span>
    </p>
   </div>
   <div class='ocr_carea' id='block_1_61' title="bbox 2083 3173 3651 3269">
    <p class='ocr_par' dir='ltr' id='par_1_61' title="bbox 2083 3180 3651 3253">
     <span class='ocr_line' id='line_1_61' title="bbox 2083 3180 3651 3253; baseline 0.003 -20"><span class='ocrx_word' id='word_1_436' title='bbox 2083 3180 2261 3235; x_wconf 86' lang='lat' dir='ltr'><strong>fructu</strong></span> <span class='ocrx_word' id='word_1_437' title='bbox 2294 3180 2584 3233; x_wconf 81' lang='lat' dir='ltr'><strong>invenitur.</strong></span> <span class='ocrx_word' id='word_1_438' title='bbox 2612 3180 2825 3233; x_wconf 80' lang='lat' dir='ltr'><strong>Etenim</strong></span> <span class='ocrx_word' id='word_1_439' title='bbox 2859 3182 3032 3234; x_wconf 90' lang='lat' dir='ltr'><strong>tribus</strong></span> <span class='ocrx_word' id='word_1_440' title='bbox 3092 3196 3311 3249; x_wconf 89' lang='lat' dir='ltr'><strong>semper</strong></span> <span class='ocrx_word' id='word_1_441' title='bbox 3377 3184 3651 3253; x_wconf 82' lang='lat' dir='ltr'><strong>subrepit,</strong></span> 
     </span>
    </p>
   </div>
   <div class='ocr_carea' id='block_1_62' title="bbox 402 3272 1983 3349">
    <p class='ocr_par' dir='ltr' id='par_1_62' title="bbox 402 3272 1983 3349">
     <span class='ocr_line' id='line_1_62' title="bbox 402 3272 1983 3349; baseline 0.004 -24"><span class='ocrx_word' id='word_1_442' title='bbox 402 3272 670 3344; x_wconf 72' lang='grc' dir='ltr'>ἄκαρπος.</span> <span class='ocrx_word' id='word_1_443' title='bbox 696 3276 806 3327; x_wconf 70' lang='grc' dir='ltr'>Καὶ</span> <span class='ocrx_word' id='word_1_444' title='bbox 827 3276 936 3343; x_wconf 81' lang='grc' dir='ltr'>γὰρ</span> <span class='ocrx_word' id='word_1_445' title='bbox 962 3278 1056 3330; x_wconf 80' lang='grc' dir='ltr'>καὶ</span> <span class='ocrx_word' id='word_1_446' title='bbox 1085 3280 1198 3340; x_wconf 88' lang='grc' dir='ltr'>τοῖς</span> <span class='ocrx_word' id='word_1_447' title='bbox 1221 3279 1401 3349; x_wconf 76' lang='grc' dir='ltr'>τρισὶν</span> <span class='ocrx_word' id='word_1_448' title='bbox 1426 3280 1524 3331; x_wconf 84' lang='grc' dir='ltr'>ἐπε</span> <span class='ocrx_word' id='word_1_449' title='bbox 1534 3280 1750 3349; x_wconf 86' lang='grc' dir='ltr'>μϐαίνει</span> <span class='ocrx_word' id='word_1_450' title='bbox 1772 3281 1858 3332; x_wconf 72' lang='grc' dir='ltr'>ἀεὶ</span> <span class='ocrx_word' id='word_1_451' title='bbox 1889 3283 1983 3332; x_wconf 71' lang='grc' dir='ltr'>καὶ</span> 
     </span>
    </p>
   </div>
   <div class='ocr_carea' id='block_1_63' title="bbox 402 3363 1982 3440">
    <p class='ocr_par' dir='ltr' id='par_1_63' title="bbox 402 3363 1982 3440">
     <span class='ocr_line' id='line_1_63' title="bbox 402 3363 1982 3440; baseline 0.007 -30"><span class='ocrx_word' id='word_1_452' title='bbox 402 3364 599 3428; x_wconf 88' lang='grc' dir='ltr'>γυμνοῖ</span> <span class='ocrx_word' id='word_1_453' title='bbox 630 3363 827 3425; x_wconf 74' lang='grc' dir='ltr'>αὐτοὺς</span> <span class='ocrx_word' id='word_1_454' title='bbox 861 3364 956 3433; x_wconf 89' lang='grc' dir='ltr'>τῆς</span> <span class='ocrx_word' id='word_1_455' title='bbox 982 3366 1243 3433; x_wconf 79' lang='grc' dir='ltr'>ἐργασίας</span> <span class='ocrx_word' id='word_1_456' title='bbox 1282 3367 1391 3419; x_wconf 90' lang='grc' dir='ltr'>τῶν</span> <span class='ocrx_word' id='word_1_457' title='bbox 1454 3368 1688 3438; x_wconf 89' lang='grc' dir='ltr'>ἀρετῶν,</span> <span class='ocrx_word' id='word_1_458' title='bbox 1733 3370 1982 3440; x_wconf 82' lang='grc' dir='ltr'>ἀρχαρίῳ</span> 
     </span>
    </p>
   </div>
   <div class='ocr_carea' id='block_1_64' title="bbox 401 3452 1254 3525">
    <p class='ocr_par' dir='ltr' id='par_1_64' title="bbox 401 3452 1254 3525">
     <span class='ocr_line' id='line_1_64' title="bbox 401 3452 1254 3525; baseline 0.007 -22"><span class='ocrx_word' id='word_1_459' title='bbox 401 3452 567 3519; x_wconf 84' lang='grc' dir='ltr'>λέγω,</span> <span class='ocrx_word' id='word_1_460' title='bbox 590 3455 684 3505; x_wconf 70' lang='grc' dir='ltr'>καὶ</span> <span class='ocrx_word' id='word_1_461' title='bbox 713 3456 884 3524; x_wconf 84' lang='grc' dir='ltr'>μέσῳ,</span> <span class='ocrx_word' id='word_1_462' title='bbox 918 3457 1009 3507; x_wconf 77' lang='grc' dir='ltr'>καὶ</span> <span class='ocrx_word' id='word_1_463' title='bbox 1039 3457 1254 3525; x_wconf 83' lang='grc' dir='ltr'>τελείῳ.</span> 
     </span>
    </p>
   </div>
   <div class='ocr_carea' id='block_1_65' title="bbox 474 3545 1981 3623">
    <p class='ocr_par' dir='ltr' id='par_1_65' title="bbox 474 3545 1981 3623">
     <span class='ocr_line' id='line_1_65' title="bbox 474 3545 1981 3623; baseline 0.005 -26"><span class='ocrx_word' id='word_1_464' title='bbox 474 3550 565 3611; x_wconf 84' lang='grc' dir='ltr'>ιγ’.</span> <span class='ocrx_word' id='word_1_465' title='bbox 602 3545 773 3597; x_wconf 80' lang='grc' dir='ltr'>Τοῦτο</span> <span class='ocrx_word' id='word_1_466' title='bbox 805 3546 859 3598; x_wconf 80' lang='grc' dir='ltr'>δὲ</span> <span class='ocrx_word' id='word_1_467' title='bbox 894 3546 1081 3615; x_wconf 86' lang='grc' dir='ltr'>μαθὼν</span> <span class='ocrx_word' id='word_1_468' title='bbox 1107 3549 1273 3615; x_wconf 82' lang='grc' dir='ltr'>λέγω,</span> <span class='ocrx_word' id='word_1_469' title='bbox 1300 3550 1381 3601; x_wconf 82' lang='grc' dir='ltr'>ὅτι</span> <span class='ocrx_word' id='word_1_470' title='bbox 1414 3552 1581 3619; x_wconf 70' lang='grc' dir='ltr'>χωρὶς</span> <span class='ocrx_word' id='word_1_471' title='bbox 1633 3553 1741 3605; x_wconf 90' lang='grc' dir='ltr'>τῶν</span> <span class='ocrx_word' id='word_1_472' title='bbox 1771 3554 1981 3623; x_wconf 84' lang='grc' dir='ltr'>ἀρετῶν</span> 
     </span>
    </p>
   </div>
   <div class='ocr_carea' id='block_1_66' title="bbox 399 3636 1979 3711">
    <p class='ocr_par' dir='ltr' id='par_1_66' title="bbox 399 3636 1979 3711">
     <span class='ocr_line' id='line_1_66' title="bbox 399 3636 1979 3711; baseline 0.004 -22"><span class='ocrx_word' id='word_1_473' title='bbox 399 3636 606 3690; x_wconf 84' lang='grc' dir='ltr'>τούτων</span> <span class='ocrx_word' id='word_1_474' title='bbox 680 3638 913 3707; x_wconf 75' lang='grc' dir='ltr'>μοναχὸς</span> <span class='ocrx_word' id='word_1_475' title='bbox 964 3641 1025 3690; x_wconf 80' lang='grc' dir='ltr'>οὑ</span> <span class='ocrx_word' id='word_1_476' title='bbox 1082 3640 1381 3709; x_wconf 84' lang='grc' dir='ltr'>προκόπτει</span> <span class='ocrx_word' id='word_1_477' title='bbox 1460 3659 1619 3705; x_wconf 89' lang='grc' dir='ltr'>ποτε,</span> <span class='ocrx_word' id='word_1_478' title='bbox 1691 3646 1979 3711; x_wconf 82' lang='grc' dir='ltr'>νηστείας,</span> 
     </span>
    </p>
   </div>
   <div class='ocr_carea' id='block_1_67' title="bbox 399 3728 1979 3805">
    <p class='ocr_par' dir='ltr' id='par_1_67' title="bbox 399 3728 1979 3805">
     <span class='ocr_line' id='line_1_67' title="bbox 399 3728 1979 3805; baseline 0.005 -24"><span class='ocrx_word' id='word_1_479' title='bbox 399 3728 749 3797; x_wconf 79' lang='grc' dir='ltr'>ἐγκρατείας,</span> <span class='ocrx_word' id='word_1_480' title='bbox 771 3730 1099 3799; x_wconf 83' lang='grc' dir='ltr'>ἀγρυπνίας,</span> <span class='ocrx_word' id='word_1_481' title='bbox 1123 3732 1423 3801; x_wconf 82' lang='grc' dir='ltr'>ὑπομονῆς,</span> <span class='ocrx_word' id='word_1_482' title='bbox 1443 3734 1979 3805; x_wconf 85' lang='grc' dir='ltr'>ἀνδρείας,ήσυχίας,</span> 
     </span>
    </p>
   </div>
   <div class='ocr_carea' id='block_1_68' title="bbox 401 3820 1981 3898">
    <p class='ocr_par' dir='ltr' id='par_1_68' title="bbox 401 3820 1981 3898">
     <span class='ocr_line' id='line_1_68' title="bbox 401 3820 1981 3898; baseline 0.006 -27"><span class='ocrx_word' id='word_1_483' title='bbox 401 3820 730 3890; x_wconf 81' lang='grc' dir='ltr'>προσευχῆς,</span> <span class='ocrx_word' id='word_1_484' title='bbox 762 3824 994 3891; x_wconf 82' lang='grc' dir='ltr'>σιωπῆς,</span> <span class='ocrx_word' id='word_1_485' title='bbox 1027 3824 1673 3890; x_wconf 79' lang='grc' dir='ltr'>πένθους,ταπεινώσεως</span> <span class='ocrx_word' id='word_1_486' title='bbox 1695 3844 1709 3858; x_wconf 88' lang='grc'><strong>·</strong></span> <span class='ocrx_word' id='word_1_487' title='bbox 1743 3830 1848 3879; x_wconf 81' lang='grc' dir='ltr'>εἰσὶ</span> <span class='ocrx_word' id='word_1_488' title='bbox 1875 3830 1981 3898; x_wconf 77' lang='grc' dir='ltr'>γὰρ</span> 
     </span>
    </p>
   </div>
   <div class='ocr_carea' id='block_1_69' title="bbox 399 3913 1981 3988">
    <p class='ocr_par' dir='ltr' id='par_1_69' title="bbox 399 3913 1981 3988">
     <span class='ocr_line' id='line_1_69' title="bbox 399 3913 1981 3988; baseline 0.006 -26"><span class='ocrx_word' id='word_1_489' title='bbox 399 3914 715 3981; x_wconf 72' lang='grc' dir='ltr'>γεννητικαὶ</span> <span class='ocrx_word' id='word_1_490' title='bbox 741 3913 987 3984; x_wconf 87' lang='grc' dir='ltr'>ἀλλήλων</span> <span class='ocrx_word' id='word_1_491' title='bbox 1048 3916 1141 3968; x_wconf 72' lang='grc' dir='ltr'>καὶ</span> <span class='ocrx_word' id='word_1_492' title='bbox 1196 3916 1544 3984; x_wconf 87' lang='grc' dir='ltr'>φυλακτικαί.</span> <span class='ocrx_word' id='word_1_493' title='bbox 1596 3918 1727 3971; x_wconf 76' lang='grc' dir='ltr'>Ἀπὸ</span> <span class='ocrx_word' id='word_1_494' title='bbox 1751 3919 1858 3988; x_wconf 74' lang='grc' dir='ltr'>γὰρ</span> <span class='ocrx_word' id='word_1_495' title='bbox 1890 3937 1981 3988; x_wconf 92' lang='grc' dir='ltr'>νη-</span> 
     </span>
    </p>
   </div>
   <div class='ocr_carea' id='block_1_70' title="bbox 405 4006 1978 4082">
    <p class='ocr_par' dir='ltr' id='par_1_70' title="bbox 405 4006 1978 4082">
     <span class='ocr_line' id='line_1_70' title="bbox 405 4006 1978 4082; baseline 0.006 -26"><span class='ocrx_word' id='word_1_496' title='bbox 405 4006 585 4067; x_wconf 82' lang='grc' dir='ltr'>στείας</span> <span class='ocrx_word' id='word_1_497' title='bbox 608 4008 863 4077; x_wconf 77' lang='grc' dir='ltr'>συνεχοῦς</span> <span class='ocrx_word' id='word_1_498' title='bbox 902 4009 1274 4080; x_wconf 75' lang='grc' dir='ltr'>μαραινομένῃ</span> <span class='ocrx_word' id='word_1_499' title='bbox 1310 4011 1653 4080; x_wconf 83' lang='grc' dir='ltr'>ἡέπιθυμία,</span> <span class='ocrx_word' id='word_1_500' title='bbox 1682 4012 1855 4065; x_wconf 84' lang='grc' dir='ltr'>τίκτει</span> <span class='ocrx_word' id='word_1_501' title='bbox 1878 4013 1978 4082; x_wconf 82' lang='grc' dir='ltr'>τὴν</span> 
     </span>
    </p>
   </div>
   <div class='ocr_carea' id='block_1_71' title="bbox 402 4099 1977 4175">
    <p class='ocr_par' dir='ltr' id='par_1_71' title="bbox 402 4099 1977 4175">
     <span class='ocr_line' id='line_1_71' title="bbox 402 4099 1977 4175; baseline 0.006 -28"><span class='ocrx_word' id='word_1_502' title='bbox 402 4099 823 4169; x_wconf 74' lang='grc' dir='ltr'>ἐγκράτειαν’·ή</span> <span class='ocrx_word' id='word_1_503' title='bbox 864 4100 1183 4169; x_wconf 84' lang='grc' dir='ltr'>ἐγκράτεια,</span> <span class='ocrx_word' id='word_1_504' title='bbox 1220 4104 1319 4171; x_wconf 77' lang='grc' dir='ltr'>τὴν</span> <span class='ocrx_word' id='word_1_505' title='bbox 1358 4104 1701 4171; x_wconf 87' lang='grc' dir='ltr'>ἀγρυπνίαν·</span> <span class='ocrx_word' id='word_1_506' title='bbox 1736 4105 1768 4173; x_wconf 88' lang='grc' dir='ltr'><strong>ή</strong></span> <span class='ocrx_word' id='word_1_507' title='bbox 1804 4105 1977 4175; x_wconf 85' lang='grc' dir='ltr'>ἀγρυ-</span> 
     </span>
    </p>
   </div>
   <div class='ocr_carea' id='block_1_72' title="bbox 402 4189 1976 4266">
    <p class='ocr_par' dir='ltr' id='par_1_72' title="bbox 402 4189 1976 4266">
     <span class='ocr_line' id='line_1_72' title="bbox 402 4189 1976 4266; baseline 0.007 -28"><span class='ocrx_word' id='word_1_508' title='bbox 402 4189 551 4251; x_wconf 79' lang='grc' dir='ltr'>πνία,</span> <span class='ocrx_word' id='word_1_509' title='bbox 578 4190 676 4256; x_wconf 82' lang='grc' dir='ltr'>τὴν</span> <span class='ocrx_word' id='word_1_510' title='bbox 710 4190 1017 4262; x_wconf 72' lang='grc' dir='ltr'>ὑπομονήνο</span> <span class='ocrx_word' id='word_1_511' title='bbox 1062 4194 1096 4262; x_wconf 85' lang='grc' dir='ltr'>ἡ</span> <span class='ocrx_word' id='word_1_512' title='bbox 1145 4196 1414 4263; x_wconf 84' lang='grc' dir='ltr'>ὑπομονὴ,</span> <span class='ocrx_word' id='word_1_513' title='bbox 1445 4195 1543 4264; x_wconf 80' lang='grc' dir='ltr'>τὴν</span> <span class='ocrx_word' id='word_1_514' title='bbox 1595 4195 1848 4266; x_wconf 86' lang='grc' dir='ltr'>ἀνδρείαν</span> <span class='ocrx_word' id='word_1_515' title='bbox 1876 4208 1888 4225; x_wconf 76' lang='grc'><strong>⁸</strong></span> <span class='ocrx_word' id='word_1_516' title='bbox 1945 4198 1976 4265; x_wconf 81' lang='grc' dir='ltr'>ἡ</span> 
     </span>
    </p>
   </div>
   <div class='ocr_carea' id='block_1_73' title="bbox 398 4280 1974 4358">
    <p class='ocr_par' dir='ltr' id='par_1_73' title="bbox 398 4280 1974 4358">
     <span class='ocr_line' id='line_1_73' title="bbox 398 4280 1974 4358; baseline 0.008 -29"><span class='ocrx_word' id='word_1_517' title='bbox 398 4280 761 4352; x_wconf 84' lang='grc' dir='ltr'>ἀνδρεία,τὴν</span> <span class='ocrx_word' id='word_1_518' title='bbox 790 4284 1051 4353; x_wconf 72' lang='grc' dir='ltr'>ἡσυχίανο</span> <span class='ocrx_word' id='word_1_519' title='bbox 1100 4287 1132 4356; x_wconf 83' lang='grc' dir='ltr'>ἠ</span> <span class='ocrx_word' id='word_1_520' title='bbox 1162 4286 1383 4355; x_wconf 80' lang='grc' dir='ltr'>ἡσυχία,</span> <span class='ocrx_word' id='word_1_521' title='bbox 1422 4288 1520 4357; x_wconf 82' lang='grc' dir='ltr'>τὴν</span> <span class='ocrx_word' id='word_1_522' title='bbox 1560 4290 1870 4358; x_wconf 84' lang='grc' dir='ltr'>προσευχήν</span> <span class='ocrx_word' id='word_1_523' title='bbox 1893 4306 1906 4319; x_wconf 92' lang='grc'><strong>·</strong></span> <span class='ocrx_word' id='word_1_524' title='bbox 1943 4292 1974 4358; x_wconf 83' lang='grc' dir='ltr'>ἡ</span> 
     </span>
    </p>
   </div>
   <div class='ocr_carea' id='block_1_74' title="bbox 401 4375 1977 4450">
    <p class='ocr_par' dir='ltr' id='par_1_74' title="bbox 401 4375 1977 4450">
     <span class='ocr_line' id='line_1_74' title="bbox 401 4375 1977 4450; baseline 0.007 -28"><span class='ocrx_word' id='word_1_525' title='bbox 401 4375 697 4444; x_wconf 83' lang='grc' dir='ltr'>προσευχὴ,</span> <span class='ocrx_word' id='word_1_526' title='bbox 726 4377 825 4447; x_wconf 81' lang='grc' dir='ltr'>τὴν</span> <span class='ocrx_word' id='word_1_527' title='bbox 856 4378 1102 4446; x_wconf 74' lang='grc' dir='ltr'>σιωπήνο</span> <span class='ocrx_word' id='word_1_528' title='bbox 1132 4381 1165 4448; x_wconf 83' lang='grc' dir='ltr'>ἡ</span> <span class='ocrx_word' id='word_1_529' title='bbox 1191 4380 1390 4450; x_wconf 81' lang='grc' dir='ltr'>σιωπὴ,</span> <span class='ocrx_word' id='word_1_530' title='bbox 1416 4381 1475 4433; x_wconf 86' lang='grc' dir='ltr'>τὸ</span> <span class='ocrx_word' id='word_1_531' title='bbox 1506 4381 1697 4444; x_wconf 85' lang='grc' dir='ltr'>πένθος</span> <span class='ocrx_word' id='word_1_532' title='bbox 1721 4398 1733 4413; x_wconf 76' lang='grc' dir='ltr'>ο</span> <span class='ocrx_word' id='word_1_533' title='bbox 1761 4382 1821 4435; x_wconf 81' lang='grc' dir='ltr'>τὸ</span> <span class='ocrx_word' id='word_1_534' title='bbox 1849 4385 1977 4435; x_wconf 86' lang='grc' dir='ltr'>πέν-</span> 
     </span>
    </p>
   </div>
   <div class='ocr_carea' id='block_1_75' title="bbox 401 4464 1980 4544">
    <p class='ocr_par' dir='ltr' id='par_1_75' title="bbox 401 4464 1980 4544">
     <span class='ocr_line' id='line_1_75' title="bbox 401 4464 1980 4544; baseline 0.008 -29"><span class='ocrx_word' id='word_1_535' title='bbox 401 4464 514 4527; x_wconf 87' lang='grc' dir='ltr'>θος,</span> <span class='ocrx_word' id='word_1_536' title='bbox 538 4466 636 4535; x_wconf 80' lang='grc' dir='ltr'>τὴν</span> <span class='ocrx_word' id='word_1_537' title='bbox 665 4468 1028 4521; x_wconf 80' lang='grc' dir='ltr'>ταπείνωσιν’</span> <span class='ocrx_word' id='word_1_538' title='bbox 1062 4470 1096 4539; x_wconf 80' lang='grc' dir='ltr'>ἡ</span> <span class='ocrx_word' id='word_1_539' title='bbox 1126 4471 1454 4531; x_wconf 87' lang='grc' dir='ltr'>ταπείνωσις</span> <span class='ocrx_word' id='word_1_540' title='bbox 1507 4474 1881 4544; x_wconf 70' lang='grc' dir='ltr'>ἀντιστρόφως</span> <span class='ocrx_word' id='word_1_541' title='bbox 1921 4477 1980 4527; x_wconf 84' lang='grc' dir='ltr'>τὸ</span> 
     </span>
    </p>
   </div>
   <div class='ocr_carea' id='block_1_76' title="bbox 2084 3272 3647 3342">
    <p class='ocr_par' dir='ltr' id='par_1_76' title="bbox 2084 3272 3647 3342">
     <span class='ocr_line' id='line_1_76' title="bbox 2084 3272 3647 3342; baseline 0.004 -19"><span class='ocrx_word' id='word_1_542' title='bbox 2084 3283 2136 3327; x_wconf 79' lang='lat' dir='ltr'>et</span> <span class='ocrx_word' id='word_1_543' title='bbox 2170 3286 2333 3336; x_wconf 82' lang='lat' dir='ltr'><strong>opera</strong></span> <span class='ocrx_word' id='word_1_544' title='bbox 2372 3272 2636 3325; x_wconf 88' lang='lat' dir='ltr'><strong>virtutum</strong></span> <span class='ocrx_word' id='word_1_545' title='bbox 2660 3273 2916 3341; x_wconf 87' lang='lat' dir='ltr'><strong>subripit,</strong></span> <span class='ocrx_word' id='word_1_546' title='bbox 2940 3272 3152 3327; x_wconf 81' lang='lat' dir='ltr'><strong>scilicet</strong></span> <span class='ocrx_word' id='word_1_547' title='bbox 3191 3272 3503 3342; x_wconf 88' lang='lat' dir='ltr'><strong>incipienti,</strong></span> <span class='ocrx_word' id='word_1_548' title='bbox 3532 3290 3647 3329; x_wconf 87' lang='lat' dir='ltr'><strong>me-</strong></span> 
     </span>
    </p>
   </div>
   <div class='ocr_carea' id='block_1_77' title="bbox 2082 3360 2653 3430">
    <p class='ocr_par' dir='ltr' id='par_1_77' title="bbox 2082 3360 2653 3430">
     <span class='ocr_line' id='line_1_77' title="bbox 2082 3360 2653 3430; baseline 0 -14"><span class='ocrx_word' id='word_1_549' title='bbox 2082 3363 2173 3416; x_wconf 91' lang='lat' dir='ltr'>dio</span> <span class='ocrx_word' id='word_1_550' title='bbox 2200 3369 2360 3430; x_wconf 84' lang='lat' dir='ltr'><strong>atque</strong></span> <span class='ocrx_word' id='word_1_551' title='bbox 2390 3360 2653 3429; x_wconf 88' lang='lat' dir='ltr'><strong>perfecto.</strong></span> 
     </span>
    </p>
   </div>
   <div class='ocr_carea' id='block_1_78' title="bbox 2160 3540 3654 3608">
    <p class='ocr_par' dir='ltr' id='par_1_78' title="bbox 2160 3540 3654 3608">
     <span class='ocr_line' id='line_1_78' title="bbox 2160 3540 3654 3608; baseline 0.002 -14"><span class='ocrx_word' id='word_1_552' title='bbox 2160 3542 2246 3595; x_wconf 72' lang='grc'>15.</span> <span class='ocrx_word' id='word_1_553' title='bbox 2269 3540 2378 3594; x_wconf 82' lang='lat' dir='ltr'><strong>Hoc</strong></span> <span class='ocrx_word' id='word_1_554' title='bbox 2403 3542 2567 3593; x_wconf 91' lang='lat' dir='ltr'><strong>etiam</strong></span> <span class='ocrx_word' id='word_1_555' title='bbox 2605 3552 2861 3608; x_wconf 77' lang='lat' dir='ltr'><strong>expertus</strong></span> <span class='ocrx_word' id='word_1_556' title='bbox 2888 3541 3008 3595; x_wconf 84' lang='lat' dir='ltr'><strong>dico</strong></span> <span class='ocrx_word' id='word_1_557' title='bbox 3042 3552 3056 3594; x_wconf 85' lang='lat'><strong>:</strong></span> <span class='ocrx_word' id='word_1_558' title='bbox 3090 3541 3216 3594; x_wconf 91' lang='lat' dir='ltr'><strong>Sine</strong></span> <span class='ocrx_word' id='word_1_559' title='bbox 3252 3542 3333 3594; x_wconf 84' lang='lat' dir='ltr'>his</span> <span class='ocrx_word' id='word_1_560' title='bbox 3358 3542 3654 3597; x_wconf 84' lang='lat' dir='ltr'><strong>virtutibus</strong></span> 
     </span>
    </p>
   </div>
   <div class='ocr_carea' id='block_1_79' title="bbox 2088 3631 3655 3702">
    <p class='ocr_par' dir='ltr' id='par_1_79' title="bbox 2088 3631 3655 3702">
     <span class='ocr_line' id='line_1_79' title="bbox 2088 3631 3655 3702; baseline 0.003 -20"><span class='ocrx_word' id='word_1_561' title='bbox 2088 3632 2387 3683; x_wconf 83' lang='lat' dir='ltr'><strong>monachus</strong></span> <span class='ocrx_word' id='word_1_562' title='bbox 2446 3646 2553 3683; x_wconf 90' lang='lat' dir='ltr'><strong>non</strong></span> <span class='ocrx_word' id='word_1_563' title='bbox 2592 3631 2806 3698; x_wconf 81' lang='lat' dir='ltr'><strong>prolicit</strong></span> <span class='ocrx_word' id='word_1_564' title='bbox 2861 3644 3119 3698; x_wconf 87' lang='lat' dir='ltr'><strong>unquam,</strong></span> <span class='ocrx_word' id='word_1_565' title='bbox 3177 3632 3388 3686; x_wconf 87' lang='lat' dir='ltr'><strong>scilicet</strong></span> <span class='ocrx_word' id='word_1_566' title='bbox 3448 3634 3655 3702; x_wconf 87' lang='lat' dir='ltr'><strong>absque</strong></span> 
     </span>
    </p>
   </div>
   <div class='ocr_carea' id='block_1_80' title="bbox 2079 3723 3650 3792">
    <p class='ocr_par' dir='ltr' id='par_1_80' title="bbox 2079 3723 3650 3792">
     <span class='ocr_line' id='line_1_80' title="bbox 2079 3723 3650 3792; baseline 0.004 -19"><span class='ocrx_word' id='word_1_567' title='bbox 2079 3723 2309 3791; x_wconf 82' lang='lat' dir='ltr'><strong>jeiunio,</strong></span> <span class='ocrx_word' id='word_1_568' title='bbox 2342 3723 2730 3792; x_wconf 66' lang='lat' dir='ltr'><strong>temperantia,</strong></span> <span class='ocrx_word' id='word_1_569' title='bbox 2760 3724 2962 3791; x_wconf 72' lang='lat' dir='ltr'><strong>vigilia,</strong></span> <span class='ocrx_word' id='word_1_570' title='bbox 2995 3726 3278 3789; x_wconf 89' lang='lat' dir='ltr'><strong>patientia,</strong></span> <span class='ocrx_word' id='word_1_571' title='bbox 3310 3724 3650 3790; x_wconf 80' lang='lat' dir='ltr'><strong>fortitudine,</strong></span> 
     </span>
    </p>
   </div>
   <div class='ocr_carea' id='block_1_81' title="bbox 2084 3812 3650 3880">
    <p class='ocr_par' dir='ltr' id='par_1_81' title="bbox 2084 3812 3650 3880">
     <span class='ocr_line' id='line_1_81' title="bbox 2084 3812 3650 3880; baseline 0.004 -16"><span class='ocrx_word' id='word_1_572' title='bbox 2084 3812 2423 3880; x_wconf 86' lang='lat' dir='ltr'><strong>quietudine,</strong></span> <span class='ocrx_word' id='word_1_573' title='bbox 2474 3815 2742 3879; x_wconf 86' lang='lat' dir='ltr'><strong>oratione,</strong></span> <span class='ocrx_word' id='word_1_574' title='bbox 2779 3815 3022 3878; x_wconf 88' lang='lat' dir='ltr'><strong>silentio,</strong></span> <span class='ocrx_word' id='word_1_575' title='bbox 3069 3814 3238 3879; x_wconf 87' lang='lat' dir='ltr'><strong>luctu,</strong></span> <span class='ocrx_word' id='word_1_576' title='bbox 3299 3816 3650 3871; x_wconf 81' lang='lat' dir='ltr'><strong>humilitate:</strong></span> 
     </span>
    </p>
   </div>
   <div class='ocr_carea' id='block_1_82' title="bbox 2085 3905 3651 3974">
    <p class='ocr_par' dir='ltr' id='par_1_82' title="bbox 2085 3905 3651 3974">
     <span class='ocr_line' id='line_1_82' title="bbox 2085 3905 3651 3974; baseline 0.003 -17"><span class='ocrx_word' id='word_1_577' title='bbox 2085 3918 2146 3958; x_wconf 91' lang='lat' dir='ltr'>se</span> <span class='ocrx_word' id='word_1_578' title='bbox 2172 3905 2317 3957; x_wconf 90' lang='lat' dir='ltr'><strong>enim</strong></span> <span class='ocrx_word' id='word_1_579' title='bbox 2352 3906 2584 3959; x_wconf 88' lang='lat' dir='ltr'><strong>invicem</strong></span> <span class='ocrx_word' id='word_1_580' title='bbox 2648 3915 3017 3974; x_wconf 79' lang='lat' dir='ltr'><strong>coogenerant</strong></span> <span class='ocrx_word' id='word_1_581' title='bbox 3047 3918 3101 3960; x_wconf 89' lang='lat' dir='ltr'>et</span> <span class='ocrx_word' id='word_1_582' title='bbox 3132 3918 3479 3962; x_wconf 83' lang='lat' dir='ltr'><strong>conservant.</strong></span> <span class='ocrx_word' id='word_1_583' title='bbox 3516 3907 3651 3962; x_wconf 82' lang='lat' dir='ltr'>Nam</span> 
     </span>
    </p>
   </div>
   <div class='ocr_carea' id='block_1_83' title="bbox 2086 3999 3656 4069">
    <p class='ocr_par' dir='ltr' id='par_1_83' title="bbox 2086 3999 3656 4069">
     <span class='ocr_line' id='line_1_83' title="bbox 2086 3999 3656 4069; baseline 0.006 -22"><span class='ocrx_word' id='word_1_584' title='bbox 2086 4012 2325 4064; x_wconf 85' lang='lat' dir='ltr'><strong>perenne</strong></span> <span class='ocrx_word' id='word_1_585' title='bbox 2347 3999 2614 4066; x_wconf 84' lang='lat' dir='ltr'><strong>jejunium</strong></span> <span class='ocrx_word' id='word_1_586' title='bbox 2644 4001 3143 4067; x_wconf 79' lang='lat' dir='ltr'><strong>concupiscentiam</strong></span> <span class='ocrx_word' id='word_1_587' title='bbox 3176 4011 3477 4056; x_wconf 80' lang='lat' dir='ltr'><strong>extenuans</strong></span> <span class='ocrx_word' id='word_1_588' title='bbox 3512 4002 3656 4069; x_wconf 89' lang='lat' dir='ltr'><strong>parit</strong></span> 
     </span>
    </p>
   </div>
   <div class='ocr_carea' id='block_1_84' title="bbox 2089 4086 3659 4160">
    <p class='ocr_par' dir='ltr' id='par_1_84' title="bbox 2089 4086 3659 4160">
     <span class='ocr_line' id='line_1_84' title="bbox 2089 4086 3659 4160; baseline 0.005 -23"><span class='ocrx_word' id='word_1_589' title='bbox 2089 4086 2500 4152; x_wconf 80' lang='lat' dir='ltr'><strong>temperantiam</strong></span> <span class='ocrx_word' id='word_1_590' title='bbox 2550 4092 2957 4154; x_wconf 87' lang='lat' dir='ltr'><strong>;temperantia</strong></span> <span class='ocrx_word' id='word_1_591' title='bbox 3006 4092 3267 4156; x_wconf 75' lang='lat' dir='ltr'><strong>vigiliam,</strong></span> <span class='ocrx_word' id='word_1_592' title='bbox 3323 4092 3501 4160; x_wconf 74' lang='lat' dir='ltr'><strong>vigilia</strong></span> <span class='ocrx_word' id='word_1_593' title='bbox 3564 4108 3659 4159; x_wconf 88' lang='lat' dir='ltr'><strong>pa-</strong></span> 
     </span>
    </p>
   </div>
   <div class='ocr_carea' id='block_1_85' title="bbox 2088 4173 3652 4251">
    <p class='ocr_par' dir='ltr' id='par_1_85' title="bbox 2088 4173 3652 4251">
     <span class='ocr_line' id='line_1_85' title="bbox 2088 4173 3652 4251; baseline 0.008 -30"><span class='ocrx_word' id='word_1_594' title='bbox 2088 4173 2353 4236; x_wconf 84' lang='lat' dir='ltr'><strong>tientiam,</strong></span> <span class='ocrx_word' id='word_1_595' title='bbox 2383 4175 2643 4240; x_wconf 84' lang='lat' dir='ltr'><strong>patientia</strong></span> <span class='ocrx_word' id='word_1_596' title='bbox 2680 4176 3076 4243; x_wconf 81' lang='lat' dir='ltr'><strong>fortitudinem,</strong></span> <span class='ocrx_word' id='word_1_597' title='bbox 3110 4179 3370 4235; x_wconf 80' lang='lat' dir='ltr'><strong>fortitudo</strong></span> <span class='ocrx_word' id='word_1_598' title='bbox 3392 4182 3652 4251; x_wconf 84' lang='lat' dir='ltr'><strong>quietem,</strong></span> 
     </span>
    </p>
   </div>
   <div class='ocr_carea' id='block_1_86' title="bbox 2086 4264 3652 4336">
    <p class='ocr_par' dir='ltr' id='par_1_86' title="bbox 2086 4264 3652 4336">
     <span class='ocr_line' id='line_1_86' title="bbox 2086 4264 3652 4336; baseline 0.006 -20"><span class='ocrx_word' id='word_1_599' title='bbox 2086 4264 2240 4332; x_wconf 83' lang='lat' dir='ltr'><strong>quies</strong></span> <span class='ocrx_word' id='word_1_600' title='bbox 2262 4265 2585 4330; x_wconf 87' lang='lat' dir='ltr'><strong>orationem,</strong></span> <span class='ocrx_word' id='word_1_601' title='bbox 2614 4269 2791 4321; x_wconf 83' lang='lat' dir='ltr'><strong>oratio</strong></span> <span class='ocrx_word' id='word_1_602' title='bbox 2805 4270 3103 4334; x_wconf 89' lang='lat' dir='ltr'><strong>silentium,</strong></span> <span class='ocrx_word' id='word_1_603' title='bbox 3127 4273 3397 4328; x_wconf 86' lang='lat' dir='ltr'><strong>silentiqu</strong></span> <span class='ocrx_word' id='word_1_604' title='bbox 3424 4279 3652 4336; x_wconf 91' lang='lat' dir='ltr'><strong>luetum,</strong></span> 
     </span>
    </p>
   </div>
   <div class='ocr_carea' id='block_1_87' title="bbox 2087 4357 3655 4436">
    <p class='ocr_par' dir='ltr' id='par_1_87' title="bbox 2087 4357 3655 4436">
     <span class='ocr_line' id='line_1_87' title="bbox 2087 4357 3655 4436; baseline 0.008 -29"><span class='ocrx_word' id='word_1_605' title='bbox 2087 4357 2261 4410; x_wconf 91' lang='lat' dir='ltr'><strong>luctus</strong></span> <span class='ocrx_word' id='word_1_606' title='bbox 2280 4358 2663 4425; x_wconf 86' lang='lat' dir='ltr'><strong>humilitatem,</strong></span> <span class='ocrx_word' id='word_1_607' title='bbox 2687 4360 2966 4416; x_wconf 88' lang='lat' dir='ltr'><strong>humilitas</strong></span> <span class='ocrx_word' id='word_1_608' title='bbox 2983 4364 3218 4418; x_wconf 85' lang='lat' dir='ltr'><strong>vicissim</strong></span> <span class='ocrx_word' id='word_1_609' title='bbox 3237 4367 3461 4421; x_wconf 84' lang='lat' dir='ltr'><strong>luctum.</strong></span> <span class='ocrx_word' id='word_1_610' title='bbox 3481 4372 3655 4436; x_wconf 86' lang='lat' dir='ltr'><strong>Atque</strong></span> 
     </span>
    </p>
   </div>
   <div class='ocr_carea' id='block_1_88' title="bbox 2089 4447 3652 4531">
    <p class='ocr_par' dir='ltr' id='par_1_88' title="bbox 2089 4447 3652 4531">
     <span class='ocr_line' id='line_1_88' title="bbox 2089 4447 3652 4531; baseline 0.01 -32"><span class='ocrx_word' id='word_1_611' title='bbox 2089 4447 2341 4515; x_wconf 80' lang='lat' dir='ltr'><strong>deinceps</strong></span> <span class='ocrx_word' id='word_1_612' title='bbox 2399 4450 2595 4503; x_wconf 88' lang='lat' dir='ltr'><strong>iterum</strong></span> <span class='ocrx_word' id='word_1_613' title='bbox 2650 4452 2775 4505; x_wconf 74' lang='lat' dir='ltr'><strong>tilia:</strong></span> <span class='ocrx_word' id='word_1_614' title='bbox 2812 4464 3015 4508; x_wconf 83' lang='lat' dir='ltr'><strong>matres</strong></span> <span class='ocrx_word' id='word_1_615' title='bbox 3072 4458 3345 4524; x_wconf 85' lang='lat' dir='ltr'><strong>quomodo</strong></span> <span class='ocrx_word' id='word_1_616' title='bbox 3404 4462 3652 4531; x_wconf 79' lang='lat' dir='ltr'><strong>gignant,</strong></span> 
     </span>
    </p>
   </div>
   <div class='ocr_carea' id='block_1_89' title="bbox 401 4536 1977 4633">
    <p class='ocr_par' dir='ltr' id='par_1_89' title="bbox 401 4536 1977 4633">
     <span class='ocr_line' id='line_1_89' title="bbox 401 4536 1977 4633; baseline 0.007 -27"><span class='ocrx_word' id='word_1_617' title='bbox 401 4556 617 4617; x_wconf 83' lang='grc' dir='ltr'>πένθος.</span> <span class='ocrx_word' id='word_1_618' title='bbox 648 4558 755 4609; x_wconf 75' lang='grc' dir='ltr'>Καὶ</span> <span class='ocrx_word' id='word_1_619' title='bbox 780 4558 1016 4628; x_wconf 79' lang='grc' dir='ltr'>καθεξῆς</span> <span class='ocrx_word' id='word_1_620' title='bbox 1036 4536 1305 4614; x_wconf 80' lang='grc' dir='ltr'>ἀνάπαλιν</span> <span class='ocrx_word' id='word_1_621' title='bbox 1340 4564 1395 4612; x_wconf 76' lang='lat' dir='ltr'>at</span> <span class='ocrx_word' id='word_1_622' title='bbox 1426 4536 1722 4632; x_wconf 77' lang='grc' dir='ltr'>θυγατέρες</span> <span class='ocrx_word' id='word_1_623' title='bbox 1745 4536 1843 4627; x_wconf 74' lang='grc' dir='ltr'>τάς</span> <span class='ocrx_word' id='word_1_624' title='bbox 1875 4582 1977 4633; x_wconf 86' lang='grc' dir='ltr'>μη-</span> 
     </span>
    </p>
   </div>
   <div class='ocr_carea' id='block_1_90' title="bbox 2083 4536 3659 4633">
    <p class='ocr_par' dir='ltr' id='par_1_90' title="bbox 2090 4542 3659 4621">
     <span class='ocr_line' id='line_1_90' title="bbox 2090 4542 3659 4621; baseline 0.013 -30"><span class='ocrx_word' id='word_1_625' title='bbox 2090 4555 2187 4607; x_wconf 85' lang='lat' dir='ltr'>per</span> <span class='ocrx_word' id='word_1_626' title='bbox 2233 4542 2497 4611; x_wconf 81' lang='lat' dir='ltr'><strong>analysim</strong></span> <span class='ocrx_word' id='word_1_627' title='bbox 2534 4544 2790 4610; x_wconf 84' lang='lat' dir='ltr'><strong>reperies.</strong></span> <span class='ocrx_word' id='word_1_628' title='bbox 2852 4545 2963 4599; x_wconf 85' lang='lat' dir='ltr'><strong>Hac</strong></span> <span class='ocrx_word' id='word_1_629' title='bbox 3012 4547 3174 4615; x_wconf 79' lang='lat' dir='ltr'><strong>igitur</strong></span> <span class='ocrx_word' id='word_1_630' title='bbox 3206 4561 3389 4606; x_wconf 90' lang='lat' dir='ltr'><strong>mutua</strong></span> <span class='ocrx_word' id='word_1_631' title='bbox 3431 4570 3659 4621; x_wconf 72' lang='lat' dir='ltr'><strong>genera-</strong></span> 
     </span>
    </p>
   </div>
   <div class='ocr_carea' id='block_1_91' title="bbox 400 4652 1980 4730">
    <p class='ocr_par' dir='ltr' id='par_1_91' title="bbox 400 4652 1980 4730">
     <span class='ocr_line' id='line_1_91' title="bbox 400 4652 1980 4730; baseline 0.008 -28"><span class='ocrx_word' id='word_1_632' title='bbox 400 4652 565 4719; x_wconf 84' lang='grc' dir='ltr'>τέρας</span> <span class='ocrx_word' id='word_1_633' title='bbox 594 4653 709 4714; x_wconf 88' lang='grc' dir='ltr'>πῶς</span> <span class='ocrx_word' id='word_1_634' title='bbox 731 4655 1014 4719; x_wconf 89' lang='grc' dir='ltr'>γεννῶσιν,</span> <span class='ocrx_word' id='word_1_635' title='bbox 1067 4656 1407 4719; x_wconf 85' lang='grc' dir='ltr'>ἁναλυτικῶς</span> <span class='ocrx_word' id='word_1_636' title='bbox 1456 4660 1729 4729; x_wconf 76' lang='grc' dir='ltr'>εὑρήσεις.</span> <span class='ocrx_word' id='word_1_637' title='bbox 1763 4660 1980 4730; x_wconf 82' lang='grc' dir='ltr'>Ταύτης</span> 
     </span>
    </p>
   </div>
   <div class='ocr_carea' id='block_1_92' title="bbox 399 4742 1978 4822">
    <p class='ocr_par' dir='ltr' id='par_1_92' title="bbox 399 4742 1978 4822">
     <span class='ocr_line' id='line_1_92' title="bbox 399 4742 1978 4822; baseline 0.008 -28"><span class='ocrx_word' id='word_1_638' title='bbox 399 4742 491 4795; x_wconf 82' lang='grc' dir='ltr'>οῦν</span> <span class='ocrx_word' id='word_1_639' title='bbox 512 4744 612 4812; x_wconf 87' lang='grc' dir='ltr'>τῆς</span> <span class='ocrx_word' id='word_1_640' title='bbox 653 4744 1257 4819; x_wconf 86' lang='grc' dir='ltr'>ἀλληλογενεσιουργίας</span> <span class='ocrx_word' id='word_1_641' title='bbox 1318 4752 1517 4820; x_wconf 76' lang='grc' dir='ltr'>μείζων</span> <span class='ocrx_word' id='word_1_642' title='bbox 1547 4755 1603 4805; x_wconf 91' lang='grc' dir='ltr'>ἐν</span> <span class='ocrx_word' id='word_1_643' title='bbox 1633 4755 1855 4822; x_wconf 85' lang='grc' dir='ltr'>ἀρεταῖς</span> <span class='ocrx_word' id='word_1_644' title='bbox 1880 4755 1978 4807; x_wconf 83' lang='grc' dir='ltr'>οὑκ</span> 
     </span>
    </p>
   </div>
   <div class='ocr_carea' id='block_1_93' title="bbox 401 4836 1721 4915">
    <p class='ocr_par' dir='ltr' id='par_1_93' title="bbox 401 4836 1721 4915">
     <span class='ocr_line' id='line_1_93' title="bbox 401 4836 1721 4915; baseline 0.009 -28"><span class='ocrx_word' id='word_1_645' title='bbox 401 4836 535 4889; x_wconf 82' lang='grc' dir='ltr'>ἔστι.</span> <span class='ocrx_word' id='word_1_646' title='bbox 569 4837 649 4890; x_wconf 86' lang='grc' dir='ltr'>Τά</span> <span class='ocrx_word' id='word_1_647' title='bbox 670 4838 779 4909; x_wconf 82' lang='grc' dir='ltr'>γὰρ</span> <span class='ocrx_word' id='word_1_648' title='bbox 802 4840 1021 4893; x_wconf 76' lang='grc' dir='ltr'>ἐναντία</span> <span class='ocrx_word' id='word_1_649' title='bbox 1045 4841 1266 4907; x_wconf 81' lang='grc' dir='ltr'>τούτων,</span> <span class='ocrx_word' id='word_1_650' title='bbox 1298 4846 1431 4896; x_wconf 83' lang='grc' dir='ltr'>πᾶσι</span> <span class='ocrx_word' id='word_1_651' title='bbox 1461 4844 1721 4915; x_wconf 81' lang='grc' dir='ltr'>πρόδηλα.</span> 
     </span>
    </p>
   </div>
   <div class='ocr_carea' id='block_1_94' title="bbox 481 4928 1979 5006">
    <p class='ocr_par' dir='ltr' id='par_1_94' title="bbox 481 4928 1979 5006">
     <span class='ocr_line' id='line_1_94' title="bbox 481 4928 1979 5006; baseline 0.009 -27"><span class='ocrx_word' id='word_1_652' title='bbox 481 4928 561 4992; x_wconf 82' lang='grc' dir='ltr'>ιδ’,</span> <span class='ocrx_word' id='word_1_653' title='bbox 591 4932 681 4981; x_wconf 85' lang='grc' dir='ltr'>Δεῖ</span> <span class='ocrx_word' id='word_1_654' title='bbox 729 4931 784 4987; x_wconf 85' lang='grc' dir='ltr'>δὲ</span> <span class='ocrx_word' id='word_1_655' title='bbox 819 4934 914 4984; x_wconf 75' lang='grc' dir='ltr'>καὶ</span> <span class='ocrx_word' id='word_1_656' title='bbox 962 4934 1086 4996; x_wconf 77' lang='grc' dir='ltr'>τοὺς</span> <span class='ocrx_word' id='word_1_657' title='bbox 1123 4935 1322 4997; x_wconf 85' lang='grc' dir='ltr'>κόπους</span> <span class='ocrx_word' id='word_1_658' title='bbox 1371 4938 1465 4988; x_wconf 74' lang='grc' dir='ltr'>καὶ</span> <span class='ocrx_word' id='word_1_659' title='bbox 1497 4937 1621 4999; x_wconf 77' lang='grc' dir='ltr'>τοὺς</span> <span class='ocrx_word' id='word_1_660' title='bbox 1653 4939 1847 5002; x_wconf 90' lang='grc' dir='ltr'>πόνους</span> <span class='ocrx_word' id='word_1_661' title='bbox 1882 4941 1979 5006; x_wconf 83' lang='grc' dir='ltr'>τῆς</span> 
     </span>
    </p>
   </div>
   <div class='ocr_carea' id='block_1_95' title="bbox 402 5021 1982 5097">
    <p class='ocr_par' dir='ltr' id='par_1_95' title="bbox 402 5021 1982 5097">
     <span class='ocr_line' id='line_1_95' title="bbox 402 5021 1982 5097; baseline 0.009 -27"><span class='ocrx_word' id='word_1_662' title='bbox 402 5021 665 5089; x_wconf 74' lang='grc' dir='ltr'>ἐργασίας</span> <span class='ocrx_word' id='word_1_663' title='bbox 695 5024 926 5076; x_wconf 88' lang='grc' dir='ltr'>ἐνταῦθα</span> <span class='ocrx_word' id='word_1_664' title='bbox 956 5025 1137 5087; x_wconf 80' lang='grc' dir='ltr'>τάξαι,</span> <span class='ocrx_word' id='word_1_665' title='bbox 1170 5028 1263 5078; x_wconf 74' lang='grc' dir='ltr'>καὶ</span> <span class='ocrx_word' id='word_1_666' title='bbox 1296 5026 1409 5087; x_wconf 84' lang='grc' dir='ltr'>πῶς</span> <span class='ocrx_word' id='word_1_667' title='bbox 1438 5029 1517 5079; x_wconf 86' lang='grc' dir='ltr'>δεί</span> <span class='ocrx_word' id='word_1_668' title='bbox 1551 5030 1827 5097; x_wconf 82' lang='grc' dir='ltr'>μετελθεῖν</span> <span class='ocrx_word' id='word_1_669' title='bbox 1855 5032 1982 5084; x_wconf 82' lang='grc' dir='ltr'>ἐκά-</span> 
     </span>
    </p>
   </div>
   <div class='ocr_carea' id='block_1_96' title="bbox 404 5115 1979 5192">
    <p class='ocr_par' dir='ltr' id='par_1_96' title="bbox 404 5115 1979 5192">
     <span class='ocr_line' id='line_1_96' title="bbox 404 5115 1979 5192; baseline 0.009 -29"><span class='ocrx_word' id='word_1_670' title='bbox 404 5129 537 5181; x_wconf 88' lang='grc' dir='ltr'>στην</span> <span class='ocrx_word' id='word_1_671' title='bbox 565 5115 842 5181; x_wconf 87' lang='grc' dir='ltr'>ἐργασίαν,</span> <span class='ocrx_word' id='word_1_672' title='bbox 876 5117 1061 5183; x_wconf 80' lang='grc' dir='ltr'>σαφῶς</span> <span class='ocrx_word' id='word_1_673' title='bbox 1108 5118 1394 5171; x_wconf 82' lang='grc' dir='ltr'>ἐκθέσθαι·</span> <span class='ocrx_word' id='word_1_674' title='bbox 1432 5119 1516 5172; x_wconf 77' lang='grc' dir='ltr'>ἵνα</span> <span class='ocrx_word' id='word_1_675' title='bbox 1552 5123 1625 5192; x_wconf 82' lang='grc' dir='ltr'>μὴ</span> <span class='ocrx_word' id='word_1_676' title='bbox 1656 5124 1869 5187; x_wconf 85' lang='grc' dir='ltr'>ἀπόνως</span> <span class='ocrx_word' id='word_1_677' title='bbox 1897 5142 1979 5186; x_wconf 89' lang='grc' dir='ltr'>τις</span> 
     </span>
    </p>
   </div>
   <div class='ocr_carea' id='block_1_97' title="bbox 400 5204 1973 5285">
    <p class='ocr_par' dir='ltr' id='par_1_97' title="bbox 400 5204 1973 5285">
     <span class='ocr_line' id='line_1_97' title="bbox 400 5204 1973 5285; baseline 0.008 -29"><span class='ocrx_word' id='word_1_678' title='bbox 400 5204 460 5271; x_wconf 78' lang='grc' dir='ltr'>ἐξ</span> <span class='ocrx_word' id='word_1_679' title='bbox 494 5206 662 5275; x_wconf 87' lang='grc' dir='ltr'>ἀκοῆς</span> <span class='ocrx_word' id='word_1_680' title='bbox 693 5208 911 5269; x_wconf 85' lang='grc' dir='ltr'>ὁδεύων,</span> <span class='ocrx_word' id='word_1_681' title='bbox 946 5208 1040 5261; x_wconf 90' lang='grc' dir='ltr'>τοῦ</span> <span class='ocrx_word' id='word_1_682' title='bbox 1095 5211 1307 5279; x_wconf 88' lang='grc' dir='ltr'>καρποῦ</span> <span class='ocrx_word' id='word_1_683' title='bbox 1365 5212 1674 5282; x_wconf 85' lang='grc' dir='ltr'>ἀποτυχὼν,</span> <span class='ocrx_word' id='word_1_684' title='bbox 1734 5217 1900 5285; x_wconf 74' lang='grc' dir='ltr'>ἡμᾶς,</span> <span class='ocrx_word' id='word_1_685' title='bbox 1942 5218 1973 5284; x_wconf 81' lang='grc' dir='ltr'>ἥ</span> 
     </span>
    </p>
   </div>
   <div class='ocr_carea' id='block_1_98' title="bbox 400 5300 1977 5375">
    <p class='ocr_par' dir='ltr' id='par_1_98' title="bbox 400 5300 1977 5375">
     <span class='ocr_line' id='line_1_98' title="bbox 400 5300 1977 5375; baseline 0.009 -28"><span class='ocrx_word' id='word_1_686' title='bbox 400 5314 551 5358; x_wconf 87' lang='grc' dir='ltr'>τινας</span> <span class='ocrx_word' id='word_1_687' title='bbox 581 5300 914 5369; x_wconf 74' lang='grc' dir='ltr'>αἰτιάσηται,</span> <span class='ocrx_word' id='word_1_688' title='bbox 950 5302 1025 5364; x_wconf 83' lang='grc' dir='ltr'>ὡς</span> <span class='ocrx_word' id='word_1_689' title='bbox 1056 5302 1154 5355; x_wconf 89' lang='grc' dir='ltr'>οὑκ</span> <span class='ocrx_word' id='word_1_690' title='bbox 1188 5303 1301 5355; x_wconf 77' lang='grc' dir='ltr'>ἐστι</span> <span class='ocrx_word' id='word_1_691' title='bbox 1333 5304 1511 5369; x_wconf 84' lang='grc' dir='ltr'>καθὼς</span> <span class='ocrx_word' id='word_1_692' title='bbox 1548 5308 1871 5375; x_wconf 82' lang='grc' dir='ltr'>εἰρήκαμεν.</span> <span class='ocrx_word' id='word_1_693' title='bbox 1920 5311 1977 5361; x_wconf 85' lang='lat'>&#39;0</span> 
     </span>
    </p>
   </div>
   <div class='ocr_carea' id='block_1_99' title="bbox 402 5389 1976 5466">
    <p class='ocr_par' dir='ltr' id='par_1_99' title="bbox 402 5389 1976 5466">
     <span class='ocr_line' id='line_1_99' title="bbox 402 5389 1976 5466; baseline 0.009 -28"><span class='ocrx_word' id='word_1_694' title='bbox 402 5389 511 5455; x_wconf 73' lang='grc' dir='ltr'>γὰρ</span> <span class='ocrx_word' id='word_1_695' title='bbox 542 5391 700 5453; x_wconf 86' lang='grc' dir='ltr'>πόνος</span> <span class='ocrx_word' id='word_1_696' title='bbox 734 5392 833 5461; x_wconf 84' lang='grc' dir='ltr'>τῆς</span> <span class='ocrx_word' id='word_1_697' title='bbox 869 5393 1115 5462; x_wconf 88' lang='grc' dir='ltr'>καρδίας,</span> <span class='ocrx_word' id='word_1_698' title='bbox 1153 5394 1246 5447; x_wconf 70' lang='grc' dir='ltr'>καὶ</span> <span class='ocrx_word' id='word_1_699' title='bbox 1284 5396 1311 5447; x_wconf 85' lang='grc' dir='ltr'>ὁ</span> <span class='ocrx_word' id='word_1_700' title='bbox 1355 5397 1449 5448; x_wconf 88' lang='grc' dir='ltr'>τοῦ</span> <span class='ocrx_word' id='word_1_701' title='bbox 1487 5396 1735 5466; x_wconf 87' lang='grc' dir='ltr'>σώματος</span> <span class='ocrx_word' id='word_1_702' title='bbox 1784 5401 1976 5466; x_wconf 85' lang='grc' dir='ltr'>κόπος,</span> 
     </span>
    </p>
   </div>
   <div class='ocr_carea' id='block_1_100' title="bbox 399 5478 1974 5560">
    <p class='ocr_par' dir='ltr' id='par_1_100' title="bbox 399 5478 1974 5560">
     <span class='ocr_line' id='line_1_100' title="bbox 399 5478 1974 5560; baseline 0.011 -30"><span class='ocrx_word' id='word_1_703' title='bbox 399 5478 541 5533; x_wconf 80' lang='grc' dir='ltr'>οἶδεν</span> <span class='ocrx_word' id='word_1_704' title='bbox 583 5480 742 5548; x_wconf 82' lang='grc' dir='ltr'>ἔργον</span> <span class='ocrx_word' id='word_1_705' title='bbox 768 5483 1025 5553; x_wconf 88' lang='grc' dir='ltr'>ἀληθείας</span> <span class='ocrx_word' id='word_1_706' title='bbox 1078 5490 1269 5540; x_wconf 88' lang='grc' dir='ltr'>ποιεῖν.</span> <span class='ocrx_word' id='word_1_707' title='bbox 1307 5488 1396 5553; x_wconf 79' lang='grc' dir='ltr'>Ἐξ</span> <span class='ocrx_word' id='word_1_708' title='bbox 1423 5483 1498 5541; x_wconf 80' lang='grc' dir='ltr'>ὧν</span> <span class='ocrx_word' id='word_1_709' title='bbox 1533 5492 1564 5559; x_wconf 87' lang='grc' dir='ltr'>ή</span> <span class='ocrx_word' id='word_1_710' title='bbox 1598 5493 1844 5560; x_wconf 81' lang='grc' dir='ltr'>ἐνέργεια</span> <span class='ocrx_word' id='word_1_711' title='bbox 1884 5496 1974 5547; x_wconf 84' lang='grc' dir='ltr'>τοῦ</span> 
     </span>
    </p>
   </div>
   <div class='ocr_carea' id='block_1_101' title="bbox 396 5571 1974 5644">
    <p class='ocr_par' dir='ltr' id='par_1_101' title="bbox 396 5571 1974 5644">
     <span class='ocr_line' id='line_1_101' title="bbox 396 5571 1974 5644; baseline 0.002 -23"><span class='ocrx_word' id='word_1_712' title='bbox 396 5571 555 5638; x_wconf 84' lang='grc' dir='ltr'>ἁγίου</span> <span class='ocrx_word' id='word_1_713' title='bbox 600 5574 917 5643; x_wconf 85' lang='grc' dir='ltr'>Πνεύματος</span> <span class='ocrx_word' id='word_1_714' title='bbox 952 5573 1302 5644; x_wconf 85' lang='grc' dir='ltr'>φανεροῦται,</span> <span class='ocrx_word' id='word_1_715' title='bbox 1341 5576 1373 5641; x_wconf 85' lang='grc' dir='ltr'><strong>ἡ</strong></span> <span class='ocrx_word' id='word_1_716' title='bbox 1409 5573 1496 5626; x_wconf 75' lang='grc' dir='ltr'>διὰ</span> <span class='ocrx_word' id='word_1_717' title='bbox 1529 5572 1621 5625; x_wconf 91' lang='grc' dir='ltr'>τοῦ</span> <span class='ocrx_word' id='word_1_718' title='bbox 1664 5573 1974 5643; x_wconf 60' lang='grc' dir='ltr'>βαπτίσμαη</span> 
     </span>
    </p>
   </div>
   <div class='ocr_carea' id='block_1_102' title="bbox 398 5663 1979 5735">
    <p class='ocr_par' dir='ltr' id='par_1_102' title="bbox 398 5663 1979 5735">
     <span class='ocr_line' id='line_1_102' title="bbox 398 5663 1979 5735; baseline 0.002 -21"><span class='ocrx_word' id='word_1_719' title='bbox 398 5681 485 5726; x_wconf 81' lang='grc' dir='ltr'>τος</span> <span class='ocrx_word' id='word_1_720' title='bbox 515 5664 765 5733; x_wconf 85' lang='grc' dir='ltr'>διδομένη</span> <span class='ocrx_word' id='word_1_721' title='bbox 822 5666 924 5727; x_wconf 67' lang='grc' dir='ltr'>σοι,</span> <span class='ocrx_word' id='word_1_722' title='bbox 977 5666 1069 5717; x_wconf 73' lang='grc' dir='ltr'>καὶ</span> <span class='ocrx_word' id='word_1_723' title='bbox 1126 5667 1290 5716; x_wconf 75' lang='grc' dir='ltr'>παντὶ</span> <span class='ocrx_word' id='word_1_724' title='bbox 1325 5663 1525 5733; x_wconf 81' lang='grc' dir='ltr'>πιστῷ,</span> <span class='ocrx_word' id='word_1_725' title='bbox 1556 5665 1588 5733; x_wconf 82' lang='grc' dir='ltr'>ἡ</span> <span class='ocrx_word' id='word_1_726' title='bbox 1619 5664 1706 5716; x_wconf 80' lang='grc' dir='ltr'>διὰ</span> <span class='ocrx_word' id='word_1_727' title='bbox 1741 5666 1840 5735; x_wconf 85' lang='grc' dir='ltr'>τῆς</span> <span class='ocrx_word' id='word_1_728' title='bbox 1868 5665 1979 5717; x_wconf 87' lang='grc' dir='ltr'>τῶν</span> 
     </span>
    </p>
   </div>
   <div class='ocr_carea' id='block_1_103' title="bbox 396 5754 1978 5824">
    <p class='ocr_par' dir='ltr' id='par_1_103' title="bbox 396 5754 1978 5824">
     <span class='ocr_line' id='line_1_103' title="bbox 396 5754 1978 5824; baseline 0.001 -19"><span class='ocrx_word' id='word_1_729' title='bbox 396 5754 628 5805; x_wconf 81' lang='grc' dir='ltr'>ἐντολῶν</span> <span class='ocrx_word' id='word_1_730' title='bbox 656 5755 914 5823; x_wconf 85' lang='grc' dir='ltr'>ἀμελείας</span> <span class='ocrx_word' id='word_1_731' title='bbox 942 5758 1053 5817; x_wconf 86' lang='grc' dir='ltr'>τοῖς</span> <span class='ocrx_word' id='word_1_732' title='bbox 1084 5756 1276 5807; x_wconf 82' lang='grc' dir='ltr'>πάθεσι</span> <span class='ocrx_word' id='word_1_733' title='bbox 1320 5756 1726 5824; x_wconf 80' lang='grc' dir='ltr'>συγχωσθεῖσα,</span> <span class='ocrx_word' id='word_1_734' title='bbox 1758 5756 1852 5809; x_wconf 71' lang='grc' dir='ltr'>καὶ</span> <span class='ocrx_word' id='word_1_735' title='bbox 1878 5757 1978 5823; x_wconf 82' lang='grc' dir='ltr'>τὴν</span> 
     </span>
    </p>
   </div>
   <div class='ocr_carea' id='block_1_104' title="bbox 401 5848 1977 5914">
    <p class='ocr_par' dir='ltr' id='par_1_104' title="bbox 401 5848 1977 5914">
     <span class='ocr_line' id='line_1_104' title="bbox 401 5848 1977 5914; baseline -0.006 -3"><span class='ocrx_word' id='word_1_736' title='bbox 401 5848 691 5911; x_wconf 67' lang='grc' dir='ltr'>μετάνοιαν</span> <span class='ocrx_word' id='word_1_737' title='bbox 724 5848 881 5910; x_wconf 72' lang='grc' dir='ltr'>ἡμῶν</span> <span class='ocrx_word' id='word_1_738' title='bbox 917 5849 1260 5913; x_wconf 74' lang='grc' dir='ltr'>ἀναμένουτα</span> <span class='ocrx_word' id='word_1_739' title='bbox 1313 5849 1378 5901; x_wconf 72' lang='grc' dir='ltr'>δι’</span> <span class='ocrx_word' id='word_1_740' title='bbox 1412 5849 1618 5910; x_wconf 77' lang='grc' dir='ltr'>ἄφατον</span> <span class='ocrx_word' id='word_1_741' title='bbox 1665 5850 1809 5914; x_wconf 79' lang='grc' dir='ltr'>ἕλεος</span> <span class='ocrx_word' id='word_1_742' title='bbox 1835 5864 1849 5881; x_wconf 80' lang='grc'><strong><em>⁸</em></strong></span> <span class='ocrx_word' id='word_1_743' title='bbox 1889 5850 1977 5904; x_wconf 83' lang='grc' dir='ltr'>ἵνα</span> 
     </span>
    </p>
   </div>
   <div class='ocr_carea' id='block_1_105' title="bbox 2092 4632 3655 4713">
    <p class='ocr_par' dir='ltr' id='par_1_105' title="bbox 2092 4632 3655 4713">
     <span class='ocr_line' id='line_1_105' title="bbox 2092 4632 3655 4713; baseline 0.012 -30"><span class='ocrx_word' id='word_1_744' title='bbox 2092 4632 2237 4686; x_wconf 90' lang='lat' dir='ltr'><strong>tione</strong></span> <span class='ocrx_word' id='word_1_745' title='bbox 2269 4634 2444 4702; x_wconf 84' lang='lat' dir='ltr'><strong>major</strong></span> <span class='ocrx_word' id='word_1_746' title='bbox 2476 4636 2526 4687; x_wconf 90' lang='lat' dir='ltr'><strong>in</strong></span> <span class='ocrx_word' id='word_1_747' title='bbox 2560 4636 2852 4690; x_wconf 87' lang='lat' dir='ltr'><strong>virtutibus</strong></span> <span class='ocrx_word' id='word_1_748' title='bbox 2884 4654 2990 4690; x_wconf 88' lang='lat' dir='ltr'>non</span> <span class='ocrx_word' id='word_1_749' title='bbox 3041 4652 3143 4692; x_wconf 86' lang='lat' dir='ltr'><strong>est.</strong></span> <span class='ocrx_word' id='word_1_750' title='bbox 3194 4640 3437 4713; x_wconf 88' lang='lat' dir='ltr'><strong>Namque</strong></span> <span class='ocrx_word' id='word_1_751' title='bbox 3466 4650 3655 4701; x_wconf 89' lang='lat' dir='ltr'><strong>harum</strong></span> 
     </span>
    </p>
   </div>
   <div class='ocr_carea' id='block_1_106' title="bbox 2090 4725 3163 4784">
    <p class='ocr_par' dir='ltr' id='par_1_106' title="bbox 2090 4725 3163 4784">
     <span class='ocr_line' id='line_1_106' title="bbox 2090 4725 3163 4784; baseline 0.007 -9"><span class='ocrx_word' id='word_1_752' title='bbox 2090 4725 2364 4776; x_wconf 87' lang='lat' dir='ltr'><strong>contraria</strong></span> <span class='ocrx_word' id='word_1_753' title='bbox 2400 4736 2525 4778; x_wconf 89' lang='lat' dir='ltr'><strong>sunt</strong></span> <span class='ocrx_word' id='word_1_754' title='bbox 2552 4727 2813 4780; x_wconf 90' lang='lat' dir='ltr'><strong>onmibus</strong></span> <span class='ocrx_word' id='word_1_755' title='bbox 2859 4728 3163 4784; x_wconf 83' lang='lat' dir='ltr'><strong>manifesta.</strong></span> 
     </span>
    </p>
   </div>
   <div class='ocr_carea' id='block_1_107' title="bbox 2162 4926 3652 5000">
    <p class='ocr_par' dir='ltr' id='par_1_107' title="bbox 2162 4926 3652 5000">
     <span class='ocr_line' id='line_1_107' title="bbox 2162 4926 3652 5000; baseline 0.003 -15"><span class='ocrx_word' id='word_1_756' title='bbox 2162 4933 2245 4985; x_wconf 73' lang='grc' dir='ltr'>Η.</span> <span class='ocrx_word' id='word_1_757' title='bbox 2308 4926 2536 4999; x_wconf 81' lang='lat' dir='ltr'><strong>Oportet</strong></span> <span class='ocrx_word' id='word_1_758' title='bbox 2574 4928 2659 4983; x_wconf 77' lang='lat' dir='ltr'>hic</span> <span class='ocrx_word' id='word_1_759' title='bbox 2709 4946 2927 5000; x_wconf 86' lang='lat' dir='ltr'><strong>quoque</strong></span> <span class='ocrx_word' id='word_1_760' title='bbox 2975 4931 3190 4986; x_wconf 85' lang='lat' dir='ltr'><strong>labores</strong></span> <span class='ocrx_word' id='word_1_761' title='bbox 3248 4942 3302 4985; x_wconf 90' lang='lat' dir='ltr'>et</span> <span class='ocrx_word' id='word_1_762' title='bbox 3357 4934 3652 4990; x_wconf 78' lang='lat' dir='ltr'><strong>industrius</strong></span> 
     </span>
    </p>
   </div>
   <div class='ocr_carea' id='block_1_108' title="bbox 2093 5022 3654 5092">
    <p class='ocr_par' dir='ltr' id='par_1_108' title="bbox 2093 5022 3654 5092">
     <span class='ocr_line' id='line_1_108' title="bbox 2093 5022 3654 5092; baseline 0.003 -17"><span class='ocrx_word' id='word_1_763' title='bbox 2093 5025 2428 5092; x_wconf 84' lang='lat' dir='ltr'><strong>operationis</strong></span> <span class='ocrx_word' id='word_1_764' title='bbox 2493 5022 2720 5087; x_wconf 87' lang='lat' dir='ltr'><strong>referre,</strong></span> <span class='ocrx_word' id='word_1_765' title='bbox 2774 5034 2825 5073; x_wconf 78' lang='lat' dir='ltr'>et</span> <span class='ocrx_word' id='word_1_766' title='bbox 2882 5023 3154 5089; x_wconf 89' lang='lat' dir='ltr'><strong>quomodo</strong></span> <span class='ocrx_word' id='word_1_767' title='bbox 3212 5024 3523 5079; x_wconf 87' lang='lat' dir='ltr'><strong>faciendum</strong></span> <span class='ocrx_word' id='word_1_768' title='bbox 3584 5031 3654 5079; x_wconf 90' lang='lat' dir='ltr'>sit</span> 
     </span>
    </p>
   </div>
   <div class='ocr_carea' id='block_1_109' title="bbox 2088 5117 3657 5184">
    <p class='ocr_par' dir='ltr' id='par_1_109' title="bbox 2088 5117 3657 5184">
     <span class='ocr_line' id='line_1_109' title="bbox 2088 5117 3657 5184; baseline -0.002 -16"><span class='ocrx_word' id='word_1_769' title='bbox 2088 5121 2447 5184; x_wconf 87' lang='lat' dir='ltr'><strong>quodcunque</strong></span> <span class='ocrx_word' id='word_1_770' title='bbox 2500 5129 2634 5181; x_wconf 85' lang='lat' dir='ltr'><strong>opus</strong></span> <span class='ocrx_word' id='word_1_771' title='bbox 2665 5117 2810 5167; x_wconf 85' lang='lat' dir='ltr'><strong>clare</strong></span> <span class='ocrx_word' id='word_1_772' title='bbox 2832 5130 3121 5180; x_wconf 68' lang='lat' dir='ltr'><strong>esponcre,</strong></span> <span class='ocrx_word' id='word_1_773' title='bbox 3156 5125 3213 5168; x_wconf 92' lang='lat' dir='ltr'>nt</span> <span class='ocrx_word' id='word_1_774' title='bbox 3238 5132 3342 5169; x_wconf 91' lang='lat' dir='ltr'><strong>non</strong></span> <span class='ocrx_word' id='word_1_775' title='bbox 3364 5119 3480 5172; x_wconf 88' lang='lat' dir='ltr'><strong>sine</strong></span> <span class='ocrx_word' id='word_1_776' title='bbox 3508 5120 3657 5171; x_wconf 79' lang='lat' dir='ltr'><strong>labo-</strong></span> 
     </span>
    </p>
   </div>
   <div class='ocr_carea' id='block_1_110' title="bbox 2089 5203 3653 5272">
    <p class='ocr_par' dir='ltr' id='par_1_110' title="bbox 2089 5203 3653 5272">
     <span class='ocr_line' id='line_1_110' title="bbox 2089 5203 3653 5272; baseline -0.001 -13"><span class='ocrx_word' id='word_1_777' title='bbox 2089 5222 2148 5259; x_wconf 87' lang='lat' dir='ltr'>re</span> <span class='ocrx_word' id='word_1_778' title='bbox 2208 5205 2401 5272; x_wconf 82' lang='lat' dir='ltr'><strong>aliquis</strong></span> <span class='ocrx_word' id='word_1_779' title='bbox 2447 5217 2509 5256; x_wconf 82' lang='lat' dir='ltr'><strong>ex</strong></span> <span class='ocrx_word' id='word_1_780' title='bbox 2567 5203 2846 5255; x_wconf 84' lang='lat' dir='ltr'><strong>auditione</strong></span> <span class='ocrx_word' id='word_1_781' title='bbox 2900 5206 3208 5266; x_wconf 84' lang='lat' dir='ltr'><strong>ambulans,</strong></span> <span class='ocrx_word' id='word_1_782' title='bbox 3264 5208 3441 5259; x_wconf 78' lang='lat' dir='ltr'><strong>fructu</strong></span> <span class='ocrx_word' id='word_1_783' title='bbox 3512 5209 3653 5258; x_wconf 86' lang='lat' dir='ltr'><strong>hami</strong></span> 
     </span>
    </p>
   </div>
   <div class='ocr_carea' id='block_1_111' title="bbox 2089 5298 3655 5365">
    <p class='ocr_par' dir='ltr' id='par_1_111' title="bbox 2089 5298 3655 5365">
     <span class='ocr_line' id='line_1_111' title="bbox 2089 5298 3655 5365; baseline 0.001 -17"><span class='ocrx_word' id='word_1_784' title='bbox 2089 5308 2363 5365; x_wconf 86' lang='lat' dir='ltr'><strong>percepto,</strong></span> <span class='ocrx_word' id='word_1_785' title='bbox 2398 5312 2493 5349; x_wconf 80' lang='lat' dir='ltr'>nos</span> <span class='ocrx_word' id='word_1_786' title='bbox 2529 5298 2733 5349; x_wconf 85' lang='lat' dir='ltr'><strong>aliosve</strong></span> <span class='ocrx_word' id='word_1_787' title='bbox 2777 5309 3017 5357; x_wconf 84' lang='lat' dir='ltr'><strong>accuset,</strong></span> <span class='ocrx_word' id='word_1_788' title='bbox 3054 5313 3118 5349; x_wconf 86' lang='lat' dir='ltr'>eo</span> <span class='ocrx_word' id='word_1_789' title='bbox 3169 5298 3311 5365; x_wconf 86' lang='lat' dir='ltr'><strong>quod</strong></span> <span class='ocrx_word' id='word_1_790' title='bbox 3377 5313 3655 5365; x_wconf 85' lang='lat' dir='ltr'><strong>nunquam</strong></span> 
     </span>
    </p>
   </div>
   <div class='ocr_carea' id='block_1_112' title="bbox 2089 5386 3655 5443">
    <p class='ocr_par' dir='ltr' id='par_1_112' title="bbox 2089 5386 3655 5443">
     <span class='ocr_line' id='line_1_112' title="bbox 2089 5386 3655 5443; baseline 0.001 -4"><span class='ocrx_word' id='word_1_791' title='bbox 2089 5392 2153 5440; x_wconf 86' lang='lat' dir='ltr'>de</span> <span class='ocrx_word' id='word_1_792' title='bbox 2190 5389 2290 5441; x_wconf 90' lang='lat' dir='ltr'>hoc</span> <span class='ocrx_word' id='word_1_793' title='bbox 2349 5388 2512 5440; x_wconf 82' lang='lat' dir='ltr'><strong>locuti</strong></span> <span class='ocrx_word' id='word_1_794' title='bbox 2551 5403 2811 5441; x_wconf 84' lang='lat' dir='ltr'><strong>essemus.</strong></span> <span class='ocrx_word' id='word_1_795' title='bbox 2870 5386 3002 5442; x_wconf 86' lang='lat' dir='ltr'>Nam</span> <span class='ocrx_word' id='word_1_796' title='bbox 3063 5390 3330 5442; x_wconf 88' lang='lat' dir='ltr'><strong>industria</strong></span> <span class='ocrx_word' id='word_1_797' title='bbox 3366 5390 3545 5443; x_wconf 84' lang='lat' dir='ltr'><strong>cordis</strong></span> <span class='ocrx_word' id='word_1_798' title='bbox 3599 5402 3655 5441; x_wconf 62' lang='lat' dir='ltr'>et</span> 
     </span>
    </p>
   </div>
   <div class='ocr_carea' id='block_1_113' title="bbox 2087 5479 3651 5546">
    <p class='ocr_par' dir='ltr' id='par_1_113' title="bbox 2087 5479 3651 5546">
     <span class='ocr_line' id='line_1_113' title="bbox 2087 5479 3651 5546; baseline 0.001 -15"><span class='ocrx_word' id='word_1_799' title='bbox 2087 5480 2331 5546; x_wconf 88' lang='lat' dir='ltr'><strong>corporis</strong></span> <span class='ocrx_word' id='word_1_800' title='bbox 2367 5480 2517 5531; x_wconf 84' lang='lat' dir='ltr'><strong>labor</strong></span> <span class='ocrx_word' id='word_1_801' title='bbox 2569 5479 2747 5531; x_wconf 92' lang='lat' dir='ltr'><strong>sciunt</strong></span> <span class='ocrx_word' id='word_1_802' title='bbox 2805 5495 2940 5546; x_wconf 87' lang='lat' dir='ltr'><strong>opus</strong></span> <span class='ocrx_word' id='word_1_803' title='bbox 2990 5480 3234 5532; x_wconf 88' lang='lat' dir='ltr'><strong>veritatis</strong></span> <span class='ocrx_word' id='word_1_804' title='bbox 3305 5481 3504 5535; x_wconf 86' lang='lat' dir='ltr'><strong>facere.</strong></span> <span class='ocrx_word' id='word_1_805' title='bbox 3573 5481 3651 5534; x_wconf 55' lang='lat' dir='ltr'><strong>Et</strong></span> 
     </span>
    </p>
   </div>
   <div class='ocr_carea' id='block_1_114' title="bbox 2088 5569 3654 5638">
    <p class='ocr_par' dir='ltr' id='par_1_114' title="bbox 2088 5569 3654 5638">
     <span class='ocr_line' id='line_1_114' title="bbox 2088 5569 3654 5638; baseline 0.001 -19"><span class='ocrx_word' id='word_1_806' title='bbox 2088 5570 2285 5635; x_wconf 86' lang='lat' dir='ltr'><strong>quibus</strong></span> <span class='ocrx_word' id='word_1_807' title='bbox 2312 5570 2553 5634; x_wconf 82' lang='lat' dir='ltr'><strong>Operatio</strong></span> <span class='ocrx_word' id='word_1_808' title='bbox 2603 5569 2839 5636; x_wconf 90' lang='lat' dir='ltr'><strong>Spiritus</strong></span> <span class='ocrx_word' id='word_1_809' title='bbox 2892 5574 3065 5623; x_wconf 86' lang='lat' dir='ltr'><strong>sancti</strong></span> <span class='ocrx_word' id='word_1_810' title='bbox 3096 5569 3496 5635; x_wconf 78' lang='lat' dir='ltr'><strong>ntanifestatnr,</strong></span> <span class='ocrx_word' id='word_1_811' title='bbox 3559 5588 3654 5638; x_wconf 75' lang='lat' dir='ltr'>per</span> 
     </span>
    </p>
   </div>
   <div class='ocr_carea' id='block_1_115' title="bbox 2090 5662 3652 5731">
    <p class='ocr_par' dir='ltr' id='par_1_115' title="bbox 2090 5662 3652 5731">
     <span class='ocr_line' id='line_1_115' title="bbox 2090 5662 3652 5731; baseline 0 -17"><span class='ocrx_word' id='word_1_812' title='bbox 2090 5662 2413 5727; x_wconf 83' lang='lat' dir='ltr'><strong>baptismum</strong></span> <span class='ocrx_word' id='word_1_813' title='bbox 2469 5662 2563 5713; x_wconf 90' lang='lat' dir='ltr'><strong>tibi</strong></span> <span class='ocrx_word' id='word_1_814' title='bbox 2599 5663 2721 5714; x_wconf 87' lang='lat' dir='ltr'><strong>data</strong></span> <span class='ocrx_word' id='word_1_815' title='bbox 2768 5672 2820 5713; x_wconf 90' lang='lat' dir='ltr'>et</span> <span class='ocrx_word' id='word_1_816' title='bbox 2860 5665 3005 5713; x_wconf 89' lang='lat' dir='ltr'><strong>omni</strong></span> <span class='ocrx_word' id='word_1_817' title='bbox 3071 5662 3235 5722; x_wconf 80' lang='lat' dir='ltr'><strong>fideli,</strong></span> <span class='ocrx_word' id='word_1_818' title='bbox 3272 5662 3366 5715; x_wconf 79' lang='lat' dir='ltr'>sed</span> <span class='ocrx_word' id='word_1_819' title='bbox 3428 5673 3652 5731; x_wconf 86' lang='lat' dir='ltr'><strong>propter</strong></span> 
     </span>
    </p>
   </div>
   <div class='ocr_carea' id='block_1_116' title="bbox 2091 5750 3649 5817">
    <p class='ocr_par' dir='ltr' id='par_1_116' title="bbox 2091 5750 3649 5817">
     <span class='ocr_line' id='line_1_116' title="bbox 2091 5750 3649 5817; baseline -0.002 -14"><span class='ocrx_word' id='word_1_820' title='bbox 2091 5750 2471 5803; x_wconf 86' lang='lat' dir='ltr'><strong>mandatorum</strong></span> <span class='ocrx_word' id='word_1_821' title='bbox 2524 5751 2876 5805; x_wconf 77' lang='lat' dir='ltr'><strong>omissionem</strong></span> <span class='ocrx_word' id='word_1_822' title='bbox 2930 5751 3277 5817; x_wconf 87' lang='lat' dir='ltr'><strong>passionibus</strong></span> <span class='ocrx_word' id='word_1_823' title='bbox 3313 5750 3649 5815; x_wconf 80' lang='lat' dir='ltr'><strong>abscondita,</strong></span> 
     </span>
    </p>
   </div>
   <div class='ocr_carea' id='block_1_117' title="bbox 2088 5840 3655 5910">
    <p class='ocr_par' dir='ltr' id='par_1_117' title="bbox 2088 5840 3655 5910">
     <span class='ocr_line' id='line_1_117' title="bbox 2088 5840 3655 5910; baseline -0.002 -14"><span class='ocrx_word' id='word_1_824' title='bbox 2088 5850 2141 5896; x_wconf 87' lang='lat' dir='ltr'>et</span> <span class='ocrx_word' id='word_1_825' title='bbox 2175 5849 2415 5895; x_wconf 79' lang='lat' dir='ltr'><strong>nostrain</strong></span> <span class='ocrx_word' id='word_1_826' title='bbox 2460 5840 2838 5910; x_wconf 84' lang='lat' dir='ltr'><strong>poenitentiam</strong></span> <span class='ocrx_word' id='word_1_827' title='bbox 2888 5851 3212 5909; x_wconf 78' lang='lat' dir='ltr'><strong>exspectans</strong></span> <span class='ocrx_word' id='word_1_828' title='bbox 3262 5842 3521 5898; x_wconf 71' lang='lat' dir='ltr'><strong>ineffabili</strong></span> <span class='ocrx_word' id='word_1_829' title='bbox 3548 5843 3655 5894; x_wconf 84' lang='lat' dir='ltr'><strong>tui-</strong></span> 
     </span>
    </p>
   </div>
  </div>
