  <div class='ocr_page' id='page_1' title='image "/cluster/home/n/w/nwhite01/storage/ocr_20150623/150/hvd.32044073498826/670.png"; bbox 0 0 3960 6190; ppageno 0'>
   <div class='ocr_carea' id='block_1_1' title="bbox 418 81 486 144">
    <p class='ocr_par' dir='ltr' id='par_1_1' title="bbox 418 81 486 144">
     <span class='ocr_line' id='line_1_1' title="bbox 418 81 486 144; baseline 0 -51"><span class='ocrx_word' id='word_1_1' title='bbox 418 81 486 144; x_wconf 42' lang='grc' dir='ltr'><strong>,ρ</strong></span> 
     </span>
    </p>
   </div>
   <div class='ocr_carea' id='block_1_2' title="bbox 315 262 449 325">
    <p class='ocr_par' dir='ltr' id='par_1_2' title="bbox 315 262 449 325">
     <span class='ocr_line' id='line_1_2' title="bbox 315 262 449 325; baseline -0.015 0"><span class='ocrx_word' id='word_1_2' title='bbox 315 262 449 325; x_wconf 69' lang='grc'><strong>1329</strong></span> 
     </span>
    </p>
   </div>
   <div class='ocr_carea' id='block_1_3' title="bbox 1343 246 2510 316">
    <p class='ocr_par' dir='ltr' id='par_1_3' title="bbox 1343 246 2510 316">
     <span class='ocr_line' id='line_1_3' title="bbox 1343 246 2510 316; baseline -0.011 0"><span class='ocrx_word' id='word_1_3' title='bbox 1343 251 1758 316; x_wconf 76' lang='lat' dir='ltr'><strong>PRIECEPTA</strong></span> <span class='ocrx_word' id='word_1_4' title='bbox 1799 249 1898 308; x_wconf 83' lang='lat' dir='ltr'><strong>AD</strong></span> <span class='ocrx_word' id='word_1_5' title='bbox 1938 246 2510 308; x_wconf 74' lang='lat' dir='ltr'><strong>l-IESYCHASTAS.</strong></span> 
     </span>
    </p>
   </div>
   <div class='ocr_carea' id='block_1_4' title="bbox 3414 233 3574 296">
    <p class='ocr_par' dir='ltr' id='par_1_4' title="bbox 3414 233 3574 296">
     <span class='ocr_line' id='line_1_4' title="bbox 3414 233 3574 296; baseline -0.013 0"><span class='ocrx_word' id='word_1_6' title='bbox 3414 233 3434 296; x_wconf 91' lang='lat' dir='ltr'><strong>l</strong></span> <span class='ocrx_word' id='word_1_7' title='bbox 3453 233 3574 294; x_wconf 64' lang='lat'><strong>3130‘</strong></span> 
     </span>
    </p>
   </div>
   <div class='ocr_carea' id='block_1_5' title="bbox 310 351 1919 444">
    <p class='ocr_par' dir='ltr' id='par_1_5' title="bbox 310 371 1919 444">
     <span class='ocr_line' id='line_1_5' title="bbox 310 371 1919 444; baseline -0.005 -12"><span class='ocrx_word' id='word_1_8' title='bbox 310 383 363 433; x_wconf 75' lang='grc' dir='ltr'><strong>ιν</strong></span> <span class='ocrx_word' id='word_1_9' title='bbox 410 378 712 432; x_wconf 78' lang='grc' dir='ltr'><strong>ἀναπαύσει</strong></span> <span class='ocrx_word' id='word_1_10' title='bbox 772 377 996 444; x_wconf 80' lang='grc' dir='ltr'><strong>διάγειν,</strong></span> <span class='ocrx_word' id='word_1_11' title='bbox 1030 376 1147 428; x_wconf 81' lang='grc' dir='ltr'>οὐδὲ</span> <span class='ocrx_word' id='word_1_12' title='bbox 1183 376 1238 427; x_wconf 82' lang='grc' dir='ltr'><strong>ἐν</strong></span> <span class='ocrx_word' id='word_1_13' title='bbox 1278 374 1425 443; x_wconf 77' lang='grc' dir='ltr'><strong>μόνῳ</strong></span> <span class='ocrx_word' id='word_1_14' title='bbox 1454 373 1531 441; x_wconf 81' lang='grc' dir='ltr'>τῷ</span> <span class='ocrx_word' id='word_1_15' title='bbox 1571 371 1869 438; x_wconf 33' lang='grc' dir='ltr'>καθίσμαιτι</span> <span class='ocrx_word' id='word_1_16' title='bbox 1903 377 1919 424; x_wconf 75' lang='lat'><strong>1</strong></span> 
     </span>
    </p>
   </div>
   <div class='ocr_carea' id='block_1_6' title="bbox 2025 351 3554 444">
    <p class='ocr_par' dir='ltr' id='par_1_6' title="bbox 2025 351 3554 431">
     <span class='ocr_line' id='line_1_6' title="bbox 2025 351 3554 431; baseline -0.011 -15"><span class='ocrx_word' id='word_1_17' title='bbox 2025 371 2194 431; x_wconf 82' lang='lat' dir='ltr'><strong>portet</strong></span> <span class='ocrx_word' id='word_1_18' title='bbox 2229 362 2283 415; x_wconf 92' lang='lat' dir='ltr'><strong>in</strong></span> <span class='ocrx_word' id='word_1_19' title='bbox 2319 363 2501 430; x_wconf 86' lang='lat' dir='ltr'><strong>quiete</strong></span> <span class='ocrx_word' id='word_1_20' title='bbox 2525 374 2742 428; x_wconf 89' lang='lat' dir='ltr'><strong>semper</strong></span> <span class='ocrx_word' id='word_1_21' title='bbox 2772 358 2992 425; x_wconf 76' lang='lat' dir='ltr'><strong>degere,</strong></span> <span class='ocrx_word' id='word_1_22' title='bbox 3017 367 3190 422; x_wconf 84' lang='lat' dir='ltr'><strong>neque</strong></span> <span class='ocrx_word' id='word_1_23' title='bbox 3216 351 3270 405; x_wconf 82' lang='lat' dir='ltr'><strong>in</strong></span> <span class='ocrx_word' id='word_1_24' title='bbox 3294 358 3554 419; x_wconf 85' lang='lat' dir='ltr'><strong>perpetua</strong></span> 
     </span>
    </p>
   </div>
   <div class='ocr_carea' id='block_1_7' title="bbox 312 463 1876 535">
    <p class='ocr_par' dir='ltr' id='par_1_7' title="bbox 312 463 1876 535">
     <span class='ocr_line' id='line_1_7' title="bbox 312 463 1876 535; baseline -0.006 -14"><span class='ocrx_word' id='word_1_25' title='bbox 312 470 536 522; x_wconf 84' lang='grc' dir='ltr'>πάντοτε</span> <span class='ocrx_word' id='word_1_26' title='bbox 566 468 671 533; x_wconf 74' lang='grc' dir='ltr'>πρὸ</span> <span class='ocrx_word' id='word_1_27' title='bbox 693 467 908 534; x_wconf 81' lang='grc' dir='ltr'><strong>καιροῦ,</strong></span> <span class='ocrx_word' id='word_1_28' title='bbox 945 466 976 534; x_wconf 83' lang='grc' dir='ltr'>ἢ</span> <span class='ocrx_word' id='word_1_29' title='bbox 1016 467 1237 535; x_wconf 84' lang='grc' dir='ltr'>γήρους.</span> <span class='ocrx_word' id='word_1_30' title='bbox 1269 465 1301 534; x_wconf 81' lang='grc' dir='ltr'>ἢ</span> <span class='ocrx_word' id='word_1_31' title='bbox 1343 464 1624 523; x_wconf 74' lang='grc' dir='ltr'><strong>ἀσθενείας</strong></span> <span class='ocrx_word' id='word_1_32' title='bbox 1672 463 1876 530; x_wconf 82' lang='grc' dir='ltr'>ἐγκαρ-</span> 
     </span>
    </p>
   </div>
   <div class='ocr_carea' id='block_1_8' title="bbox 1981 442 3556 509">
    <p class='ocr_par' dir='ltr' id='par_1_8' title="bbox 1981 442 3556 509">
     <span class='ocr_line' id='line_1_8' title="bbox 1981 442 3556 509; baseline -0.011 0"><span class='ocrx_word' id='word_1_33' title='bbox 1981 455 2229 509; x_wconf 77' lang='lat' dir='ltr'><strong>sessione</strong></span> <span class='ocrx_word' id='word_1_34' title='bbox 2284 467 2411 506; x_wconf 83' lang='lat' dir='ltr'><strong>ante</strong></span> <span class='ocrx_word' id='word_1_35' title='bbox 2455 450 2756 508; x_wconf 75' lang='lat' dir='ltr'><strong>senectutis</strong></span> <span class='ocrx_word' id='word_1_36' title='bbox 2807 458 2904 502; x_wconf 84' lang='lat' dir='ltr'><strong>aut</strong></span> <span class='ocrx_word' id='word_1_37' title='bbox 2958 442 3296 500; x_wconf 79' lang='lat' dir='ltr'><strong>inﬁrmitatis</strong></span> <span class='ocrx_word' id='word_1_38' title='bbox 3343 448 3556 508; x_wconf 82' lang='lat' dir='ltr'><strong>tempus</strong></span> 
     </span>
    </p>
   </div>
   <div class='ocr_carea' id='block_1_9' title="bbox 311 528 1919 629">
    <p class='ocr_par' dir='ltr' id='par_1_9' title="bbox 311 528 1876 629">
     <span class='ocr_line' id='line_1_9' title="bbox 311 528 1876 629; baseline -0.006 -17"><span class='ocrx_word' id='word_1_39' title='bbox 311 560 503 629; x_wconf 81' lang='grc' dir='ltr'>τερεῖν.</span> <span class='ocrx_word' id='word_1_40' title='bbox 562 528 750 609; x_wconf 50' lang='grc' dir='ltr'>(διότι</span> <span class='ocrx_word' id='word_1_41' title='bbox 783 528 910 619; x_wconf 72' lang='grc' dir='ltr'>τοὺς</span> <span class='ocrx_word' id='word_1_42' title='bbox 959 528 1174 621; x_wconf 71' lang='grc' dir='ltr'>πόνους,</span> <span class='ocrx_word' id='word_1_43' title='bbox 1231 528 1395 624; x_wconf 56' lang='grc' dir='ltr'>φήσιν</span> <span class='ocrx_word' id='word_1_44' title='bbox 1427 557 1458 621; x_wconf 82' lang='grc' dir='ltr'><strong>ἡ</strong></span> <span class='ocrx_word' id='word_1_45' title='bbox 1495 553 1720 624; x_wconf 74' lang='grc' dir='ltr'>Γραφὴ,</span> <span class='ocrx_word' id='word_1_46' title='bbox 1769 528 1876 603; x_wconf 83' lang='grc' dir='ltr'><strong>τῶν</strong></span> 
     </span>
    </p>
   </div>
   <div class='ocr_carea' id='block_1_10' title="bbox 2025 528 3560 629">
    <p class='ocr_par' dir='ltr' id='par_1_10' title="bbox 2025 528 3560 601">
     <span class='ocr_line' id='line_1_10' title="bbox 2025 528 3560 601; baseline -0.013 -2"><span class='ocrx_word' id='word_1_47' title='bbox 2025 560 2287 601; x_wconf 84' lang='lat' dir='ltr'><strong>:manere.</strong></span> <span class='ocrx_word' id='word_1_48' title='bbox 2327 563 2345 595; x_wconf 84' lang='grc' dir='ltr'><strong>ι</strong></span> <span class='ocrx_word' id='word_1_49' title='bbox 2373 543 2610 598; x_wconf 71' lang='lat' dir='ltr'><strong>Laliores</strong></span> <span class='ocrx_word' id='word_1_50' title='bbox 2637 553 2898 595; x_wconf 88' lang='lat' dir='ltr'><strong>manuum</strong></span> <span class='ocrx_word' id='word_1_51' title='bbox 2929 543 3146 591; x_wconf 83' lang='lat' dir='ltr'><strong>tuarum</strong></span> <span class='ocrx_word' id='word_1_52' title='bbox 3171 531 3294 601; x_wconf 87' lang='lat' dir='ltr'><strong>quia</strong></span> <span class='ocrx_word' id='word_1_53' title='bbox 3328 528 3560 584; x_wconf 82' lang='lat' dir='ltr'><strong>mandu-</strong></span> 
     </span>
    </p>
   </div>
   <div class='ocr_carea' id='block_1_11' title="bbox 311 643 1878 720">
    <p class='ocr_par' dir='ltr' id='par_1_11' title="bbox 311 643 1878 720">
     <span class='ocr_line' id='line_1_11' title="bbox 311 643 1878 720; baseline -0.003 -19"><span class='ocrx_word' id='word_1_54' title='bbox 311 648 516 720; x_wconf 78' lang='grc' dir='ltr'>ἀρετῶν</span> <span class='ocrx_word' id='word_1_55' title='bbox 543 664 637 700; x_wconf 91' lang='grc' dir='ltr'><strong>σου</strong></span> <span class='ocrx_word' id='word_1_56' title='bbox 671 647 927 716; x_wconf 77' lang='grc' dir='ltr'><strong>φάγεσαι.</strong></span> <span class='ocrx_word' id='word_1_57' title='bbox 960 667 978 699; x_wconf 76' lang='grc' dir='ltr'><strong>ι</strong></span> <span class='ocrx_word' id='word_1_58' title='bbox 1018 650 1124 702; x_wconf 77' lang='grc' dir='ltr'>Καὶ</span> <span class='ocrx_word' id='word_1_59' title='bbox 1153 669 1170 698; x_wconf 70' lang='lat' dir='ltr'><strong>r</strong></span> <span class='ocrx_word' id='word_1_60' title='bbox 1204 648 1445 701; x_wconf 80' lang='grc' dir='ltr'>Βιαστῶν</span> <span class='ocrx_word' id='word_1_61' title='bbox 1473 649 1618 698; x_wconf 79' lang='grc' dir='ltr'>ἐστιν</span> <span class='ocrx_word' id='word_1_62' title='bbox 1653 647 1686 712; x_wconf 85' lang='grc' dir='ltr'>ἡ</span> <span class='ocrx_word' id='word_1_63' title='bbox 1721 643 1878 710; x_wconf 80' lang='grc' dir='ltr'>βασι-</span> 
     </span>
    </p>
   </div>
   <div class='ocr_carea' id='block_1_12' title="bbox 311 734 1880 808">
    <p class='ocr_par' dir='ltr' id='par_1_12' title="bbox 311 734 1880 808">
     <span class='ocr_line' id='line_1_12' title="bbox 311 734 1880 808; baseline -0.004 -16"><span class='ocrx_word' id='word_1_64' title='bbox 311 740 426 792; x_wconf 85' lang='grc' dir='ltr'>λεία</span> <span class='ocrx_word' id='word_1_65' title='bbox 446 740 555 791; x_wconf 87' lang='grc' dir='ltr'><strong>τῶν</strong></span> <span class='ocrx_word' id='word_1_66' title='bbox 581 739 848 808; x_wconf 80' lang='grc' dir='ltr'><strong>οὐρανῶν.</strong></span> <span class='ocrx_word' id='word_1_67' title='bbox 870 757 890 790; x_wconf 77' lang='grc' dir='ltr'><strong>ι</strong></span> <span class='ocrx_word' id='word_1_68' title='bbox 923 738 1033 802; x_wconf 69' lang='grc' dir='ltr'><strong>Τὰς</strong></span> <span class='ocrx_word' id='word_1_69' title='bbox 1064 735 1158 790; x_wconf 80' lang='grc' dir='ltr'><strong>οὖν</strong></span> <span class='ocrx_word' id='word_1_70' title='bbox 1183 737 1584 807; x_wconf 75' lang='grc' dir='ltr'>προειρημένας</span> <span class='ocrx_word' id='word_1_71' title='bbox 1622 734 1880 804; x_wconf 77' lang='grc' dir='ltr'><strong>ἐργασίας</strong></span> 
     </span>
    </p>
   </div>
   <div class='ocr_carea' id='block_1_13' title="bbox 310 824 1877 900">
    <p class='ocr_par' dir='ltr' id='par_1_13' title="bbox 310 824 1877 900">
     <span class='ocr_line' id='line_1_13' title="bbox 310 824 1877 900; baseline -0.006 -15"><span class='ocrx_word' id='word_1_72' title='bbox 310 834 337 885; x_wconf 92' lang='lat'><strong>6</strong></span> <span class='ocrx_word' id='word_1_73' title='bbox 364 830 487 884; x_wconf 77' lang='grc' dir='ltr'>καθ’</span> <span class='ocrx_word' id='word_1_74' title='bbox 509 830 723 900; x_wconf 74' lang='grc' dir='ltr'>ἡμέραν</span> <span class='ocrx_word' id='word_1_75' title='bbox 758 829 1004 883; x_wconf 82' lang='grc' dir='ltr'>σπεύδων</span> <span class='ocrx_word' id='word_1_76' title='bbox 1052 831 1304 899; x_wconf 74' lang='grc' dir='ltr'>ἑμπόνως</span> <span class='ocrx_word' id='word_1_77' title='bbox 1342 828 1634 892; x_wconf 82' lang='grc' dir='ltr'>ἐπιτελεῖν,</span> <span class='ocrx_word' id='word_1_78' title='bbox 1667 824 1877 880; x_wconf 76' lang='grc' dir='ltr'>καὶτὸν</span> 
     </span>
    </p>
   </div>
   <div class='ocr_carea' id='block_1_14' title="bbox 313 919 1666 991">
    <p class='ocr_par' dir='ltr' id='par_1_14' title="bbox 313 919 1666 991">
     <span class='ocr_line' id='line_1_14' title="bbox 313 919 1666 991; baseline 0.001 -18"><span class='ocrx_word' id='word_1_79' title='bbox 313 919 544 982; x_wconf 80' lang='grc' dir='ltr'>καρπὸν,</span> <span class='ocrx_word' id='word_1_80' title='bbox 577 922 672 974; x_wconf 81' lang='grc' dir='ltr'><strong>σὺν</strong></span> <span class='ocrx_word' id='word_1_81' title='bbox 695 919 833 989; x_wconf 83' lang='grc' dir='ltr'>Θεῷ,</span> <span class='ocrx_word' id='word_1_82' title='bbox 858 921 914 973; x_wconf 78' lang='grc' dir='ltr'>ὲν</span> <span class='ocrx_word' id='word_1_83' title='bbox 937 920 1135 990; x_wconf 79' lang='grc' dir='ltr'>καιρῷ,</span> <span class='ocrx_word' id='word_1_84' title='bbox 1159 921 1362 976; x_wconf 78' lang='grc' dir='ltr'>τούτων</span> <span class='ocrx_word' id='word_1_85' title='bbox 1389 919 1666 991; x_wconf 82' lang='grc' dir='ltr'>δρὲψεται.</span> 
     </span>
    </p>
   </div>
   <div class='ocr_carea' id='block_1_15' title="bbox 385 1075 1413 1143">
    <p class='ocr_par' dir='ltr' id='par_1_15' title="bbox 385 1075 1413 1143">
     <span class='ocr_line' id='line_1_15' title="bbox 385 1075 1413 1143; baseline -0.003 -11"><span class='ocrx_word' id='word_1_86' title='bbox 385 1077 504 1134; x_wconf 59' lang='lat' dir='ltr'><strong>‘Ps.</strong></span> <span class='ocrx_word' id='word_1_87' title='bbox 530 1091 738 1143; x_wconf 71' lang='lat' dir='ltr'><strong>cum,</strong></span> <span class='ocrx_word' id='word_1_88' title='bbox 767 1076 822 1132; x_wconf 72' lang='lat'><strong>2.</strong></span> <span class='ocrx_word' id='word_1_89' title='bbox 910 1081 930 1111; x_wconf 81' lang='grc'>³</span> <span class='ocrx_word' id='word_1_90' title='bbox 956 1075 1146 1132; x_wconf 79' lang='lat' dir='ltr'><strong>Matth.</strong></span> <span class='ocrx_word' id='word_1_91' title='bbox 1207 1093 1283 1141; x_wconf 77' lang='lat' dir='ltr'><strong>xl,</strong></span> <span class='ocrx_word' id='word_1_92' title='bbox 1326 1076 1413 1130; x_wconf 69' lang='grc'><strong>12.</strong></span> 
     </span>
    </p>
   </div>
   <div class='ocr_carea' id='block_1_16' title="bbox 319 1271 558 1290">
    <p class='ocr_par' dir='ltr' id='par_1_16' title="bbox 319 1271 558 1290">
     <span class='ocr_line' id='line_1_16' title="bbox 319 1271 558 1290; baseline 0 -6"><span class='ocrx_word' id='word_1_93' title='bbox 319 1271 558 1290; x_wconf 38' lang='grc' dir='ltr'>ψ...</span> 
     </span>
    </p>
   </div>
   <div class='ocr_carea' id='block_1_17' title="bbox 1981 626 3558 704">
    <p class='ocr_par' dir='ltr' id='par_1_17' title="bbox 1981 626 3558 704">
     <span class='ocr_line' id='line_1_17' title="bbox 1981 626 3558 704; baseline -0.015 -9"><span class='ocrx_word' id='word_1_94' title='bbox 1981 639 2213 704; x_wconf 40' lang='lat' dir='ltr'><strong>collisa;</strong></span> <span class='ocrx_word' id='word_1_95' title='bbox 2236 639 2311 690; x_wconf 93' lang='lat' dir='ltr'><strong>ait</strong></span> <span class='ocrx_word' id='word_1_96' title='bbox 2339 637 2620 704; x_wconf 75' lang='lat' dir='ltr'><strong>Scriptura</strong></span> <span class='ocrx_word' id='word_1_97' title='bbox 2643 650 2660 700; x_wconf 84' lang='lat'><strong>;</strong></span> <span class='ocrx_word' id='word_1_98' title='bbox 2683 642 2774 686; x_wconf 81' lang='lat' dir='ltr'><strong>et;</strong></span> <span class='ocrx_word' id='word_1_99' title='bbox 2805 629 3068 686; x_wconf 64' lang='lat' dir='ltr'><strong>«Violeuti</strong></span> <span class='ocrx_word' id='word_1_100' title='bbox 3091 626 3307 692; x_wconf 88' lang='lat' dir='ltr'><strong>rapiunt</strong></span> <span class='ocrx_word' id='word_1_101' title='bbox 3331 633 3558 691; x_wconf 81' lang='lat' dir='ltr'><strong>regnum</strong></span> 
     </span>
    </p>
   </div>
   <div class='ocr_carea' id='block_1_18' title="bbox 1985 712 3562 794">
    <p class='ocr_par' dir='ltr' id='par_1_18' title="bbox 1985 712 3562 794">
     <span class='ocr_line' id='line_1_18' title="bbox 1985 712 3562 794; baseline -0.011 -12"><span class='ocrx_word' id='word_1_102' title='bbox 1985 731 2250 790; x_wconf 61' lang='lat' dir='ltr'><strong>rariorum</strong></span> <span class='ocrx_word' id='word_1_103' title='bbox 2277 727 2478 792; x_wconf 65' lang='grc' dir='ltr'>’.νυοί</span> <span class='ocrx_word' id='word_1_104' title='bbox 2506 742 2633 794; x_wconf 78' lang='lat' dir='ltr'><strong>ergo</strong></span> <span class='ocrx_word' id='word_1_105' title='bbox 2652 724 2909 793; x_wconf 81' lang='lat' dir='ltr'><strong>praedicta</strong></span> <span class='ocrx_word' id='word_1_106' title='bbox 2936 734 3099 789; x_wconf 84' lang='lat' dir='ltr'><strong>opera</strong></span> <span class='ocrx_word' id='word_1_107' title='bbox 3113 716 3352 788; x_wconf 80' lang='lat' dir='ltr'><strong>quotidie</strong></span> <span class='ocrx_word' id='word_1_108' title='bbox 3376 712 3562 769; x_wconf 86' lang='lat' dir='ltr'><strong>studet</strong></span> 
     </span>
    </p>
   </div>
   <div class='ocr_carea' id='block_1_19' title="bbox 1987 799 3554 880">
    <p class='ocr_par' dir='ltr' id='par_1_19' title="bbox 1987 799 3554 880">
     <span class='ocr_line' id='line_1_19' title="bbox 1987 799 3554 880; baseline -0.013 -7"><span class='ocrx_word' id='word_1_109' title='bbox 1987 819 2263 876; x_wconf 81' lang='lat' dir='ltr'><strong>laboriose</strong></span> <span class='ocrx_word' id='word_1_110' title='bbox 2288 819 2591 880; x_wconf 70' lang='lat' dir='ltr'><strong>absolvere,</strong></span> <span class='ocrx_word' id='word_1_111' title='bbox 2628 814 2888 878; x_wconf 75' lang='lat' dir='ltr'><strong>fructum,</strong></span> <span class='ocrx_word' id='word_1_112' title='bbox 2947 812 3239 879; x_wconf 66' lang='lat' dir='ltr'><strong>adiuvante</strong></span> <span class='ocrx_word' id='word_1_113' title='bbox 3303 802 3436 867; x_wconf 86' lang='lat' dir='ltr'><strong>Deo,</strong></span> <span class='ocrx_word' id='word_1_114' title='bbox 3495 799 3554 854; x_wconf 84' lang='lat' dir='ltr'><strong>in</strong></span> 
     </span>
    </p>
   </div>
   <div class='ocr_carea' id='block_1_20' title="bbox 1989 910 2731 982">
    <p class='ocr_par' dir='ltr' id='par_1_20' title="bbox 1989 910 2731 982">
     <span class='ocr_line' id='line_1_20' title="bbox 1989 910 2731 982; baseline -0.004 -15"><span class='ocrx_word' id='word_1_115' title='bbox 1989 926 2230 982; x_wconf 82' lang='lat' dir='ltr'><strong>tempore</strong></span> <span class='ocrx_word' id='word_1_116' title='bbox 2257 929 2324 968; x_wconf 75' lang='lat' dir='ltr'><strong>ex</strong></span> <span class='ocrx_word' id='word_1_117' title='bbox 2357 913 2466 968; x_wconf 89' lang='lat' dir='ltr'><strong>illis</strong></span> <span class='ocrx_word' id='word_1_118' title='bbox 2491 910 2731 976; x_wconf 71' lang='lat' dir='ltr'><strong>colliget.</strong></span> 
     </span>
    </p>
   </div>
   <div class='ocr_carea' id='block_1_21' title="bbox 1434 1416 2436 1554">
    <p class='ocr_par' dir='ltr' id='par_1_21' title="bbox 1434 1416 2436 1554">
     <span class='ocr_line' id='line_1_21' title="bbox 1434 1416 2436 1554; baseline -0.003 -4"><span class='ocrx_word' id='word_1_119' title='bbox 1434 1422 1782 1554; x_wconf 86' lang='grc' dir='ltr'><strong>ΤΟΥ</strong></span> <span class='ocrx_word' id='word_1_120' title='bbox 1859 1416 2436 1549; x_wconf 88' lang='grc' dir='ltr'><strong>ΑΥΤΟΥ</strong></span> 
     </span>
    </p>
   </div>
   <div class='ocr_carea' id='block_1_22' title="bbox 703 1655 3162 1724">
    <p class='ocr_par' dir='ltr' id='par_1_22' title="bbox 703 1655 3162 1724">
     <span class='ocr_line' id='line_1_22' title="bbox 703 1655 3162 1724; baseline -0.006 -2"><span class='ocrx_word' id='word_1_121' title='bbox 703 1670 864 1723; x_wconf 80' lang='grc' dir='ltr'><strong>ΠΕΡΙ</strong></span> <span class='ocrx_word' id='word_1_122' title='bbox 921 1669 1057 1724; x_wconf 85' lang='grc' dir='ltr'><strong>ΤΟΥ</strong></span> <span class='ocrx_word' id='word_1_123' title='bbox 1109 1669 1241 1722; x_wconf 85' lang='grc' dir='ltr'><strong>ΠΩΣ</strong></span> <span class='ocrx_word' id='word_1_124' title='bbox 1276 1667 1385 1721; x_wconf 82' lang='grc' dir='ltr'><strong>ΔΕΙ</strong></span> <span class='ocrx_word' id='word_1_125' title='bbox 1428 1663 1858 1718; x_wconf 79' lang='grc' dir='ltr'><strong>ΚΑΘΕΖΕΣΘᾹΙ</strong></span> <span class='ocrx_word' id='word_1_126' title='bbox 1898 1661 2034 1716; x_wconf 79' lang='lat' dir='ltr'><strong>TON</strong></span> <span class='ocrx_word' id='word_1_127' title='bbox 2076 1657 2544 1714; x_wconf 77' lang='grc' dir='ltr'><strong>ΗΣΥΧΑΖΟΝΤΔ</strong></span> <span class='ocrx_word' id='word_1_128' title='bbox 2585 1657 2695 1710; x_wconf 85' lang='grc' dir='ltr'><strong>ΕΙΣ</strong></span> <span class='ocrx_word' id='word_1_129' title='bbox 2734 1656 2879 1709; x_wconf 78' lang='grc' dir='ltr'><strong>ΤΗΝ</strong></span> <span class='ocrx_word' id='word_1_130' title='bbox 2919 1655 3162 1710; x_wconf 77' lang='grc' dir='ltr'><strong>ΕΥΧΠΝ</strong></span> 
     </span>
    </p>
   </div>
   <div class='ocr_carea' id='block_1_23' title="bbox 1403 1752 2447 1812">
    <p class='ocr_par' dir='ltr' id='par_1_23' title="bbox 1403 1752 2447 1812">
     <span class='ocr_line' id='line_1_23' title="bbox 1403 1752 2447 1812; baseline -0.007 1"><span class='ocrx_word' id='word_1_131' title='bbox 1403 1760 1524 1812; x_wconf 76' lang='grc' dir='ltr'><strong>ΚΑΙ</strong></span> <span class='ocrx_word' id='word_1_132' title='bbox 1558 1758 1662 1812; x_wconf 82' lang='grc' dir='ltr'><strong>ΜΗ</strong></span> <span class='ocrx_word' id='word_1_133' title='bbox 1705 1753 1977 1810; x_wconf 82' lang='grc' dir='ltr'><strong>ΤΑΧΕΩΣ</strong></span> <span class='ocrx_word' id='word_1_134' title='bbox 2012 1752 2447 1808; x_wconf 79' lang='grc' dir='ltr'><strong>ΑΝΙΣΤΔΣΘΑῙ.</strong></span> 
     </span>
    </p>
   </div>
   <div class='ocr_carea' id='block_1_24' title="bbox 1635 2078 2275 2192">
    <p class='ocr_par' dir='ltr' id='par_1_24' title="bbox 1635 2078 2275 2192">
     <span class='ocr_line' id='line_1_24' title="bbox 1635 2078 2275 2192; baseline -0.008 -2"><span class='ocrx_word' id='word_1_135' title='bbox 1635 2078 2275 2192; x_wconf 87' lang='lat' dir='ltr'><strong>EJUSDEM</strong></span> 
     </span>
    </p>
   </div>
   <div class='ocr_carea' id='block_1_25' title="bbox 688 2253 3206 2334">
    <p class='ocr_par' dir='ltr' id='par_1_25' title="bbox 688 2253 3206 2334">
     <span class='ocr_line' id='line_1_25' title="bbox 688 2253 3206 2334; baseline -0.004 -14"><span class='ocrx_word' id='word_1_136' title='bbox 688 2259 1084 2334; x_wconf 82' lang='lat' dir='ltr'><strong>QUOMODO</strong></span> <span class='ocrx_word' id='word_1_137' title='bbox 1121 2257 1553 2320; x_wconf 81' lang='lat' dir='ltr'><strong>OPORTEAT</strong></span> <span class='ocrx_word' id='word_1_138' title='bbox 1595 2257 1905 2318; x_wconf 77' lang='lat' dir='ltr'><strong>SEDEBE</strong></span> <span class='ocrx_word' id='word_1_139' title='bbox 1947 2255 2536 2317; x_wconf 83' lang='lat' dir='ltr'><strong>HESYCHASTAM</strong></span> <span class='ocrx_word' id='word_1_140' title='bbox 2576 2255 2683 2314; x_wconf 76' lang='lat' dir='ltr'><strong>AD</strong></span> <span class='ocrx_word' id='word_1_141' title='bbox 2728 2253 3206 2316; x_wconf 76' lang='lat' dir='ltr'><strong>ORATIONEM</strong></span> 
     </span>
    </p>
   </div>
   <div class='ocr_carea' id='block_1_26' title="bbox 1494 2361 2406 2426">
    <p class='ocr_par' dir='ltr' id='par_1_26' title="bbox 1494 2361 2406 2426">
     <span class='ocr_line' id='line_1_26' title="bbox 1494 2361 2406 2426; baseline -0.007 0"><span class='ocrx_word' id='word_1_142' title='bbox 1494 2364 1645 2426; x_wconf 86' lang='lat' dir='ltr'><strong>NEC</strong></span> <span class='ocrx_word' id='word_1_143' title='bbox 1689 2363 1878 2426; x_wconf 89' lang='lat' dir='ltr'><strong>ClTO</strong></span> <span class='ocrx_word' id='word_1_144' title='bbox 1919 2361 2406 2422; x_wconf 75' lang='lat' dir='ltr'><strong>ASSURGERE.</strong></span> 
     </span>
    </p>
   </div>
   <div class='ocr_carea' id='block_1_27' title="bbox 1894 2509 1969 2521">
    <p class='ocr_par' dir='ltr' id='par_1_27' title="bbox 1894 2509 1969 2521">
     <span class='ocr_line' id='line_1_27' title="bbox 1894 2509 1969 2521; baseline 0.013 -1"><span class='ocrx_word' id='word_1_145' title='bbox 1894 2509 1969 2521; x_wconf 52' lang='grc' dir='ltr'><em>υ*</em></span> 
     </span>
    </p>
   </div>
   <div class='ocr_carea' id='block_1_28' title="bbox 403 2630 1919 2709">
    <p class='ocr_par' dir='ltr' id='par_1_28' title="bbox 403 2630 1908 2706">
     <span class='ocr_line' id='line_1_28' title="bbox 403 2630 1908 2706; baseline -0.006 -15"><span class='ocrx_word' id='word_1_146' title='bbox 403 2636 540 2691; x_wconf 77' lang='grc' dir='ltr'>Ποτὲ</span> <span class='ocrx_word' id='word_1_147' title='bbox 575 2636 672 2706; x_wconf 81' lang='grc' dir='ltr'><strong>μὲν</strong></span> <span class='ocrx_word' id='word_1_148' title='bbox 697 2636 789 2687; x_wconf 75' lang='grc' dir='ltr'><strong>ἐπὶ</strong></span> <span class='ocrx_word' id='word_1_149' title='bbox 818 2635 1090 2703; x_wconf 82' lang='grc' dir='ltr'>σκάμνου,</span> <span class='ocrx_word' id='word_1_150' title='bbox 1136 2635 1197 2686; x_wconf 81' lang='grc' dir='ltr'><strong>τὸ</strong></span> <span class='ocrx_word' id='word_1_151' title='bbox 1226 2632 1472 2685; x_wconf 86' lang='grc' dir='ltr'>πλεῖστον</span> <span class='ocrx_word' id='word_1_152' title='bbox 1500 2630 1588 2686; x_wconf 86' lang='grc' dir='ltr'>διὰ</span> <span class='ocrx_word' id='word_1_153' title='bbox 1613 2633 1674 2684; x_wconf 81' lang='grc' dir='ltr'><strong>τὸ</strong></span> <span class='ocrx_word' id='word_1_154' title='bbox 1713 2631 1908 2683; x_wconf 78' lang='grc' dir='ltr'>ἐπίπο-</span> 
     </span>
    </p>
   </div>
   <div class='ocr_carea' id='block_1_29' title="bbox 2025 2630 3578 2709">
    <p class='ocr_par' dir='ltr' id='par_1_29' title="bbox 2065 2634 3578 2706">
     <span class='ocr_line' id='line_1_29' title="bbox 2065 2634 3578 2706; baseline -0.001 -14"><span class='ocrx_word' id='word_1_155' title='bbox 2065 2635 2226 2692; x_wconf 79' lang='lat' dir='ltr'><strong>Modo</strong></span> <span class='ocrx_word' id='word_1_156' title='bbox 2245 2635 2296 2688; x_wconf 90' lang='lat' dir='ltr'><strong>iu</strong></span> <span class='ocrx_word' id='word_1_157' title='bbox 2314 2644 2614 2698; x_wconf 88' lang='lat' dir='ltr'><strong>scamno,et</strong></span> <span class='ocrx_word' id='word_1_158' title='bbox 2631 2634 2853 2704; x_wconf 84' lang='lat' dir='ltr'><strong>quidem</strong></span> <span class='ocrx_word' id='word_1_159' title='bbox 2873 2635 3212 2703; x_wconf 83' lang='lat' dir='ltr'><strong>plerumque,</strong></span> <span class='ocrx_word' id='word_1_160' title='bbox 3228 2635 3294 2690; x_wconf 88' lang='lat' dir='ltr'><strong>ad</strong></span> <span class='ocrx_word' id='word_1_161' title='bbox 3315 2634 3578 2706; x_wconf 78' lang='lat' dir='ltr'><strong>defatiga-</strong></span> 
     </span>
    </p>
   </div>
   <div class='ocr_carea' id='block_1_30' title="bbox 329 2722 1909 2795">
    <p class='ocr_par' dir='ltr' id='par_1_30' title="bbox 329 2722 1909 2795">
     <span class='ocr_line' id='line_1_30' title="bbox 329 2722 1909 2795; baseline -0.006 -14"><span class='ocrx_word' id='word_1_162' title='bbox 329 2745 451 2781; x_wconf 87' lang='grc' dir='ltr'>νον·</span> <span class='ocrx_word' id='word_1_163' title='bbox 500 2728 630 2780; x_wconf 81' lang='grc' dir='ltr'>ποτὲ</span> <span class='ocrx_word' id='word_1_164' title='bbox 652 2727 730 2790; x_wconf 79' lang='grc' dir='ltr'><strong>δὲ,</strong></span> <span class='ocrx_word' id='word_1_165' title='bbox 759 2725 856 2778; x_wconf 70' lang='grc' dir='ltr'><strong>καὶ¹</strong></span> <span class='ocrx_word' id='word_1_166' title='bbox 900 2725 994 2777; x_wconf 72' lang='grc' dir='ltr'>ἐπὶ</span> <span class='ocrx_word' id='word_1_167' title='bbox 1029 2723 1323 2795; x_wconf 79' lang='grc' dir='ltr'><strong>στρωμνῆς</strong></span> <span class='ocrx_word' id='word_1_168' title='bbox 1355 2723 1619 2790; x_wconf 80' lang='grc' dir='ltr'>ὀλιγάκις,</span> <span class='ocrx_word' id='word_1_169' title='bbox 1655 2722 1758 2784; x_wconf 76' lang='grc' dir='ltr'>ἕως</span> <span class='ocrx_word' id='word_1_170' title='bbox 1790 2738 1909 2773; x_wconf 82' lang='grc' dir='ltr'>και-</span> 
     </span>
    </p>
   </div>
   <div class='ocr_carea' id='block_1_31' title="bbox 334 2807 1910 2887">
    <p class='ocr_par' dir='ltr' id='par_1_31' title="bbox 334 2807 1910 2887">
     <span class='ocr_line' id='line_1_31' title="bbox 334 2807 1910 2887; baseline -0.003 -20"><span class='ocrx_word' id='word_1_171' title='bbox 334 2815 453 2885; x_wconf 87' lang='grc' dir='ltr'>ροῦ,</span> <span class='ocrx_word' id='word_1_172' title='bbox 479 2814 566 2867; x_wconf 84' lang='grc' dir='ltr'>διὰ</span> <span class='ocrx_word' id='word_1_173' title='bbox 585 2813 684 2883; x_wconf 75' lang='grc' dir='ltr'>τὴν</span> <span class='ocrx_word' id='word_1_174' title='bbox 712 2815 916 2866; x_wconf 76' lang='grc' dir='ltr'>ἄνεσιν.</span> <span class='ocrx_word' id='word_1_175' title='bbox 963 2810 1055 2863; x_wconf 83' lang='grc' dir='ltr'>Ἐν</span> <span class='ocrx_word' id='word_1_176' title='bbox 1089 2812 1338 2882; x_wconf 83' lang='grc' dir='ltr'><strong>ὑπομονῇ</strong></span> <span class='ocrx_word' id='word_1_177' title='bbox 1367 2811 1424 2864; x_wconf 87' lang='grc' dir='ltr'>δὲ</span> <span class='ocrx_word' id='word_1_178' title='bbox 1452 2811 1655 2880; x_wconf 78' lang='grc' dir='ltr'>ὀφείλει</span> <span class='ocrx_word' id='word_1_179' title='bbox 1678 2807 1818 2887; x_wconf 78' lang='grc' dir='ltr'>εἶναι</span> <span class='ocrx_word' id='word_1_180' title='bbox 1849 2811 1910 2862; x_wconf 78' lang='grc' dir='ltr'><strong>τὸ</strong></span> 
     </span>
    </p>
   </div>
   <div class='ocr_carea' id='block_1_32' title="bbox 332 2909 1908 2981">
    <p class='ocr_par' dir='ltr' id='par_1_32' title="bbox 332 2909 1908 2981">
     <span class='ocr_line' id='line_1_32' title="bbox 332 2909 1908 2981; baseline -0.004 -17"><span class='ocrx_word' id='word_1_181' title='bbox 332 2911 580 2981; x_wconf 76' lang='grc' dir='ltr'>κάθισμά</span> <span class='ocrx_word' id='word_1_182' title='bbox 607 2927 723 2974; x_wconf 90' lang='grc' dir='ltr'>σου,</span> <span class='ocrx_word' id='word_1_183' title='bbox 754 2909 842 2963; x_wconf 82' lang='grc' dir='ltr'><strong>διὰ</strong></span> <span class='ocrx_word' id='word_1_184' title='bbox 875 2909 966 2964; x_wconf 84' lang='grc' dir='ltr'><strong>τὸν</strong></span> <span class='ocrx_word' id='word_1_185' title='bbox 999 2909 1244 2974; x_wconf 79' lang='grc' dir='ltr'>εἰπόντα,</span> <span class='ocrx_word' id='word_1_186' title='bbox 1278 2909 1359 2977; x_wconf 82' lang='grc' dir='ltr'>Τῇ</span> <span class='ocrx_word' id='word_1_187' title='bbox 1409 2910 1683 2978; x_wconf 81' lang='grc' dir='ltr'>προσευχῇ</span> <span class='ocrx_word' id='word_1_188' title='bbox 1737 2922 1908 2975; x_wconf 77' lang='grc' dir='ltr'>προσ-</span> 
     </span>
    </p>
   </div>
   <div class='ocr_carea' id='block_1_33' title="bbox 330 2997 1910 3074">
    <p class='ocr_par' dir='ltr' id='par_1_33' title="bbox 330 2997 1910 3074">
     <span class='ocr_line' id='line_1_33' title="bbox 330 2997 1910 3074; baseline -0.004 -17"><span class='ocrx_word' id='word_1_189' title='bbox 330 3003 747 3074; x_wconf 80' lang='grc' dir='ltr'>καρτεροῦντες·</span> <span class='ocrx_word' id='word_1_190' title='bbox 763 3003 857 3055; x_wconf 77' lang='grc' dir='ltr'>καὶ</span> <span class='ocrx_word' id='word_1_191' title='bbox 885 3001 959 3072; x_wconf 83' lang='grc' dir='ltr'>μὴ</span> <span class='ocrx_word' id='word_1_192' title='bbox 985 3002 1192 3073; x_wconf 83' lang='grc' dir='ltr'>ταχέως</span> <span class='ocrx_word' id='word_1_193' title='bbox 1207 2999 1526 3054; x_wconf 77' lang='grc' dir='ltr'>ἀνίστασθαι</span> <span class='ocrx_word' id='word_1_194' title='bbox 1543 2997 1910 3069; x_wconf 81' lang='grc' dir='ltr'>ὀλιγωροῦντα</span> 
     </span>
    </p>
   </div>
   <div class='ocr_carea' id='block_1_34' title="bbox 331 3088 1910 3162">
    <p class='ocr_par' dir='ltr' id='par_1_34' title="bbox 331 3088 1910 3162">
     <span class='ocr_line' id='line_1_34' title="bbox 331 3088 1910 3162; baseline -0.006 -14"><span class='ocrx_word' id='word_1_195' title='bbox 331 3097 422 3149; x_wconf 77' lang='grc' dir='ltr'>διὰ</span> <span class='ocrx_word' id='word_1_196' title='bbox 451 3095 514 3147; x_wconf 82' lang='grc' dir='ltr'>τὸ</span> <span class='ocrx_word' id='word_1_197' title='bbox 537 3093 794 3146; x_wconf 76' lang='grc' dir='ltr'>ἐπίπονον</span> <span class='ocrx_word' id='word_1_198' title='bbox 818 3093 1002 3160; x_wconf 79' lang='grc' dir='ltr'>ἄλγος,</span> <span class='ocrx_word' id='word_1_199' title='bbox 1027 3093 1121 3144; x_wconf 79' lang='grc' dir='ltr'><strong>καὶ</strong></span> <span class='ocrx_word' id='word_1_200' title='bbox 1142 3092 1240 3162; x_wconf 78' lang='grc' dir='ltr'>τὴν</span> <span class='ocrx_word' id='word_1_201' title='bbox 1267 3090 1362 3144; x_wconf 85' lang='grc' dir='ltr'><strong>τοῦ</strong></span> <span class='ocrx_word' id='word_1_202' title='bbox 1387 3092 1503 3153; x_wconf 80' lang='grc' dir='ltr'>νοὸς</span> <span class='ocrx_word' id='word_1_203' title='bbox 1532 3090 1724 3159; x_wconf 78' lang='grc' dir='ltr'>νοερὰν</span> <span class='ocrx_word' id='word_1_204' title='bbox 1758 3088 1910 3158; x_wconf 82' lang='grc' dir='ltr'>βοὴν,</span> 
     </span>
    </p>
   </div>
   <div class='ocr_carea' id='block_1_35' title="bbox 334 3181 1912 3254">
    <p class='ocr_par' dir='ltr' id='par_1_35' title="bbox 334 3181 1912 3254">
     <span class='ocr_line' id='line_1_35' title="bbox 334 3181 1912 3254; baseline -0.004 -16"><span class='ocrx_word' id='word_1_205' title='bbox 334 3188 432 3239; x_wconf 73' lang='grc' dir='ltr'>καὶ</span> <span class='ocrx_word' id='word_1_206' title='bbox 472 3185 672 3254; x_wconf 86' lang='grc' dir='ltr'>συνεχῆ</span> <span class='ocrx_word' id='word_1_207' title='bbox 695 3184 892 3253; x_wconf 59' lang='grc' dir='ltr'>πῆξιν</span> <span class='ocrx_word' id='word_1_208' title='bbox 943 3201 964 3234; x_wconf 76' lang='grc' dir='ltr'><strong>ι</strong></span> <span class='ocrx_word' id='word_1_209' title='bbox 1002 3183 1134 3236; x_wconf 84' lang='grc' dir='ltr'>Ἰδοὺ</span> <span class='ocrx_word' id='word_1_210' title='bbox 1173 3183 1305 3253; x_wconf 78' lang='grc' dir='ltr'>γὰρ,</span> <span class='ocrx_word' id='word_1_211' title='bbox 1346 3186 1512 3252; x_wconf 76' lang='grc' dir='ltr'>φησὶν</span> <span class='ocrx_word' id='word_1_212' title='bbox 1536 3183 1564 3234; x_wconf 97' lang='lat'><strong>6</strong></span> <span class='ocrx_word' id='word_1_213' title='bbox 1595 3181 1912 3250; x_wconf 82' lang='grc' dir='ltr'>Προφήτης,</span> 
     </span>
    </p>
   </div>
   <div class='ocr_carea' id='block_1_36' title="bbox 332 3269 1912 3343">
    <p class='ocr_par' dir='ltr' id='par_1_36' title="bbox 332 3269 1912 3343">
     <span class='ocr_line' id='line_1_36' title="bbox 332 3269 1912 3343; baseline -0.004 -15"><span class='ocrx_word' id='word_1_214' title='bbox 332 3277 519 3337; x_wconf 81' lang='grc' dir='ltr'><strong>ὠδῖνες</strong></span> <span class='ocrx_word' id='word_1_215' title='bbox 552 3274 847 3327; x_wconf 77' lang='grc' dir='ltr'>συνέλαϐόν</span> <span class='ocrx_word' id='word_1_216' title='bbox 879 3290 970 3343; x_wconf 89' lang='grc' dir='ltr'>με,</span> <span class='ocrx_word' id='word_1_217' title='bbox 993 3273 1185 3343; x_wconf 90' lang='grc' dir='ltr'>ῶσπερ</span> <span class='ocrx_word' id='word_1_218' title='bbox 1214 3274 1528 3326; x_wconf 75' lang='grc' dir='ltr'>τίκτουσαν.</span> <span class='ocrx_word' id='word_1_219' title='bbox 1559 3290 1576 3322; x_wconf 75' lang='grc' dir='ltr'><strong>ι</strong></span> <span class='ocrx_word' id='word_1_220' title='bbox 1617 3270 1777 3322; x_wconf 81' lang='grc' dir='ltr'>Ἀλλὰ</span> <span class='ocrx_word' id='word_1_221' title='bbox 1813 3269 1912 3322; x_wconf 71' lang='grc' dir='ltr'>κύ-</span> 
     </span>
    </p>
   </div>
   <div class='ocr_carea' id='block_1_37' title="bbox 337 3361 1914 3433">
    <p class='ocr_par' dir='ltr' id='par_1_37' title="bbox 337 3361 1914 3433">
     <span class='ocr_line' id='line_1_37' title="bbox 337 3361 1914 3433; baseline -0.006 -13"><span class='ocrx_word' id='word_1_222' title='bbox 337 3385 489 3420; x_wconf 84' lang='grc' dir='ltr'>πτων</span> <span class='ocrx_word' id='word_1_223' title='bbox 524 3367 786 3430; x_wconf 80' lang='grc' dir='ltr'>κάτωθεν,</span> <span class='ocrx_word' id='word_1_224' title='bbox 819 3367 912 3418; x_wconf 70' lang='grc' dir='ltr'>καὶ</span> <span class='ocrx_word' id='word_1_225' title='bbox 953 3365 1044 3416; x_wconf 85' lang='grc' dir='ltr'><strong>τὸν</strong></span> <span class='ocrx_word' id='word_1_226' title='bbox 1072 3365 1198 3418; x_wconf 83' lang='grc' dir='ltr'>νοῦν</span> <span class='ocrx_word' id='word_1_227' title='bbox 1225 3365 1284 3415; x_wconf 83' lang='grc' dir='ltr'>ἐν</span> <span class='ocrx_word' id='word_1_228' title='bbox 1312 3367 1378 3433; x_wconf 82' lang='grc' dir='ltr'>τῇ</span> <span class='ocrx_word' id='word_1_229' title='bbox 1409 3362 1608 3432; x_wconf 73' lang='grc' dir='ltr'>καρδίᾳ</span> <span class='ocrx_word' id='word_1_230' title='bbox 1641 3361 1914 3427; x_wconf 79' lang='grc' dir='ltr'>συνάγων,</span> 
     </span>
    </p>
   </div>
   <div class='ocr_carea' id='block_1_38' title="bbox 338 3453 1915 3529">
    <p class='ocr_par' dir='ltr' id='par_1_38' title="bbox 338 3453 1915 3529">
     <span class='ocr_line' id='line_1_38' title="bbox 338 3453 1915 3529; baseline -0.006 -17"><span class='ocrx_word' id='word_1_231' title='bbox 338 3462 498 3529; x_wconf 79' lang='grc' dir='ltr'>εἴπερ</span> <span class='ocrx_word' id='word_1_232' title='bbox 527 3461 846 3527; x_wconf 85' lang='grc' dir='ltr'>διήνοικται,</span> <span class='ocrx_word' id='word_1_233' title='bbox 887 3456 1152 3510; x_wconf 79' lang='grc' dir='ltr'>ὲπικαλοῦ</span> <span class='ocrx_word' id='word_1_234' title='bbox 1200 3457 1293 3508; x_wconf 67' lang='grc' dir='ltr'><strong>τον</strong></span> <span class='ocrx_word' id='word_1_235' title='bbox 1326 3455 1532 3526; x_wconf 81' lang='grc' dir='ltr'>Κύριον</span> <span class='ocrx_word' id='word_1_236' title='bbox 1577 3453 1780 3522; x_wconf 83' lang='grc' dir='ltr'>Ἰησοῦν</span> <span class='ocrx_word' id='word_1_237' title='bbox 1835 3453 1915 3514; x_wconf 84' lang='grc' dir='ltr'>εἰς</span> 
     </span>
    </p>
   </div>
   <div class='ocr_carea' id='block_1_39' title="bbox 339 3533 1916 3621">
    <p class='ocr_par' dir='ltr' id='par_1_39' title="bbox 339 3533 1916 3621">
     <span class='ocr_line' id='line_1_39' title="bbox 339 3533 1916 3621; baseline -0.006 -18"><span class='ocrx_word' id='word_1_238' title='bbox 339 3551 610 3621; x_wconf 76' lang='grc' dir='ltr'>βοήθειαν.</span> <span class='ocrx_word' id='word_1_239' title='bbox 649 3549 832 3603; x_wconf 87' lang='grc' dir='ltr'>Πονῶν</span> <span class='ocrx_word' id='word_1_240' title='bbox 879 3549 960 3612; x_wconf 85' lang='grc' dir='ltr'>δὲ,</span> <span class='ocrx_word' id='word_1_241' title='bbox 1014 3551 1140 3611; x_wconf 77' lang='grc' dir='ltr'>τοὺς</span> <span class='ocrx_word' id='word_1_242' title='bbox 1186 3548 1372 3617; x_wconf 85' lang='grc' dir='ltr'>ῶμους</span> <span class='ocrx_word' id='word_1_243' title='bbox 1412 3547 1506 3599; x_wconf 75' lang='grc' dir='ltr'><strong>καὶ</strong></span> <span class='ocrx_word' id='word_1_244' title='bbox 1543 3546 1642 3614; x_wconf 77' lang='grc' dir='ltr'><strong>τὴν</strong></span> <span class='ocrx_word' id='word_1_245' title='bbox 1672 3533 1916 3612; x_wconf 77' lang='grc' dir='ltr'>κεφαλὴν</span> 
     </span>
    </p>
   </div>
   <div class='ocr_carea' id='block_1_40' title="bbox 340 3633 1916 3711">
    <p class='ocr_par' dir='ltr' id='par_1_40' title="bbox 340 3633 1916 3711">
     <span class='ocr_line' id='line_1_40' title="bbox 340 3633 1916 3711; baseline -0.006 -18"><span class='ocrx_word' id='word_1_246' title='bbox 340 3641 603 3704; x_wconf 77' lang='grc' dir='ltr'>πολλάκις</span> <span class='ocrx_word' id='word_1_247' title='bbox 630 3641 832 3707; x_wconf 81' lang='grc' dir='ltr'>ἀλγῶν.</span> <span class='ocrx_word' id='word_1_248' title='bbox 869 3639 1130 3711; x_wconf 85' lang='grc' dir='ltr'>καρτέρει</span> <span class='ocrx_word' id='word_1_249' title='bbox 1182 3639 1460 3700; x_wconf 79' lang='grc' dir='ltr'>ἐπιπόνως</span> <span class='ocrx_word' id='word_1_250' title='bbox 1495 3637 1592 3689; x_wconf 71' lang='grc' dir='ltr'>καὶ</span> <span class='ocrx_word' id='word_1_251' title='bbox 1637 3633 1916 3705; x_wconf 77' lang='grc' dir='ltr'>ἐρωτικῶς</span> 
     </span>
    </p>
   </div>
   <div class='ocr_carea' id='block_1_41' title="bbox 337 3725 1917 3801">
    <p class='ocr_par' dir='ltr' id='par_1_41' title="bbox 337 3725 1917 3801">
     <span class='ocr_line' id='line_1_41' title="bbox 337 3725 1917 3801; baseline -0.006 -16"><span class='ocrx_word' id='word_1_252' title='bbox 337 3737 399 3785; x_wconf 82' lang='grc' dir='ltr'>ἐν</span> <span class='ocrx_word' id='word_1_253' title='bbox 426 3734 632 3796; x_wconf 77' lang='grc' dir='ltr'>αὐτοῖς,</span> <span class='ocrx_word' id='word_1_254' title='bbox 690 3731 869 3800; x_wconf 82' lang='grc' dir='ltr'>ζητῶν</span> <span class='ocrx_word' id='word_1_255' title='bbox 923 3733 981 3784; x_wconf 86' lang='grc' dir='ltr'>ὲν</span> <span class='ocrx_word' id='word_1_256' title='bbox 1013 3731 1210 3801; x_wconf 78' lang='grc' dir='ltr'>καρδίᾳ</span> <span class='ocrx_word' id='word_1_257' title='bbox 1242 3730 1332 3782; x_wconf 82' lang='grc' dir='ltr'><strong>τὸν</strong></span> <span class='ocrx_word' id='word_1_258' title='bbox 1385 3727 1610 3796; x_wconf 81' lang='grc' dir='ltr'>Κύριον.</span> <span class='ocrx_word' id='word_1_259' title='bbox 1670 3725 1917 3779; x_wconf 82' lang='grc' dir='ltr'>Βιαστῶν</span> 
     </span>
    </p>
   </div>
   <div class='ocr_carea' id='block_1_42' title="bbox 342 3818 1925 3892">
    <p class='ocr_par' dir='ltr' id='par_1_42' title="bbox 342 3818 1925 3892">
     <span class='ocr_line' id='line_1_42' title="bbox 342 3818 1925 3892; baseline -0.004 -18"><span class='ocrx_word' id='word_1_260' title='bbox 342 3825 452 3892; x_wconf 81' lang='grc' dir='ltr'><strong>γάρ</strong></span> <span class='ocrx_word' id='word_1_261' title='bbox 474 3825 620 3876; x_wconf 80' lang='grc' dir='ltr'>ἐστιν</span> <span class='ocrx_word' id='word_1_262' title='bbox 655 3825 686 3891; x_wconf 79' lang='grc' dir='ltr'>ἡ</span> <span class='ocrx_word' id='word_1_263' title='bbox 714 3823 960 3892; x_wconf 82' lang='grc' dir='ltr'>βασιλεία</span> <span class='ocrx_word' id='word_1_264' title='bbox 981 3821 1076 3875; x_wconf 84' lang='grc' dir='ltr'><strong>τοῦ</strong></span> <span class='ocrx_word' id='word_1_265' title='bbox 1102 3821 1261 3885; x_wconf 87' lang='grc' dir='ltr'>Θεοῦ,</span> <span class='ocrx_word' id='word_1_266' title='bbox 1289 3820 1383 3873; x_wconf 72' lang='grc' dir='ltr'><strong>καὶ</strong></span> <span class='ocrx_word' id='word_1_267' title='bbox 1416 3818 1632 3889; x_wconf 82' lang='grc' dir='ltr'>βιασταὶ</span> <span class='ocrx_word' id='word_1_268' title='bbox 1655 3818 1925 3888; x_wconf 76' lang='grc' dir='ltr'>ἁρπάζου-</span> 
     </span>
    </p>
   </div>
   <div class='ocr_carea' id='block_1_43' title="bbox 345 3909 1919 3983">
    <p class='ocr_par' dir='ltr' id='par_1_43' title="bbox 345 3909 1919 3983">
     <span class='ocr_line' id='line_1_43' title="bbox 345 3909 1919 3983; baseline -0.001 -23"><span class='ocrx_word' id='word_1_269' title='bbox 345 3928 431 3962; x_wconf 82' lang='grc' dir='ltr'><strong>σιν</strong></span> <span class='ocrx_word' id='word_1_270' title='bbox 461 3911 648 3981; x_wconf 77' lang='grc' dir='ltr'>αὐτήν.</span> <span class='ocrx_word' id='word_1_271' title='bbox 673 3912 783 3983; x_wconf 76' lang='grc' dir='ltr'><strong>Τὴν</strong></span> <span class='ocrx_word' id='word_1_272' title='bbox 816 3912 1052 3982; x_wconf 81' lang='grc' dir='ltr'>σπουδὴν</span> <span class='ocrx_word' id='word_1_273' title='bbox 1080 3911 1138 3964; x_wconf 82' lang='grc' dir='ltr'>ὲν</span> <span class='ocrx_word' id='word_1_274' title='bbox 1175 3910 1387 3972; x_wconf 82' lang='grc' dir='ltr'>τούτοις</span> <span class='ocrx_word' id='word_1_275' title='bbox 1413 3910 1504 3962; x_wconf 63' lang='grc' dir='ltr'><strong>καὶ¹</strong></span> <span class='ocrx_word' id='word_1_276' title='bbox 1533 3909 1641 3962; x_wconf 87' lang='grc' dir='ltr'><strong>τῶν</strong></span> <span class='ocrx_word' id='word_1_277' title='bbox 1664 3909 1919 3960; x_wconf 85' lang='grc' dir='ltr'>τοιούτων</span> 
     </span>
    </p>
   </div>
   <div class='ocr_carea' id='block_1_44' title="bbox 346 3999 1920 4074">
    <p class='ocr_par' dir='ltr' id='par_1_44' title="bbox 346 3999 1920 4074">
     <span class='ocr_line' id='line_1_44' title="bbox 346 3999 1920 4074; baseline -0.001 -22"><span class='ocrx_word' id='word_1_278' title='bbox 346 4005 521 4054; x_wconf 73' lang='grc' dir='ltr'>πόνων</span> <span class='ocrx_word' id='word_1_279' title='bbox 575 4006 603 4056; x_wconf 88' lang='lat'><strong>6</strong></span> <span class='ocrx_word' id='word_1_280' title='bbox 639 4004 841 4074; x_wconf 82' lang='grc' dir='ltr'>Κύριος</span> <span class='ocrx_word' id='word_1_281' title='bbox 873 4003 1151 4068; x_wconf 79' lang='grc' dir='ltr'>ὑπέδειξεν</span> <span class='ocrx_word' id='word_1_282' title='bbox 1185 4001 1420 4071; x_wconf 79' lang='grc' dir='ltr'>άληθῶς.</span> <span class='ocrx_word' id='word_1_283' title='bbox 1491 4000 1765 4070; x_wconf 78' lang='grc' dir='ltr'>Ὑπομονὴ</span> <span class='ocrx_word' id='word_1_284' title='bbox 1811 3999 1920 4069; x_wconf 80' lang='grc' dir='ltr'>γὰρ</span> 
     </span>
    </p>
   </div>
   <div class='ocr_carea' id='block_1_45' title="bbox 348 4090 1922 4164">
    <p class='ocr_par' dir='ltr' id='par_1_45' title="bbox 348 4090 1922 4164">
     <span class='ocr_line' id='line_1_45' title="bbox 348 4090 1922 4164; baseline -0.001 -19"><span class='ocrx_word' id='word_1_285' title='bbox 348 4095 440 4145; x_wconf 74' lang='grc' dir='ltr'><strong>καὶ</strong></span> <span class='ocrx_word' id='word_1_286' title='bbox 468 4095 736 4163; x_wconf 77' lang='grc' dir='ltr'>καρτερία</span> <span class='ocrx_word' id='word_1_287' title='bbox 766 4097 824 4147; x_wconf 83' lang='grc' dir='ltr'>ὲν</span> <span class='ocrx_word' id='word_1_288' title='bbox 858 4097 1013 4158; x_wconf 81' lang='grc' dir='ltr'>πᾶσι,</span> <span class='ocrx_word' id='word_1_289' title='bbox 1045 4095 1341 4164; x_wconf 85' lang='grc' dir='ltr'>γεννήτρια</span> <span class='ocrx_word' id='word_1_290' title='bbox 1371 4093 1576 4156; x_wconf 81' lang='grc' dir='ltr'>πόνων,</span> <span class='ocrx_word' id='word_1_291' title='bbox 1609 4091 1704 4145; x_wconf 62' lang='grc' dir='ltr'><strong>καὶ¹</strong></span> <span class='ocrx_word' id='word_1_292' title='bbox 1735 4090 1922 4161; x_wconf 86' lang='grc' dir='ltr'>σώμα-</span> 
     </span>
    </p>
   </div>
   <div class='ocr_carea' id='block_1_46' title="bbox 345 4185 822 4255">
    <p class='ocr_par' dir='ltr' id='par_1_46' title="bbox 345 4185 822 4255">
     <span class='ocr_line' id='line_1_46' title="bbox 345 4185 822 4255; baseline 0.008 -19"><span class='ocrx_word' id='word_1_293' title='bbox 345 4203 461 4248; x_wconf 87' lang='grc' dir='ltr'>τος,</span> <span class='ocrx_word' id='word_1_294' title='bbox 498 4187 592 4237; x_wconf 68' lang='grc' dir='ltr'><strong>καὶ</strong></span> <span class='ocrx_word' id='word_1_295' title='bbox 621 4185 822 4255; x_wconf 66' lang='grc' dir='ltr'>ψυχῆς.</span> 
     </span>
    </p>
   </div>
   <div class='ocr_carea' id='block_1_47' title="bbox 553 4297 1719 4370">
    <p class='ocr_par' dir='ltr' id='par_1_47' title="bbox 553 4297 1719 4370">
     <span class='ocr_line' id='line_1_47' title="bbox 553 4297 1719 4370; baseline 0.001 -19"><span class='ocrx_word' id='word_1_296' title='bbox 553 4298 693 4366; x_wconf 74' lang='grc' dir='ltr'>Περὶ</span> <span class='ocrx_word' id='word_1_297' title='bbox 725 4298 828 4355; x_wconf 72' lang='grc' dir='ltr'><strong>τοῦ</strong></span> <span class='ocrx_word' id='word_1_298' title='bbox 861 4299 986 4363; x_wconf 82' lang='grc' dir='ltr'><strong>πῶς</strong></span> <span class='ocrx_word' id='word_1_299' title='bbox 1023 4299 1120 4354; x_wconf 85' lang='grc' dir='ltr'>δεῖ</span> <span class='ocrx_word' id='word_1_300' title='bbox 1136 4299 1336 4370; x_wconf 71' lang='grc' dir='ltr'>λέγειν</span> <span class='ocrx_word' id='word_1_301' title='bbox 1364 4301 1480 4365; x_wconf 78' lang='grc' dir='ltr'><strong>τὴν</strong></span> <span class='ocrx_word' id='word_1_302' title='bbox 1507 4297 1719 4367; x_wconf 75' lang='grc' dir='ltr'><strong>εὐχήν.</strong></span> 
     </span>
    </p>
   </div>
   <div class='ocr_carea' id='block_1_48' title="bbox 421 4402 1923 4481">
    <p class='ocr_par' dir='ltr' id='par_1_48' title="bbox 421 4402 1923 4481">
     <span class='ocr_line' id='line_1_48' title="bbox 421 4402 1923 4481; baseline 0.002 -21"><span class='ocrx_word' id='word_1_303' title='bbox 421 4406 606 4469; x_wconf 83' lang='grc' dir='ltr'>Οῦτως</span> <span class='ocrx_word' id='word_1_304' title='bbox 637 4402 790 4460; x_wconf 82' lang='grc' dir='ltr'>εἷπον</span> <span class='ocrx_word' id='word_1_305' title='bbox 843 4409 892 4460; x_wconf 82' lang='lat' dir='ltr'><strong>oi.</strong></span> <span class='ocrx_word' id='word_1_306' title='bbox 942 4409 1220 4480; x_wconf 82' lang='grc' dir='ltr'>Ιῐατὲρες·</span> <span class='ocrx_word' id='word_1_307' title='bbox 1272 4411 1301 4462; x_wconf 94' lang='lat'><strong>6</strong></span> <span class='ocrx_word' id='word_1_308' title='bbox 1346 4411 1479 4480; x_wconf 82' lang='grc' dir='ltr'>μέν’</span> <span class='ocrx_word' id='word_1_309' title='bbox 1531 4409 1704 4481; x_wconf 86' lang='grc' dir='ltr'>Κύριε</span> <span class='ocrx_word' id='word_1_310' title='bbox 1746 4410 1923 4480; x_wconf 80' lang='grc' dir='ltr'>Ἰησοῦ</span> 
     </span>
    </p>
   </div>
   <div class='ocr_carea' id='block_1_49' title="bbox 349 4499 1928 4572">
    <p class='ocr_par' dir='ltr' id='par_1_49' title="bbox 349 4499 1928 4572">
     <span class='ocr_line' id='line_1_49' title="bbox 349 4499 1928 4572; baseline 0.003 -21"><span class='ocrx_word' id='word_1_311' title='bbox 349 4499 578 4567; x_wconf 76' lang='grc' dir='ltr'>Χρισεὲ,</span> <span class='ocrx_word' id='word_1_312' title='bbox 614 4500 708 4551; x_wconf 85' lang='grc' dir='ltr'><strong>Υἱὲ</strong></span> <span class='ocrx_word' id='word_1_313' title='bbox 735 4501 827 4551; x_wconf 88' lang='grc' dir='ltr'><strong>τοῦ</strong></span> <span class='ocrx_word' id='word_1_314' title='bbox 853 4499 1009 4564; x_wconf 82' lang='grc' dir='ltr'>Θεοῦ,</span> <span class='ocrx_word' id='word_1_315' title='bbox 1037 4501 1259 4570; x_wconf 77' lang='grc' dir='ltr'>ἐλέησόν</span> <span class='ocrx_word' id='word_1_316' title='bbox 1288 4519 1376 4572; x_wconf 83' lang='grc' dir='ltr'><strong>με,</strong></span> <span class='ocrx_word' id='word_1_317' title='bbox 1401 4503 1462 4554; x_wconf 85' lang='grc' dir='ltr'><strong>τὸ</strong></span> <span class='ocrx_word' id='word_1_318' title='bbox 1497 4502 1618 4556; x_wconf 85' lang='grc' dir='ltr'>ὅλον</span> <span class='ocrx_word' id='word_1_319' title='bbox 1640 4520 1655 4534; x_wconf 91' lang='grc'><strong>·</strong></span> <span class='ocrx_word' id='word_1_320' title='bbox 1695 4503 1723 4552; x_wconf 90' lang='grc' dir='ltr'>ὁ</span> <span class='ocrx_word' id='word_1_321' title='bbox 1758 4503 1836 4567; x_wconf 81' lang='grc' dir='ltr'><strong>δὲ,</strong></span> <span class='ocrx_word' id='word_1_322' title='bbox 1866 4503 1928 4555; x_wconf 84' lang='grc' dir='ltr'><strong>τὸ</strong></span> 
     </span>
    </p>
   </div>
   <div class='ocr_carea' id='block_1_50' title="bbox 348 4590 1928 4664">
    <p class='ocr_par' dir='ltr' id='par_1_50' title="bbox 348 4590 1928 4664">
     <span class='ocr_line' id='line_1_50' title="bbox 348 4590 1928 4664; baseline 0.003 -24"><span class='ocrx_word' id='word_1_323' title='bbox 348 4592 523 4659; x_wconf 67' lang='grc' dir='ltr'>ἣμισυ</span> <span class='ocrx_word' id='word_1_324' title='bbox 545 4606 558 4618; x_wconf 88' lang='grc'><strong>·</strong></span> <span class='ocrx_word' id='word_1_325' title='bbox 593 4590 790 4660; x_wconf 80' lang='grc' dir='ltr'>Ἰησοῦ,</span> <span class='ocrx_word' id='word_1_326' title='bbox 828 4591 926 4642; x_wconf 83' lang='grc' dir='ltr'><strong>Υἱὲ</strong></span> <span class='ocrx_word' id='word_1_327' title='bbox 947 4591 1040 4644; x_wconf 85' lang='grc' dir='ltr'><strong>τοῦ</strong></span> <span class='ocrx_word' id='word_1_328' title='bbox 1068 4591 1225 4658; x_wconf 86' lang='grc' dir='ltr'>Θεοῦ,</span> <span class='ocrx_word' id='word_1_329' title='bbox 1257 4593 1476 4663; x_wconf 76' lang='grc' dir='ltr'>ἐλέησόν</span> <span class='ocrx_word' id='word_1_330' title='bbox 1510 4612 1599 4664; x_wconf 81' lang='grc' dir='ltr'><strong>με.</strong></span> <span class='ocrx_word' id='word_1_331' title='bbox 1628 4594 1807 4663; x_wconf 85' lang='grc' dir='ltr'>Ὅπερ</span> <span class='ocrx_word' id='word_1_332' title='bbox 1837 4595 1928 4645; x_wconf 85' lang='grc' dir='ltr'>εὐ-</span> 
     </span>
    </p>
   </div>
   <div class='ocr_carea' id='block_1_51' title="bbox 353 4681 1928 4754">
    <p class='ocr_par' dir='ltr' id='par_1_51' title="bbox 353 4681 1928 4754">
     <span class='ocr_line' id='line_1_51' title="bbox 353 4681 1928 4754; baseline 0.004 -22"><span class='ocrx_word' id='word_1_333' title='bbox 353 4682 653 4752; x_wconf 66' lang='grc' dir='ltr'>κολώτερὸν</span> <span class='ocrx_word' id='word_1_334' title='bbox 683 4684 798 4734; x_wconf 72' lang='grc' dir='ltr'>ἐστι</span> <span class='ocrx_word' id='word_1_335' title='bbox 826 4681 913 4734; x_wconf 84' lang='grc' dir='ltr'>διὰ</span> <span class='ocrx_word' id='word_1_336' title='bbox 941 4684 1040 4752; x_wconf 79' lang='grc' dir='ltr'>τὴν</span> <span class='ocrx_word' id='word_1_337' title='bbox 1064 4683 1157 4735; x_wconf 89' lang='grc' dir='ltr'><strong>τοῦ</strong></span> <span class='ocrx_word' id='word_1_338' title='bbox 1182 4681 1272 4734; x_wconf 85' lang='grc' dir='ltr'><strong>νοῦ</strong></span> <span class='ocrx_word' id='word_1_339' title='bbox 1309 4683 1627 4752; x_wconf 83' lang='grc' dir='ltr'>ἀδυναμίαν.</span> <span class='ocrx_word' id='word_1_340' title='bbox 1657 4685 1788 4737; x_wconf 76' lang='grc' dir='ltr'>υύδὲ</span> <span class='ocrx_word' id='word_1_341' title='bbox 1821 4685 1928 4754; x_wconf 71' lang='grc' dir='ltr'>γὰρ</span> 
     </span>
    </p>
   </div>
   <div class='ocr_carea' id='block_1_52' title="bbox 351 4773 1927 4846">
    <p class='ocr_par' dir='ltr' id='par_1_52' title="bbox 351 4773 1927 4846">
     <span class='ocr_line' id='line_1_52' title="bbox 351 4773 1927 4846; baseline 0.003 -22"><span class='ocrx_word' id='word_1_342' title='bbox 351 4773 574 4825; x_wconf 80' lang='grc' dir='ltr'>δύναται</span> <span class='ocrx_word' id='word_1_343' title='bbox 604 4775 696 4840; x_wconf 80' lang='grc' dir='ltr'><strong>ἀφ’</strong></span> <span class='ocrx_word' id='word_1_344' title='bbox 721 4774 916 4826; x_wconf 81' lang='grc' dir='ltr'>ἑαυτοῦ</span> <span class='ocrx_word' id='word_1_345' title='bbox 947 4775 1244 4843; x_wconf 87' lang='grc' dir='ltr'>μυστικῶς,</span> <span class='ocrx_word' id='word_1_346' title='bbox 1271 4777 1440 4845; x_wconf 75' lang='grc' dir='ltr'>χωρὶς</span> <span class='ocrx_word' id='word_1_347' title='bbox 1466 4777 1801 4846; x_wconf 83' lang='grc' dir='ltr'>Πνεύματος,</span> <span class='ocrx_word' id='word_1_348' title='bbox 1829 4777 1927 4845; x_wconf 84' lang='grc' dir='ltr'><strong>μό-</strong></span> 
     </span>
    </p>
   </div>
   <div class='ocr_carea' id='block_1_53' title="bbox 353 4865 1930 4938">
    <p class='ocr_par' dir='ltr' id='par_1_53' title="bbox 353 4865 1930 4938">
     <span class='ocr_line' id='line_1_53' title="bbox 353 4865 1930 4938; baseline 0.003 -23"><span class='ocrx_word' id='word_1_349' title='bbox 353 4883 446 4926; x_wconf 79' lang='grc' dir='ltr'><strong>νος</strong></span> <span class='ocrx_word' id='word_1_350' title='bbox 489 4867 661 4917; x_wconf 80' lang='grc' dir='ltr'>εἰπεῖν</span> <span class='ocrx_word' id='word_1_351' title='bbox 697 4865 899 4934; x_wconf 83' lang='grc' dir='ltr'>Κύριον</span> <span class='ocrx_word' id='word_1_352' title='bbox 928 4867 1154 4936; x_wconf 85' lang='grc' dir='ltr'>Ἰησοῦν,</span> <span class='ocrx_word' id='word_1_353' title='bbox 1184 4869 1232 4919; x_wconf 86' lang='grc' dir='ltr'><strong>εί</strong></span> <span class='ocrx_word' id='word_1_354' title='bbox 1267 4868 1343 4938; x_wconf 83' lang='grc' dir='ltr'><strong>μὴ</strong></span> <span class='ocrx_word' id='word_1_355' title='bbox 1376 4871 1434 4921; x_wconf 85' lang='grc' dir='ltr'>ὲν</span> <span class='ocrx_word' id='word_1_356' title='bbox 1482 4869 1761 4938; x_wconf 84' lang='grc' dir='ltr'>Πνεύματι</span> <span class='ocrx_word' id='word_1_357' title='bbox 1788 4869 1930 4938; x_wconf 85' lang='grc' dir='ltr'>ἁγίῳ</span> 
     </span>
    </p>
   </div>
   <div class='ocr_carea' id='block_1_54' title="bbox 356 4959 1931 5032">
    <p class='ocr_par' dir='ltr' id='par_1_54' title="bbox 356 4959 1931 5032">
     <span class='ocr_line' id='line_1_54' title="bbox 356 4959 1931 5032; baseline 0.004 -23"><span class='ocrx_word' id='word_1_358' title='bbox 356 4959 614 5028; x_wconf 79' lang='grc' dir='ltr'>καθαρῶς</span> <span class='ocrx_word' id='word_1_359' title='bbox 664 4961 758 5013; x_wconf 80' lang='grc' dir='ltr'>καὶ</span> <span class='ocrx_word' id='word_1_360' title='bbox 800 4961 1044 5024; x_wconf 86' lang='grc' dir='ltr'>τελείως,</span> <span class='ocrx_word' id='word_1_361' title='bbox 1097 4961 1214 5015; x_wconf 84' lang='grc' dir='ltr'>ἀλλ’</span> <span class='ocrx_word' id='word_1_362' title='bbox 1275 4963 1350 5026; x_wconf 85' lang='grc' dir='ltr'><strong>ὡς</strong></span> <span class='ocrx_word' id='word_1_363' title='bbox 1412 4964 1622 5016; x_wconf 85' lang='grc' dir='ltr'>παιδίον</span> <span class='ocrx_word' id='word_1_364' title='bbox 1683 4963 1931 5032; x_wconf 76' lang='grc' dir='ltr'>ψελλίζον</span> 
     </span>
    </p>
   </div>
   <div class='ocr_carea' id='block_1_55' title="bbox 359 5053 1926 5126">
    <p class='ocr_par' dir='ltr' id='par_1_55' title="bbox 359 5053 1926 5126">
     <span class='ocr_line' id='line_1_55' title="bbox 359 5053 1926 5126; baseline 0.003 -23"><span class='ocrx_word' id='word_1_365' title='bbox 359 5054 461 5113; x_wconf 70' lang='grc' dir='ltr'>ἔτι,</span> <span class='ocrx_word' id='word_1_366' title='bbox 503 5053 792 5121; x_wconf 82' lang='grc' dir='ltr'>πληρῶσαι</span> <span class='ocrx_word' id='word_1_367' title='bbox 831 5054 1033 5124; x_wconf 85' lang='grc' dir='ltr'>ταύτην</span> <span class='ocrx_word' id='word_1_368' title='bbox 1067 5054 1204 5123; x_wconf 75' lang='grc' dir='ltr'>μετὰ</span> <span class='ocrx_word' id='word_1_369' title='bbox 1235 5054 1454 5126; x_wconf 79' lang='grc' dir='ltr'>ἄρθρων</span> <span class='ocrx_word' id='word_1_370' title='bbox 1485 5057 1559 5126; x_wconf 80' lang='grc' dir='ltr'>μὴ</span> <span class='ocrx_word' id='word_1_371' title='bbox 1614 5057 1926 5122; x_wconf 75' lang='grc' dir='ltr'>δυνάμενος.</span> 
     </span>
    </p>
   </div>
   <div class='ocr_carea' id='block_1_56' title="bbox 359 5143 1934 5218">
    <p class='ocr_par' dir='ltr' id='par_1_56' title="bbox 359 5143 1934 5218">
     <span class='ocr_line' id='line_1_56' title="bbox 359 5143 1934 5218; baseline 0.004 -26"><span class='ocrx_word' id='word_1_372' title='bbox 359 5143 480 5194; x_wconf 82' lang='grc' dir='ltr'><strong>υύκ</strong></span> <span class='ocrx_word' id='word_1_373' title='bbox 512 5143 712 5207; x_wconf 80' lang='grc' dir='ltr'>ὀφείλει</span> <span class='ocrx_word' id='word_1_374' title='bbox 733 5144 790 5195; x_wconf 81' lang='grc' dir='ltr'>δὲ</span> <span class='ocrx_word' id='word_1_375' title='bbox 827 5145 1035 5212; x_wconf 88' lang='grc' dir='ltr'>συχνῶς</span> <span class='ocrx_word' id='word_1_376' title='bbox 1065 5145 1455 5213; x_wconf 86' lang='grc' dir='ltr'>μεταλλάσσειν</span> <span class='ocrx_word' id='word_1_377' title='bbox 1491 5147 1589 5210; x_wconf 83' lang='grc' dir='ltr'>τὰς</span> <span class='ocrx_word' id='word_1_378' title='bbox 1620 5147 1934 5218; x_wconf 75' lang='grc' dir='ltr'>ἐπικλήσεις</span> 
     </span>
    </p>
   </div>
   <div class='ocr_carea' id='block_1_57' title="bbox 355 5229 1938 5306">
    <p class='ocr_par' dir='ltr' id='par_1_57' title="bbox 355 5229 1938 5306">
     <span class='ocr_line' id='line_1_57' title="bbox 355 5229 1938 5306; baseline 0.003 -22"><span class='ocrx_word' id='word_1_379' title='bbox 355 5232 473 5284; x_wconf 78' lang='grc' dir='ltr'><strong>τῶν</strong></span> <span class='ocrx_word' id='word_1_380' title='bbox 529 5234 808 5302; x_wconf 66' lang='grc' dir='ltr'>ὀνομάτων</span> <span class='ocrx_word' id='word_1_381' title='bbox 855 5234 946 5286; x_wconf 81' lang='grc' dir='ltr'>διὰ</span> <span class='ocrx_word' id='word_1_382' title='bbox 997 5234 1290 5304; x_wconf 73' lang='grc' dir='ltr'>ῥᾳθυμίαν,</span> <span class='ocrx_word' id='word_1_383' title='bbox 1339 5236 1476 5289; x_wconf 82' lang='grc' dir='ltr'><strong>ἀλλὰ</strong></span> <span class='ocrx_word' id='word_1_384' title='bbox 1542 5229 1800 5306; x_wconf 63' lang='grc' dir='ltr'>βραδέως</span> <span class='ocrx_word' id='word_1_385' title='bbox 1849 5237 1938 5289; x_wconf 80' lang='grc' dir='ltr'>διὰ.</span> 
     </span>
    </p>
   </div>
   <div class='ocr_carea' id='block_1_58' title="bbox 353 5323 1935 5398">
    <p class='ocr_par' dir='ltr' id='par_1_58' title="bbox 353 5323 1935 5398">
     <span class='ocr_line' id='line_1_58' title="bbox 353 5323 1935 5398; baseline 0.004 -24"><span class='ocrx_word' id='word_1_386' title='bbox 353 5323 463 5393; x_wconf 74' lang='grc' dir='ltr'><strong>τὴν</strong></span> <span class='ocrx_word' id='word_1_387' title='bbox 494 5325 796 5394; x_wconf 83' lang='grc' dir='ltr'>συνέχειαν.</span> <span class='ocrx_word' id='word_1_388' title='bbox 836 5325 1026 5390; x_wconf 85' lang='grc' dir='ltr'>Πάλιν,</span> <span class='ocrx_word' id='word_1_389' title='bbox 1052 5329 1101 5378; x_wconf 80' lang='lat' dir='ltr'><strong>oi</strong></span> <span class='ocrx_word' id='word_1_390' title='bbox 1160 5328 1258 5397; x_wconf 85' lang='grc' dir='ltr'>μὲν</span> <span class='ocrx_word' id='word_1_391' title='bbox 1293 5327 1382 5380; x_wconf 84' lang='grc' dir='ltr'>διὰ</span> <span class='ocrx_word' id='word_1_392' title='bbox 1435 5330 1720 5398; x_wconf 83' lang='grc' dir='ltr'>στόματος,</span> <span class='ocrx_word' id='word_1_393' title='bbox 1773 5331 1819 5380; x_wconf 77' lang='lat' dir='ltr'><strong>oi</strong></span> <span class='ocrx_word' id='word_1_394' title='bbox 1879 5329 1935 5380; x_wconf 81' lang='grc' dir='ltr'><strong>δὲ</strong></span> 
     </span>
    </p>
   </div>
   <div class='ocr_carea' id='block_1_59' title="bbox 350 5413 1937 5489">
    <p class='ocr_par' dir='ltr' id='par_1_59' title="bbox 350 5413 1937 5489">
     <span class='ocr_line' id='line_1_59' title="bbox 350 5413 1937 5489; baseline 0.002 -24"><span class='ocrx_word' id='word_1_395' title='bbox 350 5413 456 5465; x_wconf 81' lang='grc' dir='ltr'>διὰ</span> <span class='ocrx_word' id='word_1_396' title='bbox 490 5414 582 5468; x_wconf 87' lang='grc' dir='ltr'><strong>νοῦ</strong></span> <span class='ocrx_word' id='word_1_397' title='bbox 631 5415 937 5468; x_wconf 83' lang='grc' dir='ltr'>διδάσκουσι</span> <span class='ocrx_word' id='word_1_398' title='bbox 970 5414 1149 5484; x_wconf 79' lang='grc' dir='ltr'>λέγειν</span> <span class='ocrx_word' id='word_1_399' title='bbox 1210 5418 1397 5489; x_wconf 82' lang='grc' dir='ltr'>αὐτήν.</span> <span class='ocrx_word' id='word_1_400' title='bbox 1451 5417 1591 5484; x_wconf 84' lang='grc' dir='ltr'>Ἐγὼ</span> <span class='ocrx_word' id='word_1_401' title='bbox 1641 5417 1696 5468; x_wconf 76' lang='grc' dir='ltr'>δὲ</span> <span class='ocrx_word' id='word_1_402' title='bbox 1759 5418 1937 5486; x_wconf 83' lang='grc' dir='ltr'><strong>ἀμφό-</strong></span> 
     </span>
    </p>
   </div>
   <div class='ocr_carea' id='block_1_60' title="bbox 351 5507 1940 5577">
    <p class='ocr_par' dir='ltr' id='par_1_60' title="bbox 351 5507 1940 5577">
     <span class='ocr_line' id='line_1_60' title="bbox 351 5507 1940 5577; baseline 0 -18"><span class='ocrx_word' id='word_1_403' title='bbox 351 5523 501 5577; x_wconf 62' lang='grc' dir='ltr'>τερα</span> <span class='ocrx_word' id='word_1_404' title='bbox 560 5507 770 5577; x_wconf 80' lang='grc' dir='ltr'>τίθημι.</span> <span class='ocrx_word' id='word_1_405' title='bbox 835 5508 940 5560; x_wconf 77' lang='grc' dir='ltr'>Καὶ</span> <span class='ocrx_word' id='word_1_406' title='bbox 1010 5509 1117 5577; x_wconf 79' lang='grc' dir='ltr'>γὰρ</span> <span class='ocrx_word' id='word_1_407' title='bbox 1172 5510 1298 5561; x_wconf 80' lang='grc' dir='ltr'>ποτὲ</span> <span class='ocrx_word' id='word_1_408' title='bbox 1336 5509 1432 5560; x_wconf 74' lang='grc' dir='ltr'>αὲν</span> <span class='ocrx_word' id='word_1_409' title='bbox 1483 5509 1662 5569; x_wconf 86' lang='grc' dir='ltr'>ὁνοῦς</span> <span class='ocrx_word' id='word_1_410' title='bbox 1689 5508 1940 5561; x_wconf 77' lang='grc' dir='ltr'>ἀδυνατεῖ</span> 
     </span>
    </p>
   </div>
   <div class='ocr_carea' id='block_1_61' title="bbox 461 5656 2017 5732">
    <p class='ocr_par' dir='ltr' id='par_1_61' title="bbox 461 5656 2017 5732">
     <span class='ocr_line' id='line_1_61' title="bbox 461 5656 2017 5732; baseline -0.01 -7"><span class='ocrx_word' id='word_1_411' title='bbox 461 5672 618 5725; x_wconf 75' lang='lat' dir='ltr'><strong>&#39;Act.</strong></span> <span class='ocrx_word' id='word_1_412' title='bbox 653 5685 692 5732; x_wconf 88' lang='grc' dir='ltr'><strong>ι,</strong></span> <span class='ocrx_word' id='word_1_413' title='bbox 722 5668 787 5722; x_wconf 72' lang='grc' dir='ltr'>Η</span> <span class='ocrx_word' id='word_1_414' title='bbox 861 5670 880 5698; x_wconf 79' lang='grc'>³</span> <span class='ocrx_word' id='word_1_415' title='bbox 915 5664 1117 5720; x_wconf 81' lang='lat' dir='ltr'><strong>Jercm.</strong></span> <span class='ocrx_word' id='word_1_416' title='bbox 1142 5677 1214 5730; x_wconf 76' lang='grc' dir='ltr'><strong>γι,</strong></span> <span class='ocrx_word' id='word_1_417' title='bbox 1247 5662 1315 5714; x_wconf 75' lang='lat' dir='ltr'><strong>2i</strong></span> <span class='ocrx_word' id='word_1_418' title='bbox 1346 5677 1363 5728; x_wconf 81' lang='lat'><strong>;</strong></span> <span class='ocrx_word' id='word_1_419' title='bbox 1390 5675 1504 5725; x_wconf 78' lang='lat' dir='ltr'><strong>xui,</strong></span> <span class='ocrx_word' id='word_1_420' title='bbox 1531 5658 1592 5711; x_wconf 73' lang='lat' dir='ltr'><strong>2i</strong></span> <span class='ocrx_word' id='word_1_421' title='bbox 1626 5673 1640 5722; x_wconf 89' lang='lat'><strong>;</strong></span> <span class='ocrx_word' id='word_1_422' title='bbox 1672 5656 1833 5714; x_wconf 83' lang='lat' dir='ltr'><strong>Mich.</strong></span> <span class='ocrx_word' id='word_1_423' title='bbox 1873 5672 1944 5724; x_wconf 84' lang='lat' dir='ltr'><strong>IV,</strong></span> <span class='ocrx_word' id='word_1_424' title='bbox 1967 5656 2017 5712; x_wconf 85' lang='lat'><strong>9.</strong></span> 
     </span>
    </p>
   </div>
   <div class='ocr_carea' id='block_1_62' title="bbox 2007 2727 3585 2797">
    <p class='ocr_par' dir='ltr' id='par_1_62' title="bbox 2007 2727 3585 2797">
     <span class='ocr_line' id='line_1_62' title="bbox 2007 2727 3585 2797; baseline 0.001 -15"><span class='ocrx_word' id='word_1_425' title='bbox 2007 2729 2207 2782; x_wconf 88' lang='lat' dir='ltr'><strong>tionem</strong></span> <span class='ocrx_word' id='word_1_426' title='bbox 2237 2727 2385 2793; x_wconf 90' lang='lat' dir='ltr'><strong>sede,</strong></span> <span class='ocrx_word' id='word_1_427' title='bbox 2412 2728 2570 2780; x_wconf 89' lang='lat' dir='ltr'><strong>modo</strong></span> <span class='ocrx_word' id='word_1_428' title='bbox 2591 2729 2641 2780; x_wconf 92' lang='lat' dir='ltr'><strong>in</strong></span> <span class='ocrx_word' id='word_1_429' title='bbox 2668 2727 2890 2793; x_wconf 83' lang='lat' dir='ltr'><strong>culcita,</strong></span> <span class='ocrx_word' id='word_1_430' title='bbox 2918 2741 3096 2796; x_wconf 89' lang='lat' dir='ltr'><strong>pauco</strong></span> <span class='ocrx_word' id='word_1_431' title='bbox 3121 2739 3383 2797; x_wconf 80' lang='lat' dir='ltr'><strong>tempore,</strong></span> <span class='ocrx_word' id='word_1_432' title='bbox 3410 2731 3475 2781; x_wconf 88' lang='lat' dir='ltr'><strong>ad</strong></span> <span class='ocrx_word' id='word_1_433' title='bbox 3500 2747 3585 2784; x_wconf 83' lang='lat' dir='ltr'><strong>re-</strong></span> 
     </span>
    </p>
   </div>
   <div class='ocr_carea' id='block_1_63' title="bbox 2008 2819 3584 2890">
    <p class='ocr_par' dir='ltr' id='par_1_63' title="bbox 2008 2819 3584 2890">
     <span class='ocr_line' id='line_1_63' title="bbox 2008 2819 3584 2890; baseline 0.004 -22"><span class='ocrx_word' id='word_1_434' title='bbox 2008 2823 2211 2889; x_wconf 78' lang='lat' dir='ltr'><strong>quiem.</strong></span> <span class='ocrx_word' id='word_1_435' title='bbox 2237 2821 2566 2873; x_wconf 87' lang='lat' dir='ltr'><strong>Permauens</strong></span> <span class='ocrx_word' id='word_1_436' title='bbox 2589 2830 2768 2872; x_wconf 88' lang='lat' dir='ltr'><strong>autem</strong></span> <span class='ocrx_word' id='word_1_437' title='bbox 2798 2820 2869 2873; x_wconf 90' lang='lat' dir='ltr'><strong>sit</strong></span> <span class='ocrx_word' id='word_1_438' title='bbox 2894 2819 3066 2873; x_wconf 87' lang='lat' dir='ltr'><strong>sessio</strong></span> <span class='ocrx_word' id='word_1_439' title='bbox 3087 2829 3195 2884; x_wconf 89' lang='lat' dir='ltr'><strong>tua,</strong></span> <span class='ocrx_word' id='word_1_440' title='bbox 3219 2831 3438 2890; x_wconf 82' lang='lat' dir='ltr'><strong>propter</strong></span> <span class='ocrx_word' id='word_1_441' title='bbox 3457 2837 3584 2874; x_wconf 86' lang='lat' dir='ltr'><strong>eum</strong></span> 
     </span>
    </p>
   </div>
   <div class='ocr_carea' id='block_1_64' title="bbox 2008 2912 3582 2983">
    <p class='ocr_par' dir='ltr' id='par_1_64' title="bbox 2008 2912 3582 2983">
     <span class='ocr_line' id='line_1_64' title="bbox 2008 2912 3582 2983; baseline 0.002 -18"><span class='ocrx_word' id='word_1_442' title='bbox 2008 2913 2100 2983; x_wconf 85' lang='lat' dir='ltr'><strong>qui</strong></span> <span class='ocrx_word' id='word_1_443' title='bbox 2126 2912 2297 2966; x_wconf 81' lang='lat' dir='ltr'><strong>dixit:</strong></span> <span class='ocrx_word' id='word_1_444' title='bbox 2325 2930 2343 2963; x_wconf 77' lang='grc' dir='ltr'><strong>ι</strong></span> <span class='ocrx_word' id='word_1_445' title='bbox 2371 2913 2792 2966; x_wconf 81' lang='lat' dir='ltr'><strong>Perseverantes</strong></span> <span class='ocrx_word' id='word_1_446' title='bbox 2821 2913 2875 2964; x_wconf 94' lang='lat' dir='ltr'><strong>in</strong></span> <span class='ocrx_word' id='word_1_447' title='bbox 2903 2913 3151 2966; x_wconf 88' lang='lat' dir='ltr'><strong>oratione</strong></span> <span class='ocrx_word' id='word_1_448' title='bbox 3181 2915 3223 2978; x_wconf 81' lang='grc'><strong>⁸,</strong></span> <span class='ocrx_word' id='word_1_449' title='bbox 3264 2931 3282 2964; x_wconf 77' lang='grc' dir='ltr'><strong>ι</strong></span> <span class='ocrx_word' id='word_1_450' title='bbox 3313 2929 3489 2982; x_wconf 85' lang='lat' dir='ltr'><strong>neque</strong></span> <span class='ocrx_word' id='word_1_451' title='bbox 3519 2931 3582 2968; x_wconf 81' lang='lat' dir='ltr'><strong>ex</strong></span> 
     </span>
    </p>
   </div>
   <div class='ocr_carea' id='block_1_65' title="bbox 2011 2993 3586 3072">
    <p class='ocr_par' dir='ltr' id='par_1_65' title="bbox 2011 2993 3586 3072">
     <span class='ocr_line' id='line_1_65' title="bbox 2011 2993 3586 3072; baseline -0.002 -15"><span class='ocrx_word' id='word_1_452' title='bbox 2011 3003 2344 3072; x_wconf 75' lang='lat' dir='ltr'><strong>negligentia</strong></span> <span class='ocrx_word' id='word_1_453' title='bbox 2371 3003 2480 3056; x_wconf 90' lang='lat' dir='ltr'><strong>cito</strong></span> <span class='ocrx_word' id='word_1_454' title='bbox 2507 3017 2765 3070; x_wconf 81' lang='lat' dir='ltr'><strong>assurgas</strong></span> <span class='ocrx_word' id='word_1_455' title='bbox 2792 2993 3015 3068; x_wconf 82' lang='lat' dir='ltr'><strong>propter</strong></span> <span class='ocrx_word' id='word_1_456' title='bbox 3043 3004 3376 3058; x_wconf 86' lang='lat' dir='ltr'><strong>laboriosum</strong></span> <span class='ocrx_word' id='word_1_457' title='bbox 3433 3006 3586 3057; x_wconf 68' lang='lat' dir='ltr'><strong>dolo-</strong></span> 
     </span>
    </p>
   </div>
   <div class='ocr_carea' id='block_1_66' title="bbox 2014 3080 3588 3162">
    <p class='ocr_par' dir='ltr' id='par_1_66' title="bbox 2014 3080 3588 3162">
     <span class='ocr_line' id='line_1_66' title="bbox 2014 3080 3588 3162; baseline -0.001 -16"><span class='ocrx_word' id='word_1_458' title='bbox 2014 3109 2147 3156; x_wconf 84' lang='lat' dir='ltr'><strong>rem,</strong></span> <span class='ocrx_word' id='word_1_459' title='bbox 2180 3080 2719 3159; x_wconf 83' lang='lat' dir='ltr'><strong>intellectualemque</strong></span> <span class='ocrx_word' id='word_1_460' title='bbox 2758 3092 2954 3143; x_wconf 86' lang='lat' dir='ltr'><strong>mentis</strong></span> <span class='ocrx_word' id='word_1_461' title='bbox 2979 3090 3272 3146; x_wconf 82' lang='lat' dir='ltr'><strong>clamorem</strong></span> <span class='ocrx_word' id='word_1_462' title='bbox 3314 3103 3368 3145; x_wconf 78' lang='lat' dir='ltr'><strong>et</strong></span> <span class='ocrx_word' id='word_1_463' title='bbox 3395 3109 3588 3162; x_wconf 81' lang='lat' dir='ltr'><strong>perpe-</strong></span> 
     </span>
    </p>
   </div>
   <div class='ocr_carea' id='block_1_67' title="bbox 2014 3166 3590 3252">
    <p class='ocr_par' dir='ltr' id='par_1_67' title="bbox 2014 3166 3590 3252">
     <span class='ocr_line' id='line_1_67' title="bbox 2014 3166 3590 3252; baseline -0.003 -15"><span class='ocrx_word' id='word_1_464' title='bbox 2014 3194 2158 3237; x_wconf 81' lang='lat' dir='ltr'><strong>tuam</strong></span> <span class='ocrx_word' id='word_1_465' title='bbox 2207 3182 2620 3238; x_wconf 84' lang='lat' dir='ltr'><strong>contentionem</strong></span> <span class='ocrx_word' id='word_1_466' title='bbox 2656 3201 2669 3235; x_wconf 90' lang='lat'><strong>:</strong></span> <span class='ocrx_word' id='word_1_467' title='bbox 2711 3200 2729 3232; x_wconf 79' lang='grc' dir='ltr'><strong>ι</strong></span> <span class='ocrx_word' id='word_1_468' title='bbox 2763 3181 2901 3234; x_wconf 85' lang='lat' dir='ltr'><strong>Ecce</strong></span> <span class='ocrx_word' id='word_1_469' title='bbox 2958 3166 3128 3248; x_wconf 87' lang='lat' dir='ltr'><strong>enim,</strong></span> <span class='ocrx_word' id='word_1_470' title='bbox 3165 3184 3239 3235; x_wconf 86' lang='lat' dir='ltr'><strong>ait</strong></span> <span class='ocrx_word' id='word_1_471' title='bbox 3290 3181 3590 3252; x_wconf 83' lang='lat' dir='ltr'><strong>Propheta,</strong></span> 
     </span>
    </p>
   </div>
   <div class='ocr_carea' id='block_1_68' title="bbox 2016 3274 3579 3344">
    <p class='ocr_par' dir='ltr' id='par_1_68' title="bbox 2016 3274 3579 3344">
     <span class='ocr_line' id='line_1_68' title="bbox 2016 3274 3579 3344; baseline -0.002 -15"><span class='ocrx_word' id='word_1_472' title='bbox 2016 3277 2227 3330; x_wconf 70' lang='lat' dir='ltr'><strong>dolores</strong></span> <span class='ocrx_word' id='word_1_473' title='bbox 2256 3275 2735 3344; x_wconf 86' lang='lat' dir='ltr'><strong>apprebenderunt</strong></span> <span class='ocrx_word' id='word_1_474' title='bbox 2761 3289 2846 3328; x_wconf 89' lang='lat' dir='ltr'><strong>me</strong></span> <span class='ocrx_word' id='word_1_475' title='bbox 2870 3274 3023 3342; x_wconf 87' lang='lat' dir='ltr'><strong>quasi</strong></span> <span class='ocrx_word' id='word_1_476' title='bbox 3057 3276 3453 3343; x_wconf 86' lang='lat' dir='ltr'><strong>parturientem</strong></span> <span class='ocrx_word' id='word_1_477' title='bbox 3481 3278 3526 3328; x_wconf 85' lang='lat'><strong>&#39;.</strong></span> <span class='ocrx_word' id='word_1_478' title='bbox 3560 3295 3579 3326; x_wconf 81' lang='grc' dir='ltr'><strong>ι</strong></span> 
     </span>
    </p>
   </div>
   <div class='ocr_carea' id='block_1_69' title="bbox 2018 3367 3591 3430">
    <p class='ocr_par' dir='ltr' id='par_1_69' title="bbox 2018 3367 3591 3430">
     <span class='ocr_line' id='line_1_69' title="bbox 2018 3367 3591 3430; baseline -0.001 -8"><span class='ocrx_word' id='word_1_479' title='bbox 2018 3368 2126 3422; x_wconf 88' lang='lat' dir='ltr'><strong>Sed</strong></span> <span class='ocrx_word' id='word_1_480' title='bbox 2193 3368 2511 3422; x_wconf 82' lang='lat' dir='ltr'><strong>incurvatus</strong></span> <span class='ocrx_word' id='word_1_481' title='bbox 2575 3367 2854 3430; x_wconf 86' lang='lat' dir='ltr'><strong>deorsum,</strong></span> <span class='ocrx_word' id='word_1_482' title='bbox 2907 3376 2960 3420; x_wconf 90' lang='lat' dir='ltr'><strong>et</strong></span> <span class='ocrx_word' id='word_1_483' title='bbox 3019 3377 3256 3420; x_wconf 82' lang='lat' dir='ltr'><strong>mentem</strong></span> <span class='ocrx_word' id='word_1_484' title='bbox 3313 3369 3366 3421; x_wconf 91' lang='lat' dir='ltr'><strong>in</strong></span> <span class='ocrx_word' id='word_1_485' title='bbox 3426 3370 3591 3422; x_wconf 86' lang='lat' dir='ltr'><strong>corde</strong></span> 
     </span>
    </p>
   </div>
   <div class='ocr_carea' id='block_1_70' title="bbox 2019 3461 3589 3528">
    <p class='ocr_par' dir='ltr' id='par_1_70' title="bbox 2019 3461 3589 3528">
     <span class='ocr_line' id='line_1_70' title="bbox 2019 3461 3589 3528; baseline -0.002 -13"><span class='ocrx_word' id='word_1_486' title='bbox 2019 3463 2359 3528; x_wconf 81' lang='lat' dir='ltr'><strong>recolligeus,</strong></span> <span class='ocrx_word' id='word_1_487' title='bbox 2415 3462 2459 3515; x_wconf 88' lang='lat' dir='ltr'><strong>si</strong></span> <span class='ocrx_word' id='word_1_488' title='bbox 2490 3461 2709 3528; x_wconf 86' lang='lat' dir='ltr'><strong>quidem</strong></span> <span class='ocrx_word' id='word_1_489' title='bbox 2749 3469 2994 3528; x_wconf 90' lang='lat' dir='ltr'><strong>apertum</strong></span> <span class='ocrx_word' id='word_1_490' title='bbox 3037 3461 3131 3523; x_wconf 83' lang='lat' dir='ltr'><strong>sit,</strong></span> <span class='ocrx_word' id='word_1_491' title='bbox 3168 3461 3220 3512; x_wconf 93' lang='lat' dir='ltr'><strong>in</strong></span> <span class='ocrx_word' id='word_1_492' title='bbox 3254 3462 3589 3527; x_wconf 84' lang='lat' dir='ltr'><strong>adjutorium</strong></span> 
     </span>
    </p>
   </div>
   <div class='ocr_carea' id='block_1_71' title="bbox 2021 3549 3618 3607">
    <p class='ocr_par' dir='ltr' id='par_1_71' title="bbox 2021 3549 3618 3607">
     <span class='ocr_line' id='line_1_71' title="bbox 2021 3549 3618 3607; baseline -0.003 0"><span class='ocrx_word' id='word_1_493' title='bbox 2021 3556 2214 3607; x_wconf 83' lang='lat' dir='ltr'><strong>invoca</strong></span> <span class='ocrx_word' id='word_1_494' title='bbox 2253 3553 2537 3605; x_wconf 88' lang='lat' dir='ltr'><strong>Dominum</strong></span> <span class='ocrx_word' id='word_1_495' title='bbox 2562 3552 2770 3605; x_wconf 80' lang='lat' dir='ltr'><strong>Jesum.</strong></span> <span class='ocrx_word' id='word_1_496' title='bbox 2823 3552 2887 3603; x_wconf 85' lang='lat' dir='ltr'><strong>Et</strong></span> <span class='ocrx_word' id='word_1_497' title='bbox 2932 3549 3191 3602; x_wconf 87' lang='lat' dir='ltr'><strong>laborans</strong></span> <span class='ocrx_word' id='word_1_498' title='bbox 3247 3551 3489 3603; x_wconf 86' lang='lat' dir='ltr'><strong>humeris</strong></span> <span class='ocrx_word' id='word_1_499' title='bbox 3540 3561 3618 3604; x_wconf 61' lang='lat' dir='ltr'><strong>et~</strong></span> 
     </span>
    </p>
   </div>
   <div class='ocr_carea' id='block_1_72' title="bbox 2021 3642 3598 3714">
    <p class='ocr_par' dir='ltr' id='par_1_72' title="bbox 2021 3642 3598 3714">
     <span class='ocr_line' id='line_1_72' title="bbox 2021 3642 3598 3714; baseline -0.003 -14"><span class='ocrx_word' id='word_1_500' title='bbox 2021 3647 2199 3714; x_wconf 86' lang='lat' dir='ltr'><strong>eapite</strong></span> <span class='ocrx_word' id='word_1_501' title='bbox 2221 3658 2363 3713; x_wconf 61' lang='lat' dir='ltr'><strong>saepe</strong></span> <span class='ocrx_word' id='word_1_502' title='bbox 2390 3643 2600 3704; x_wconf 71' lang='lat' dir='ltr'><strong>dolens,</strong></span> <span class='ocrx_word' id='word_1_503' title='bbox 2635 3658 2758 3695; x_wconf 90' lang='lat' dir='ltr'><strong>cum</strong></span> <span class='ocrx_word' id='word_1_504' title='bbox 2791 3642 3132 3696; x_wconf 84' lang='lat' dir='ltr'><strong>industria&#39;et</strong></span> <span class='ocrx_word' id='word_1_505' title='bbox 3159 3642 3341 3696; x_wconf 88' lang='lat' dir='ltr'><strong>studio</strong></span> <span class='ocrx_word' id='word_1_506' title='bbox 3371 3646 3450 3696; x_wconf 90' lang='lat' dir='ltr'><strong>sic</strong></span> <span class='ocrx_word' id='word_1_507' title='bbox 3481 3659 3598 3710; x_wconf 78' lang='lat' dir='ltr'><strong>per-</strong></span> 
     </span>
    </p>
   </div>
   <div class='ocr_carea' id='block_1_73' title="bbox 2022 3732 3595 3801">
    <p class='ocr_par' dir='ltr' id='par_1_73' title="bbox 2022 3732 3595 3801">
     <span class='ocr_line' id='line_1_73' title="bbox 2022 3732 3595 3801; baseline -0.003 -12"><span class='ocrx_word' id='word_1_508' title='bbox 2022 3751 2203 3798; x_wconf 87' lang='lat' dir='ltr'><strong>maue,</strong></span> <span class='ocrx_word' id='word_1_509' title='bbox 2236 3749 2487 3801; x_wconf 79' lang='lat' dir='ltr'><strong>qttzerens</strong></span> <span class='ocrx_word' id='word_1_510' title='bbox 2521 3734 2574 3786; x_wconf 93' lang='lat' dir='ltr'><strong>in</strong></span> <span class='ocrx_word' id='word_1_511' title='bbox 2604 3733 2772 3786; x_wconf 89' lang='lat' dir='ltr'><strong>corde</strong></span> <span class='ocrx_word' id='word_1_512' title='bbox 2810 3734 3117 3786; x_wconf 88' lang='lat' dir='ltr'><strong>Dominum.</strong></span> <span class='ocrx_word' id='word_1_513' title='bbox 3150 3753 3167 3784; x_wconf 77' lang='grc' dir='ltr'><strong>ι</strong></span> <span class='ocrx_word' id='word_1_514' title='bbox 3204 3732 3336 3785; x_wconf 86' lang='lat' dir='ltr'><strong>Nam</strong></span> <span class='ocrx_word' id='word_1_515' title='bbox 3369 3749 3595 3801; x_wconf 83' lang='lat' dir='ltr'><strong>regnum</strong></span> 
     </span>
    </p>
   </div>
   <div class='ocr_carea' id='block_1_74' title="bbox 2024 3826 3588 3894">
    <p class='ocr_par' dir='ltr' id='par_1_74' title="bbox 2024 3826 3588 3894">
     <span class='ocr_line' id='line_1_74' title="bbox 2024 3826 3588 3894; baseline -0.003 -13"><span class='ocrx_word' id='word_1_516' title='bbox 2024 3830 2288 3881; x_wconf 71' lang='lat' dir='ltr'><strong>cmlorum</strong></span> <span class='ocrx_word' id='word_1_517' title='bbox 2340 3829 2444 3878; x_wconf 84' lang='lat' dir='ltr'><strong>vim</strong></span> <span class='ocrx_word' id='word_1_518' title='bbox 2492 3828 2718 3892; x_wconf 83' lang='lat' dir='ltr'><strong>palilul&#39;,</strong></span> <span class='ocrx_word' id='word_1_519' title='bbox 2748 3837 2802 3878; x_wconf 90' lang='lat' dir='ltr'><strong>et</strong></span> <span class='ocrx_word' id='word_1_520' title='bbox 2837 3826 3059 3880; x_wconf 81' lang='lat' dir='ltr'><strong>violenti</strong></span> <span class='ocrx_word' id='word_1_521' title='bbox 3123 3827 3342 3894; x_wconf 90' lang='lat' dir='ltr'><strong>rapiunt</strong></span> <span class='ocrx_word' id='word_1_522' title='bbox 3383 3828 3532 3880; x_wconf 91' lang='lat' dir='ltr'><strong>illud.</strong></span> <span class='ocrx_word' id='word_1_523' title='bbox 3569 3845 3588 3876; x_wconf 79' lang='grc'>›</span> 
     </span>
    </p>
   </div>
   <div class='ocr_carea' id='block_1_75' title="bbox 1937 3918 3594 3987">
    <p class='ocr_par' dir='ltr' id='par_1_75' title="bbox 1937 3918 3594 3987">
     <span class='ocr_line' id='line_1_75' title="bbox 1937 3918 3594 3987; baseline -0.001 -14"><span class='ocrx_word' id='word_1_524' title='bbox 1937 3979 1940 3982; x_wconf 53' lang='grc'><strong>,</strong></span> <span class='ocrx_word' id='word_1_525' title='bbox 2025 3920 2122 3974; x_wconf 87' lang='lat' dir='ltr'><strong>llis</strong></span> <span class='ocrx_word' id='word_1_526' title='bbox 2161 3921 2340 3972; x_wconf 81' lang='lat' dir='ltr'><strong>verbis</strong></span> <span class='ocrx_word' id='word_1_527' title='bbox 2363 3919 2697 3987; x_wconf 70' lang='lat' dir='ltr'><strong>diligentiam</strong></span> <span class='ocrx_word' id='word_1_528' title='bbox 2732 3918 3308 3986; x_wconf 85' lang='lat' dir='ltr'><strong>hujusmodilaborum</strong></span> <span class='ocrx_word' id='word_1_529' title='bbox 3332 3919 3594 3973; x_wconf 77' lang='lat' dir='ltr'><strong>Deminus</strong></span> 
     </span>
    </p>
   </div>
   <div class='ocr_carea' id='block_1_76' title="bbox 2026 4011 3596 4083">
    <p class='ocr_par' dir='ltr' id='par_1_76' title="bbox 2026 4011 3596 4083">
     <span class='ocr_line' id='line_1_76' title="bbox 2026 4011 3596 4083; baseline -0.001 -17"><span class='ocrx_word' id='word_1_530' title='bbox 2026 4013 2272 4083; x_wconf 78' lang='lat' dir='ltr'><strong>profecto</strong></span> <span class='ocrx_word' id='word_1_531' title='bbox 2305 4013 2590 4066; x_wconf 84' lang='lat' dir='ltr'><strong>indicavit.</strong></span> <span class='ocrx_word' id='word_1_532' title='bbox 2649 4011 2915 4067; x_wconf 85' lang='lat' dir='ltr'><strong>Patientia</strong></span> <span class='ocrx_word' id='word_1_533' title='bbox 2951 4013 3098 4065; x_wconf 89' lang='lat' dir='ltr'><strong>enim</strong></span> <span class='ocrx_word' id='word_1_534' title='bbox 3155 4022 3205 4065; x_wconf 88' lang='lat' dir='ltr'><strong>et</strong></span> <span class='ocrx_word' id='word_1_535' title='bbox 3239 4027 3596 4081; x_wconf 84' lang='lat' dir='ltr'><strong>perseveran—</strong></span> 
     </span>
    </p>
   </div>
   <div class='ocr_carea' id='block_1_77' title="bbox 2032 4104 3626 4172">
    <p class='ocr_par' dir='ltr' id='par_1_77' title="bbox 2032 4104 3626 4172">
     <span class='ocr_line' id='line_1_77' title="bbox 2032 4104 3626 4172; baseline -0.003 -13"><span class='ocrx_word' id='word_1_536' title='bbox 2032 4108 2105 4160; x_wconf 86' lang='lat' dir='ltr'><strong>tia</strong></span> <span class='ocrx_word' id='word_1_537' title='bbox 2147 4106 2199 4158; x_wconf 90' lang='lat' dir='ltr'><strong>iu</strong></span> <span class='ocrx_word' id='word_1_538' title='bbox 2256 4105 2510 4158; x_wconf 85' lang='lat' dir='ltr'><strong>omnibus</strong></span> <span class='ocrx_word' id='word_1_539' title='bbox 2567 4111 2653 4158; x_wconf 88' lang='lat' dir='ltr'><strong>est</strong></span> <span class='ocrx_word' id='word_1_540' title='bbox 2705 4106 2957 4172; x_wconf 84' lang='lat' dir='ltr'><strong>corporis</strong></span> <span class='ocrx_word' id='word_1_541' title='bbox 2995 4112 3049 4157; x_wconf 86' lang='lat' dir='ltr'><strong>et</strong></span> <span class='ocrx_word' id='word_1_542' title='bbox 3099 4105 3293 4157; x_wconf 67' lang='lat' dir='ltr'><strong>animae</strong></span> <span class='ocrx_word' id='word_1_543' title='bbox 3351 4104 3626 4157; x_wconf 68' lang='lat' dir='ltr'><strong>laborum.</strong></span> 
     </span>
    </p>
   </div>
   <div class='ocr_carea' id='block_1_78' title="bbox 2032 4208 2224 4252">
    <p class='ocr_par' dir='ltr' id='par_1_78' title="bbox 2032 4208 2224 4252">
     <span class='ocr_line' id='line_1_78' title="bbox 2032 4208 2224 4252; baseline -0.005 -1"><span class='ocrx_word' id='word_1_544' title='bbox 2032 4208 2224 4252; x_wconf 89' lang='lat' dir='ltr'><strong>mater.</strong></span> 
     </span>
    </p>
   </div>
   <div class='ocr_carea' id='block_1_79' title="bbox 2362 4305 3242 4373">
    <p class='ocr_par' dir='ltr' id='par_1_79' title="bbox 2362 4305 3242 4373">
     <span class='ocr_line' id='line_1_79' title="bbox 2362 4305 3242 4373; baseline 0.001 -14"><span class='ocrx_word' id='word_1_545' title='bbox 2362 4307 2638 4373; x_wconf 82' lang='lat' dir='ltr'><strong>Quomodo</strong></span> <span class='ocrx_word' id='word_1_546' title='bbox 2669 4306 2941 4360; x_wconf 80' lang='lat' dir='ltr'><strong>recitando</strong></span> <span class='ocrx_word' id='word_1_547' title='bbox 2961 4305 3029 4359; x_wconf 79' lang='lat' dir='ltr'><strong>sit</strong></span> <span class='ocrx_word' id='word_1_548' title='bbox 3048 4305 3242 4360; x_wconf 77' lang='lat' dir='ltr'><strong>oratio.</strong></span> 
     </span>
    </p>
   </div>
   <div class='ocr_carea' id='block_1_80' title="bbox 2103 4396 3633 4468">
    <p class='ocr_par' dir='ltr' id='par_1_80' title="bbox 2103 4396 3633 4468">
     <span class='ocr_line' id='line_1_80' title="bbox 2103 4396 3633 4468; baseline -0.005 -12"><span class='ocrx_word' id='word_1_549' title='bbox 2103 4402 2195 4456; x_wconf 86' lang='lat' dir='ltr'><strong>Sic</strong></span> <span class='ocrx_word' id='word_1_550' title='bbox 2230 4401 2488 4454; x_wconf 84' lang='lat' dir='ltr'><strong>dicebant</strong></span> <span class='ocrx_word' id='word_1_551' title='bbox 2541 4399 2731 4453; x_wconf 85' lang='lat' dir='ltr'><strong>Patres</strong></span> <span class='ocrx_word' id='word_1_552' title='bbox 2763 4415 2780 4462; x_wconf 90' lang='lat'><strong><em>;</em></strong></span> <span class='ocrx_word' id='word_1_553' title='bbox 2813 4399 2952 4454; x_wconf 86' lang='lat' dir='ltr'><strong>alius</strong></span> <span class='ocrx_word' id='word_1_554' title='bbox 3022 4398 3240 4468; x_wconf 87' lang='lat' dir='ltr'><strong>quidem</strong></span> <span class='ocrx_word' id='word_1_555' title='bbox 3272 4415 3287 4452; x_wconf 90' lang='lat'><strong>:</strong></span> <span class='ocrx_word' id='word_1_556' title='bbox 3321 4417 3344 4449; x_wconf 79' lang='grc' dir='ltr'>ι-</span> <span class='ocrx_word' id='word_1_557' title='bbox 3374 4396 3633 4450; x_wconf 86' lang='lat' dir='ltr'><strong>Domine-</strong></span> 
     </span>
    </p>
   </div>
   <div class='ocr_carea' id='block_1_81' title="bbox 2032 4486 3604 4554">
    <p class='ocr_par' dir='ltr' id='par_1_81' title="bbox 2032 4486 3604 4554">
     <span class='ocr_line' id='line_1_81' title="bbox 2032 4486 3604 4554; baseline -0.004 -8"><span class='ocrx_word' id='word_1_558' title='bbox 2032 4490 2162 4546; x_wconf 81' lang='lat' dir='ltr'><strong>Jesu</strong></span> <span class='ocrx_word' id='word_1_559' title='bbox 2215 4490 2464 4552; x_wconf 85' lang='lat' dir='ltr'><strong>Christe,</strong></span> <span class='ocrx_word' id='word_1_560' title='bbox 2489 4486 2590 4541; x_wconf 88' lang='lat' dir='ltr'><strong>Fili</strong></span> <span class='ocrx_word' id='word_1_561' title='bbox 2613 4487 2728 4552; x_wconf 90' lang='lat' dir='ltr'><strong>Dei,</strong></span> <span class='ocrx_word' id='word_1_562' title='bbox 2765 4489 3027 4542; x_wconf 89' lang='lat' dir='ltr'><strong>miserere</strong></span> <span class='ocrx_word' id='word_1_563' title='bbox 3064 4487 3189 4552; x_wconf 88' lang='lat' dir='ltr'><strong>mei,</strong></span> <span class='ocrx_word' id='word_1_564' title='bbox 3230 4505 3248 4538; x_wconf 76' lang='grc' dir='ltr'><strong>ι</strong></span> <span class='ocrx_word' id='word_1_565' title='bbox 3287 4488 3559 4554; x_wconf 81' lang='lat' dir='ltr'><strong>integrum</strong></span> <span class='ocrx_word' id='word_1_566' title='bbox 3590 4503 3604 4550; x_wconf 89' lang='lat'>;</span> 
     </span>
    </p>
   </div>
   <div class='ocr_carea' id='block_1_82' title="bbox 2035 4577 3607 4644">
    <p class='ocr_par' dir='ltr' id='par_1_82' title="bbox 2035 4577 3607 4644">
     <span class='ocr_line' id='line_1_82' title="bbox 2035 4577 3607 4644; baseline -0.002 -10"><span class='ocrx_word' id='word_1_567' title='bbox 2035 4582 2124 4636; x_wconf 80' lang='lat' dir='ltr'><strong>alii</strong></span> <span class='ocrx_word' id='word_1_568' title='bbox 2159 4596 2287 4635; x_wconf 82' lang='lat' dir='ltr'><strong>vero</strong></span> <span class='ocrx_word' id='word_1_569' title='bbox 2315 4580 2598 4633; x_wconf 82' lang='lat' dir='ltr'><strong>dimidium</strong></span> <span class='ocrx_word' id='word_1_570' title='bbox 2634 4580 2738 4633; x_wconf 88' lang='lat' dir='ltr'><strong>hoc</strong></span> <span class='ocrx_word' id='word_1_571' title='bbox 2769 4595 2784 4631; x_wconf 90' lang='lat'><strong>:</strong></span> <span class='ocrx_word' id='word_1_572' title='bbox 2823 4597 2841 4628; x_wconf 74' lang='grc' dir='ltr'><strong>ι</strong></span> <span class='ocrx_word' id='word_1_573' title='bbox 2891 4578 3043 4642; x_wconf 83' lang='lat' dir='ltr'><strong>Jesu,</strong></span> <span class='ocrx_word' id='word_1_574' title='bbox 3078 4578 3176 4631; x_wconf 88' lang='lat' dir='ltr'><strong>Fili</strong></span> <span class='ocrx_word' id='word_1_575' title='bbox 3231 4577 3349 4644; x_wconf 80' lang='lat' dir='ltr'><strong>Dei,</strong></span> <span class='ocrx_word' id='word_1_576' title='bbox 3379 4581 3607 4632; x_wconf 85' lang='lat' dir='ltr'><strong>misere-</strong></span> 
     </span>
    </p>
   </div>
   <div class='ocr_carea' id='block_1_83' title="bbox 2040 4671 3607 4740">
    <p class='ocr_par' dir='ltr' id='par_1_83' title="bbox 2040 4671 3607 4740">
     <span class='ocr_line' id='line_1_83' title="bbox 2040 4671 3607 4740; baseline -0.003 -14"><span class='ocrx_word' id='word_1_577' title='bbox 2040 4689 2097 4727; x_wconf 91' lang='lat' dir='ltr'><strong>re</strong></span> <span class='ocrx_word' id='word_1_578' title='bbox 2133 4675 2256 4728; x_wconf 89' lang='lat' dir='ltr'><strong>mei.</strong></span> <span class='ocrx_word' id='word_1_579' title='bbox 2282 4692 2300 4724; x_wconf 76' lang='grc' dir='ltr'><strong>ι</strong></span> <span class='ocrx_word' id='word_1_580' title='bbox 2334 4675 2487 4739; x_wconf 87' lang='lat' dir='ltr'><strong>Quod</strong></span> <span class='ocrx_word' id='word_1_581' title='bbox 2513 4674 2728 4728; x_wconf 81' lang='lat' dir='ltr'><strong>facilius</strong></span> <span class='ocrx_word' id='word_1_582' title='bbox 2764 4683 2850 4728; x_wconf 87' lang='lat' dir='ltr'><strong>est</strong></span> <span class='ocrx_word' id='word_1_583' title='bbox 2879 4681 3102 4740; x_wconf 85' lang='lat' dir='ltr'><strong>propter</strong></span> <span class='ocrx_word' id='word_1_584' title='bbox 3128 4671 3330 4725; x_wconf 89' lang='lat' dir='ltr'><strong>mentis</strong></span> <span class='ocrx_word' id='word_1_585' title='bbox 3364 4672 3607 4724; x_wconf 87' lang='lat' dir='ltr'><strong>imbecil-</strong></span> 
     </span>
    </p>
   </div>
   <div class='ocr_carea' id='block_1_84' title="bbox 2040 4764 3609 4836">
    <p class='ocr_par' dir='ltr' id='par_1_84' title="bbox 2040 4764 3609 4836">
     <span class='ocr_line' id='line_1_84' title="bbox 2040 4764 3609 4836; baseline -0.003 -15"><span class='ocrx_word' id='word_1_586' title='bbox 2040 4767 2269 4821; x_wconf 87' lang='lat' dir='ltr'><strong>litatem.</strong></span> <span class='ocrx_word' id='word_1_587' title='bbox 2300 4765 2416 4820; x_wconf 84' lang='lat' dir='ltr'><strong>Non</strong></span> <span class='ocrx_word' id='word_1_588' title='bbox 2454 4769 2597 4820; x_wconf 89' lang='lat' dir='ltr'><strong>enim</strong></span> <span class='ocrx_word' id='word_1_589' title='bbox 2628 4775 2809 4836; x_wconf 85' lang='lat' dir='ltr'><strong>potest</strong></span> <span class='ocrx_word' id='word_1_590' title='bbox 2848 4782 2878 4818; x_wconf 89' lang='lat' dir='ltr'><strong>a</strong></span> <span class='ocrx_word' id='word_1_591' title='bbox 2913 4767 3088 4832; x_wconf 88' lang='lat' dir='ltr'><strong>seipsa</strong></span> <span class='ocrx_word' id='word_1_592' title='bbox 3115 4765 3350 4817; x_wconf 85' lang='lat' dir='ltr'><strong>interius</strong></span> <span class='ocrx_word' id='word_1_593' title='bbox 3403 4764 3609 4832; x_wconf 88' lang='lat' dir='ltr'><strong>absque</strong></span> 
     </span>
    </p>
   </div>
   <div class='ocr_carea' id='block_1_85' title="bbox 2041 4855 3612 4924">
    <p class='ocr_par' dir='ltr' id='par_1_85' title="bbox 2041 4855 3612 4924">
     <span class='ocr_line' id='line_1_85' title="bbox 2041 4855 3612 4924; baseline -0.001 -15"><span class='ocrx_word' id='word_1_594' title='bbox 2041 4855 2246 4924; x_wconf 87' lang='lat' dir='ltr'><strong>Spiritu</strong></span> <span class='ocrx_word' id='word_1_595' title='bbox 2277 4855 2388 4909; x_wconf 86' lang='lat' dir='ltr'><strong>sola</strong></span> <span class='ocrx_word' id='word_1_596' title='bbox 2446 4856 2656 4922; x_wconf 86' lang='lat' dir='ltr'><strong>dicere,</strong></span> <span class='ocrx_word' id='word_1_597' title='bbox 2711 4856 2969 4909; x_wconf 87' lang='lat' dir='ltr'><strong>Dominus</strong></span> <span class='ocrx_word' id='word_1_598' title='bbox 3007 4855 3190 4917; x_wconf 86' lang='lat' dir='ltr'><strong>.Iesus,</strong></span> <span class='ocrx_word' id='word_1_599' title='bbox 3249 4869 3347 4907; x_wconf 90' lang='lat' dir='ltr'><strong>nec</strong></span> <span class='ocrx_word' id='word_1_600' title='bbox 3379 4869 3513 4922; x_wconf 90' lang='lat' dir='ltr'><strong>pure</strong></span> <span class='ocrx_word' id='word_1_601' title='bbox 3547 4869 3612 4907; x_wconf 90' lang='lat' dir='ltr'><strong>ac</strong></span> 
     </span>
    </p>
   </div>
   <div class='ocr_carea' id='block_1_86' title="bbox 2043 4945 3612 5017">
    <p class='ocr_par' dir='ltr' id='par_1_86' title="bbox 2043 4945 3612 5017">
     <span class='ocr_line' id='line_1_86' title="bbox 2043 4945 3612 5017; baseline -0.001 -18"><span class='ocrx_word' id='word_1_602' title='bbox 2043 4947 2285 5017; x_wconf 79' lang='lat' dir='ltr'><strong>perferte</strong></span> <span class='ocrx_word' id='word_1_603' title='bbox 2309 4947 2414 5001; x_wconf 89' lang='lat' dir='ltr'><strong>nisi</strong></span> <span class='ocrx_word' id='word_1_604' title='bbox 2442 4949 2493 5000; x_wconf 89' lang='lat' dir='ltr'><strong>in</strong></span> <span class='ocrx_word' id='word_1_605' title='bbox 2528 4948 2740 5015; x_wconf 87' lang='lat' dir='ltr'><strong>Spiritu</strong></span> <span class='ocrx_word' id='word_1_606' title='bbox 2763 4958 2975 5010; x_wconf 87' lang='lat' dir='ltr'><strong>sancto,</strong></span> <span class='ocrx_word' id='word_1_607' title='bbox 3010 4948 3102 5002; x_wconf 79' lang='lat' dir='ltr'><strong>sed</strong></span> <span class='ocrx_word' id='word_1_608' title='bbox 3133 4956 3189 5000; x_wconf 90' lang='lat' dir='ltr'><strong>ut</strong></span> <span class='ocrx_word' id='word_1_609' title='bbox 3223 4945 3405 5000; x_wconf 80' lang='lat' dir='ltr'><strong>infans</strong></span> <span class='ocrx_word' id='word_1_610' title='bbox 3436 4947 3612 5000; x_wconf 86' lang='lat' dir='ltr'><strong>adhuc</strong></span> 
     </span>
    </p>
   </div>
   <div class='ocr_carea' id='block_1_87' title="bbox 2045 5037 3612 5107">
    <p class='ocr_par' dir='ltr' id='par_1_87' title="bbox 2045 5037 3612 5107">
     <span class='ocr_line' id='line_1_87' title="bbox 2045 5037 3612 5107; baseline -0.002 -17"><span class='ocrx_word' id='word_1_611' title='bbox 2045 5038 2349 5093; x_wconf 88' lang='lat' dir='ltr'><strong>balbutiens</strong></span> <span class='ocrx_word' id='word_1_612' title='bbox 2378 5040 2468 5091; x_wconf 87' lang='lat' dir='ltr'><strong>illa</strong></span> <span class='ocrx_word' id='word_1_613' title='bbox 2520 5039 2691 5092; x_wconf 75' lang='lat' dir='ltr'><strong>verba</strong></span> <span class='ocrx_word' id='word_1_614' title='bbox 2749 5037 3081 5092; x_wconf 87' lang='lat' dir='ltr'><strong>articulatim</strong></span> <span class='ocrx_word' id='word_1_615' title='bbox 3117 5037 3479 5107; x_wconf 86' lang='lat' dir='ltr'><strong>pronuntiare</strong></span> <span class='ocrx_word' id='word_1_616' title='bbox 3512 5049 3612 5088; x_wconf 90' lang='lat' dir='ltr'><strong>ne-</strong></span> 
     </span>
    </p>
   </div>
   <div class='ocr_carea' id='block_1_88' title="bbox 2047 5130 3616 5200">
    <p class='ocr_par' dir='ltr' id='par_1_88' title="bbox 2047 5130 3616 5200">
     <span class='ocr_line' id='line_1_88' title="bbox 2047 5130 3616 5200; baseline 0 -18"><span class='ocrx_word' id='word_1_617' title='bbox 2047 5134 2186 5200; x_wconf 84' lang='lat' dir='ltr'><strong>quit.</strong></span> <span class='ocrx_word' id='word_1_618' title='bbox 2223 5131 2331 5186; x_wconf 79' lang='lat' dir='ltr'><strong>Nec</strong></span> <span class='ocrx_word' id='word_1_619' title='bbox 2383 5139 2600 5199; x_wconf 87' lang='lat' dir='ltr'><strong>oportet</strong></span> <span class='ocrx_word' id='word_1_620' title='bbox 2651 5131 2848 5185; x_wconf 89' lang='lat' dir='ltr'><strong>crebro</strong></span> <span class='ocrx_word' id='word_1_621' title='bbox 2884 5130 3250 5185; x_wconf 85' lang='lat' dir='ltr'><strong>invocationis</strong></span> <span class='ocrx_word' id='word_1_622' title='bbox 3297 5142 3459 5183; x_wconf 83' lang='lat' dir='ltr'><strong>voces</strong></span> <span class='ocrx_word' id='word_1_623' title='bbox 3493 5143 3616 5198; x_wconf 89' lang='lat' dir='ltr'><strong>per-</strong></span> 
     </span>
    </p>
   </div>
   <div class='ocr_carea' id='block_1_89' title="bbox 2049 5221 3612 5292">
    <p class='ocr_par' dir='ltr' id='par_1_89' title="bbox 2049 5221 3612 5292">
     <span class='ocr_line' id='line_1_89' title="bbox 2049 5221 3612 5292; baseline -0.002 -17"><span class='ocrx_word' id='word_1_624' title='bbox 2049 5235 2283 5285; x_wconf 82' lang='lat' dir='ltr'><strong>mutare,</strong></span> <span class='ocrx_word' id='word_1_625' title='bbox 2321 5223 2415 5276; x_wconf 87' lang='lat' dir='ltr'><strong>sed</strong></span> <span class='ocrx_word' id='word_1_626' title='bbox 2457 5224 2602 5277; x_wconf 88' lang='lat' dir='ltr'><strong>lente</strong></span> <span class='ocrx_word' id='word_1_627' title='bbox 2629 5237 2691 5276; x_wconf 91' lang='lat' dir='ltr'><strong>ac</strong></span> <span class='ocrx_word' id='word_1_628' title='bbox 2753 5225 3016 5292; x_wconf 89' lang='lat' dir='ltr'><strong>perpetim</strong></span> <span class='ocrx_word' id='word_1_629' title='bbox 3075 5224 3327 5276; x_wconf 79' lang='lat' dir='ltr'><strong>recitare.</strong></span> <span class='ocrx_word' id='word_1_630' title='bbox 3364 5221 3612 5288; x_wconf 86' lang='lat' dir='ltr'><strong>Insuper,</strong></span> 
     </span>
    </p>
   </div>
   <div class='ocr_carea' id='block_1_90' title="bbox 2051 5313 3618 5381">
    <p class='ocr_par' dir='ltr' id='par_1_90' title="bbox 2051 5313 3618 5381">
     <span class='ocr_line' id='line_1_90' title="bbox 2051 5313 3618 5381; baseline -0.001 -14"><span class='ocrx_word' id='word_1_631' title='bbox 2051 5316 2141 5368; x_wconf 88' lang='lat' dir='ltr'><strong>alii</strong></span> <span class='ocrx_word' id='word_1_632' title='bbox 2170 5331 2285 5380; x_wconf 86' lang='lat' dir='ltr'><strong>ore,</strong></span> <span class='ocrx_word' id='word_1_633' title='bbox 2319 5315 2410 5368; x_wconf 89' lang='lat' dir='ltr'><strong>alii</strong></span> <span class='ocrx_word' id='word_1_634' title='bbox 2458 5325 2639 5369; x_wconf 84' lang='lat' dir='ltr'><strong>mente</strong></span> <span class='ocrx_word' id='word_1_635' title='bbox 2678 5315 2826 5369; x_wconf 86' lang='lat' dir='ltr'><strong>illam</strong></span> <span class='ocrx_word' id='word_1_636' title='bbox 2877 5317 3111 5369; x_wconf 87' lang='lat' dir='ltr'><strong>recitare</strong></span> <span class='ocrx_word' id='word_1_637' title='bbox 3141 5315 3354 5367; x_wconf 89' lang='lat' dir='ltr'><strong>docent.</strong></span> <span class='ocrx_word' id='word_1_638' title='bbox 3415 5313 3486 5364; x_wconf 82' lang='lat' dir='ltr'><strong>At</strong></span> <span class='ocrx_word' id='word_1_639' title='bbox 3517 5325 3618 5381; x_wconf 83' lang='lat' dir='ltr'><strong>ego</strong></span> 
     </span>
    </p>
   </div>
   <div class='ocr_carea' id='block_1_91' title="bbox 2053 5402 3616 5474">
    <p class='ocr_par' dir='ltr' id='par_1_91' title="bbox 2053 5402 3616 5474">
     <span class='ocr_line' id='line_1_91' title="bbox 2053 5402 3616 5474; baseline -0.002 -14"><span class='ocrx_word' id='word_1_640' title='bbox 2053 5418 2344 5474; x_wconf 87' lang='lat' dir='ltr'><strong>utrumque</strong></span> <span class='ocrx_word' id='word_1_641' title='bbox 2371 5409 2595 5461; x_wconf 86' lang='lat' dir='ltr'><strong>suadeo.</strong></span> <span class='ocrx_word' id='word_1_642' title='bbox 2634 5407 2780 5460; x_wconf 64' lang='lat' dir='ltr'><strong>Nam&quot;</strong></span> <span class='ocrx_word' id='word_1_643' title='bbox 2803 5408 3081 5461; x_wconf 90' lang='lat' dir='ltr'><strong>interdum</strong></span> <span class='ocrx_word' id='word_1_644' title='bbox 3117 5421 3288 5470; x_wconf 88' lang='lat' dir='ltr'><strong>mens,</strong></span> <span class='ocrx_word' id='word_1_645' title='bbox 3343 5402 3616 5458; x_wconf 87' lang='lat' dir='ltr'><strong>interdum</strong></span> 
     </span>
    </p>
   </div>
   <div class='ocr_carea' id='block_1_92' title="bbox 2053 5499 3619 5571">
    <p class='ocr_par' dir='ltr' id='par_1_92' title="bbox 2053 5499 3619 5571">
     <span class='ocr_line' id='line_1_92' title="bbox 2053 5499 3619 5571; baseline 0 -19"><span class='ocrx_word' id='word_1_646' title='bbox 2053 5517 2114 5556; x_wconf 85' lang='lat' dir='ltr'><strong>os</strong></span> <span class='ocrx_word' id='word_1_647' title='bbox 2141 5516 2249 5571; x_wconf 71' lang='lat' dir='ltr'><strong>prae</strong></span> <span class='ocrx_word' id='word_1_648' title='bbox 2284 5501 2473 5556; x_wconf 82' lang='lat' dir='ltr'><strong>accdia</strong></span> <span class='ocrx_word' id='word_1_649' title='bbox 2528 5501 2757 5558; x_wconf 84' lang='lat' dir='ltr'><strong>recitare</strong></span> <span class='ocrx_word' id='word_1_650' title='bbox 2797 5515 2902 5555; x_wconf 94' lang='lat' dir='ltr'><strong>non</strong></span> <span class='ocrx_word' id='word_1_651' title='bbox 2942 5501 3106 5556; x_wconf 83' lang='lat' dir='ltr'><strong>valet.</strong></span> <span class='ocrx_word' id='word_1_652' title='bbox 3139 5499 3430 5569; x_wconf 88' lang='lat' dir='ltr'><strong>Propterea</strong></span> <span class='ocrx_word' id='word_1_653' title='bbox 3464 5507 3619 5554; x_wconf 83' lang='lat' dir='ltr'><strong>utro-</strong></span> 
     </span>
    </p>
   </div>
  </div>
