3960 6190
420 251 551 313 1331

1640 237 2022 299 GREGORII
2096 225 2429 292 SINAITE

3502 207 3645 270 i332

421 381 524 435 que
548 362 710 418 modo
737 375 898 415 orare
929 367 1162 427 oportet.
1196 369 1297 410 ore-
1322 367 1382 408 ac
1414 359 1615 406 meme.
1651 348 1989 416 Caetemqnin

2106 348 2272 412 λέγειν
2330 344 2594 414 ακηδιῶν,
2645 341 2771 394 ποτέ
2815 338 2963 394 δὲτὸ
3015 336 3211 402 στόμα.
3268 334 3367 387 Διὰ
3403 331 3563 385 τοῦτο
3612 336 3668 383 ἐν

422 455 716 525 tranquille
746 462 802 507 et
829 451 1226 518 imperturbate
1248 443 1592 500 clamandum
1630 452 1734 506 est,
1763 454 1832 494 ne
1857 455 1980 493 sen-

423 564 542 604 sum
569 545 1035 609 attentionemque
1068 539 1263 592 utentis
1285 552 1386 590 vox
1415 535 1596 590 turbet
1618 549 1681 588 ac
1703 532 1978 601 impediat,

423 644 597 696 donec
631 650 781 690 mens
809 635 958 702 operi
995 642 1211 685 assueta
1243 630 1489 697 proﬁciat
1522 637 1574 681 et
1601 627 1744 679 vires
1773 640 1800 676 a
1825 622 1985 690 spiri-

425 743 478 784 tu
522 729 752 795 accipiat
810 725 874 776 ad
904 724 1114 790 integre
1143 729 1198 774 et
1251 719 1425 772 valide
1485 718 1771 770 orandum.
1831 711 1984 764 Tunc

423 823 565 877 enim
604 833 707 872 non
740 816 944 883 indiget
969 813 1082 866 oris
1118 810 1357 879 loquela.
1390 810 1498 861 imo
1538 821 1635 860 nec
1669 812 1868 873 potest,
1900 815 1987 855 so-

422 914 476 966 lo
503 911 780 966 intellectu
822 906 958 959 satis
985 913 1271 971 occupata,
1301 911 1467 953 totum
1505 899 1682 951 facere
1721 907 1877 960 opus.

2096 437 2425 507 ἀμφοτέροις
2459 435 2537 488 δεῖ
2567 431 2982 503 προσεύχεσθαι,
3017 429 3112 482 καὶ
3139 428 3388 496 στόματι,
3425 427 3519 478 καὶ
3563 426 3666 476 νοΐ.

2102 526 2246 600 Πλὴν
2275 525 2494 595 ἡσύχως
2523 526 2615 576 καὶ
2640 523 2928 593 ἀταράχως
2956 521 3038 572 δεῖ
3064 516 3310 588 κράζειν,
3343 517 3430 568 ἵνα
3463 516 3539 585 μὴ
3569 515 3671 584 τὴν

2100 617 2369 686 αἴσθησιν,
2393 618 2486 667 καὶ
2505 615 2603 683 τὴν
2622 611 2890 682 προσοχὴν
2919 609 3012 662 τοῦ
3039 607 3184 677 νοῦή
3221 605 3373 674 φωνὴ
3408 603 3673 672 συγχέουο

2103 724 2193 772 σα,
2217 703 2560 774 ἐμποδίζοιτο
2579 717 2592 730 ’
2625 701 2816 770 μέχρις
2851 699 2916 752 ἂν
2941 701 2968 751 ὁ
2991 697 3138 761 νοῦς,
3163 696 3349 756 ἐθίσας
3379 697 3438 746 ἐν
3468 693 3546 762 τῷ
3580 693 3674 762 ἐρ·

2103 814 2206 866 γῳ,
2233 794 2520 866 προκόψοι,
2541 791 2637 845 καὶ
2679 790 2909 859 δύναμιν
2928 788 3082 841 λάϐοι
3121 786 3276 856 παρὰ
3293 784 3388 838 τοῦ
3418 783 3673 852 Πνεῦμα-

2105 906 2218 951 τος,
2255 889 2334 950 εἰς
2359 886 2418 940 τὺ
2435 885 2636 951 ὑλικῶς
2675 885 2774 940 καὶ
2801 883 3073 955 κραταιῶς
3101 879 3378 949 εὔχεσθαι.
3413 876 3545 929 Τότε
3569 877 3675 944 γὰρ

732 961 914 1054 λαλεῖν
943 1001 1032 1054 διὰ
1062 961 1352 1070 στῦματος,
1380 999 1499 1051 οὐδὲ
1532 999 1640 1066 γὰρ
1666 997 1910 1057 δύναται,
1948 961 2286 1067 ἀρκούμενος
2313 984 2475 1053 μόνον
2503 983 2582 1052 τῷ
2611 981 2695 1038 νοῖ
2718 981 3014 1051 ὁλόκληρον
3060 976 3331 1030 ποιεῖσθαι
3359 973 3458 1048 τὴν
3493 973 3662 1043 ἐργα-

423 1114 566 1152 σιαν.

640 1177 911 1242 Quomodo
959 1186 1195 1249 oporteat
1244 1184 1471 1229 mentem
1524 1174 1780 1226 cohibere.

499 1293 649 1348 Scito
679 1293 951 1346 neminem
979 1307 1008 1344 a
1045 1291 1337 1359 semetipso
1388 1301 1548 1358 posse
1592 1286 1810 1339 frenare
1837 1299 1992 1338 men-

429 1397 565 1450 tem,
609 1385 709 1438 nisi
743 1386 857 1452 ipse
880 1384 1171 1438 frenetura
1199 1383 1391 1451 spiritu
1424 1382 1674 1435 :inlrena
1715 1379 1857 1432 enim
1885 1388 1989 1440 est,

428 1494 532 1531 non
589 1485 780 1531 natura
833 1486 1015 1542 utpote
1069 1490 1282 1542 semper
1337 1472 1595 1535 mobilis;,
1639 1470 1733 1524 sed
1770 1469 1890 1536 quia
1923 1469 1993 1520 ob

429 1571 698 1623 incuriam
729 1567 1010 1636 agitationi
1039 1575 1318 1628 consueta,
1345 1567 1412 1617 ab
1434 1565 1585 1617 initio
1616 1563 1766 1614 freno
1796 1561 1995 1614 desue-

427 1663 523 1713 vit.
559 1659 766 1728 Quippe
798 1657 1171 1711 mandatorum
1201 1649 1595 1722 regeneratoris
1621 1654 1788 1706 nostri
1823 1661 1995 1703 trans-

426 1751 720 1819 pressione,
781 1764 810 1802 a
863 1748 972 1801 Deo
1057 1748 1292 1816 separati
1347 1761 1560 1806 sumus,
1617 1757 1777 1797 sensu
1834 1741 1997 1794 intel-

428 1839 722 1894 lectualem
790 1839 906 1907 ejus
956 1853 1174 1892 sensum
1229 1848 1284 1890 et
1348 1838 1602 1888 unionem
1638 1833 1813 1886 exuti.
1871 1832 2000 1886 lude

425 1935 569 1988 enim
593 1933 810 2001 delapsa
846 1947 1020 1996 meus,
1054 1940 1108 1985 et
1139 1949 1164 1982 a
1205 1931 1312 1983 Deo
1339 1938 1609 1999 separata,
1676 1941 2000 1994 quocunque

425 2029 602 2097 agitur
631 2038 689 2079 ut
729 2026 960 2093 captiva,
1020 2041 1120 2077 nec
1155 2035 1337 2091 potest
1373 2023 1530 2075 aliter
1582 2022 1796 2083 sistere,
1832 2033 1999 2087 quam

427 2119 472 2171 si
508 2116 880 2176 Deoobediat,
937 2123 991 2168 et
1054 2121 1160 2166 stet
1210 2112 1351 2179 apud
1383 2127 1529 2175 eum,
1575 2111 1732 2176 eique
1783 2112 2003 2162 uniatur

425 2225 546 2263 cum
579 2207 785 2268 laetitia,
833 2215 888 2259 ot
929 2218 1180 2273 pret-mur
1212 2221 1338 2256 eum
1373 2203 1592 2254 assidue
1627 2215 1691 2254 ac
1741 2214 1998 2268 perseve-

427 2310 631 2363 ranter,
657 2312 713 2355 et
734 2301 782 2352 ei
812 2298 1118 2351 tneutaliter
1148 2298 1476 2350 conﬁteatur
1499 2294 1744 2362 quotidie
1777 2294 1990 2360 qutevis

424 2403 647 2463 peccata
692 2391 836 2459 :quiv
878 2391 1056 2444 omnia
1108 2391 1288 2442 statim
1344 2386 1574 2457 ignoscit
1631 2385 1715 2438 his
1741 2384 1832 2451 qui
1874 2398 1997 2436 cum

427 2483 739 2537 humilitate
804 2496 868 2534 ac
933 2480 1267 2534 contritione
1321 2488 1534 2548 petunt,
1570 2489 1733 2546 atque
1783 2491 2000 2544 semper

433 2584 684 2626 sanctum
740 2573 911 2642 ipsius
963 2586 1158 2624 nomen
1224 2571 1524 2624 invocant:
1563 2589 1581 2619 ι
1637 2567 1999 2631 Couiitemini,

427 2665 622 2738 inquit,
648 2663 964 2728 liomino,et
991 2664 1238 2718 invocate
1261 2678 1454 2716 nomen
1479 2672 1728 2715 sanctum
1760 2660 1881 2730 ejus
1912 2661 1953 2713 ¹.
1975 2678 1992 2709 ι

425 2755 588 2828 Atqui
629 2755 1042 2822 respirationem
1106 2755 1429 2808 retraheudo
1459 2763 1511 2806 et
1535 2768 1597 2806 os
1625 2751 1993 2819 comprimen-

424 2851 496 2901 do
527 2847 816 2902 cohibetur
844 2861 1019 2910 mens,
1054 2845 1148 2899 sed
1187 2845 1382 2913 partim
1415 2856 1469 2898 et
1536 2845 1729 2897 iterum
1763 2845 1993 2911 dissipa-

427 2946 536 2989 tur.
564 2936 698 2990 Cutn
735 2947 912 2989 autem
950 2938 1170 2988 advenit
1200 2937 1446 3003 operatio
1510 2934 1801 2998 orationis,
1866 2941 1994 2985 tunc

2296 1183 2434 1250 Περὶ
2475 1182 2580 1236 τοῦ
2608 1181 2733 1246 πῶς
2753 1180 2847 1236 δεῖ
2870 1182 3110 1248 κρατεῖν
3138 1184 3244 1234 τὸν
3270 1183 3442 1237 γοῦν.

2168 1294 2351 1353 Σῦνες.
2375 1293 2454 1344 ὅτι
2491 1291 2662 1352 οὐδεὶς
2687 1291 2910 1344 δύναται
2937 1291 3029 1354 ἀφ’
3058 1289 3251 1342 ἑαυτοῦ
3279 1291 3544 1359 κρατῆσαι
3572 1293 3664 1344 τὸν

2097 1385 2240 1447 νοῦν,
2272 1387 2320 1436 εἰ
2353 1384 2426 1454 μὴ
2457 1382 2700 1453 κρατηθῇ
2730 1385 2880 1451 παρὰ
2904 1382 2998 1433 τοῦ
3037 1382 3352 1449 Πνεῦματος
3372 1399 3385 1413 ·
3414 1385 3663 1452 ἀχράτη-

2098 1495 2189 1541 τος
2213 1478 2318 1546 γάρ
2368 1477 2535 1536 ἐστιν,
2579 1474 2639 1525 οὐ
2671 1473 2813 1526 κατὰ
2867 1473 3028 1540 φύσιν
3057 1473 3129 1533 ὡς
3179 1475 3506 1543 ἀεικίνητος,
3547 1478 3664 1527 ἀλλ’

2097 1571 2206 1624 ἀπὸ
2233 1571 2329 1638 τῆς
2352 1566 2609 1637 ἀμελείας
2654 1567 2750 1635 τὴν
2777 1566 3080 1636 περιφορὰν
3109 1568 3546 1633 οἰκειωσάμενος,
3569 1569 3670 1638 ἀρ-

2097 1668 2265 1738 χῆθεν
2289 1669 2366 1728 εἰς
2397 1665 2550 1718 τοῦτο
2573 1665 2775 1726 ἐθίσας.
2799 1665 2896 1715 Διὰ
2922 1664 3031 1732 γὰρ
3059 1662 3160 1729 τῆς
3193 1659 3298 1711 τῶν
3327 1659 3556 1709 ἐντολῶν
3577 1659 3669 1709 τοῦ

2099 1759 2560 1825 ἁνάγεννήσαντος
2587 1757 2735 1825 ἡμᾶς
2769 1753 3154 1823 παραϐάσεως,
3199 1752 3263 1802 ἐκ
3306 1747 3440 1800 Θεοῦ
3474 1743 3674 1817 ἐχωρί-

2103 1837 2204 1906 σθη
2214 1855 2332 1906 μεν,
2351 1838 2448 1908 τὴν
2475 1841 2533 1892 ἐν
2547 1842 2795 1910 αἰσθήσει
2819 1843 3012 1913 νοερὰν
3025 1841 3188 1895 αὐτοῦ
3203 1841 3456 1913 αἴσθησίν
3476 1862 3533 1898 τε
3578 1849 3676 1900 καὶ

2102 1928 2294 1979 ἕνωσιν
2356 1930 2744 1994 ἀπολέσαντες.
2815 1932 3056 1985 Ἐκεῖθεν
3105 1934 3212 2001 γὰρ
3253 1933 3609 2003 ἑξολισθήσας
3646 1938 3673 1988 ὁ

2103 2021 2246 2081 νοῦς,
2283 2022 2488 2074 καὶτοῦ
2515 2023 2650 2076 Θεοῦ
2699 2025 3011 2093 χωρισθεὶς,
3046 2023 3322 2093 πανταχοῦ
3370 2027 3568 2091 ἄγεται
3597 2026 3670 2089 ὡς

2102 2113 2476 2179 αἰχμάλωτος·
2506 2117 2600 2167 καὶ
2631 2116 2693 2167 οῦ
2725 2115 2948 2168 δυνατὸν
2995 2116 3168 2178 ἄλλως
3203 2115 3477 2180 ἵστασθαι,
3509 2118 3559 2168 εἰ
3597 2118 3670 2186 μὴ

2101 2199 2219 2266 Θεῷ
2235 2199 2505 2271 ὑποταγῇ,
2551 2202 2645 2254 καὶ
2676 2205 2775 2272 στῇ
2813 2204 2944 2275 παρ’
2971 2204 3156 2268 αὑτοῦ,
3193 2206 3289 2258 καὶ
3315 2205 3465 2276 αὐτῷ
3495 2207 3669 2276 ἐνωθῇ

2105 2293 2223 2359 μετ’
2245 2292 2603 2362 εὐφροσύνης,
2628 2296 2722 2346 καὶ
2753 2295 2938 2364 δέηται
2963 2296 3128 2349 αὑτοῦ
3163 2296 3400 2365 συνεχῶς
3427 2298 3523 2350 καὶ
3557 2300 3672 2349 ὲπιυ

2104 2383 2300 2452 μόνως,
2324 2386 2416 2437 καὶ
2449 2383 2623 2455 τούτῳ
2647 2386 3037 2456 ἐξομολογῆται
3063 2388 3184 2441 καθ’
3211 2388 3451 2456 ἑκάστην
3475 2390 3675 2456 νοερῶς

2099 2475 2201 2526 ὅσα
2225 2476 2510 2544 πταίομεν,
2539 2477 2600 2539 ὃς
2627 2481 2719 2529 καὶ
2763 2459 3038 2548 συγχωρεῖ
3082 2478 3260 2533 πάντα
3296 2480 3524 2546 εὐθέως,
3565 2484 3674 2543 τοῖς

2101 2567 2158 2617 ἐν
2187 2565 2514 2619 ταπεινώσει
2563 2567 2655 2621 καὶ
2691 2569 2748 2619 ὲν
2779 2568 3039 2639 συντριϐῇ
3072 2570 3306 2632 αἰτοῦσι,
3367 2573 3462 2624 καὶ
3501 2571 3589 2624 ἀεὶ
3617 2573 3675 2624 τὴ

2100 2659 2269 2728 ὄνομα
2301 2660 2361 2710 τὸ
2393 2661 2549 2727 ἅγιον
2583 2659 2745 2711 αὑτοῦ
2802 2660 3272 2730 ἐπικαλουμένοις.
3313 2681 3332 2713 ι
3386 2661 3672 2732 Ἐξομολο-

2101 2748 2282 2814 γεῖσθε
2313 2750 2440 2820 γὰρ,
2498 2753 2651 2818 φησὶ,
2705 2751 2781 2821 τῷ
2810 2753 3020 2823 Κυρίῳ,
3081 2756 3175 2806 καὶ
3233 2754 3580 2810 ἐπικαλεῖσθε
3615 2756 3673 2807 τὸ

2100 2838 2269 2908 ὄνομα
2300 2841 2360 2893 τὸ
2396 2841 2547 2908 ἆγιον
2582 2844 2768 2896 αὑτοῦ.
2798 2863 2816 2894 ι
2860 2846 3022 2915 Καὶὴ
3058 2847 3308 2916 ἀναπνοὴ
3349 2848 3406 2900 δὲ
3429 2848 3524 2900 τοῦ
3545 2850 3672 2900 ἀνα-

2113 2931 2368 3000 σπασμοῦ
2396 2935 2454 2984 ἐν
2476 2933 2553 3002 τῷ
2575 2935 2896 3002 συσφίγγειν
2917 2936 2977 2988 τὸ
3002 2937 3173 3006 στόμα
3195 2941 3391 3006 κρατεῖ
3411 2938 3500 2990 τὸν
3530 2939 3669 3001 νοῦν,

425 3045 557 3083 vere
597 3029 708 3081 haec
742 3027 886 3079 illam
941 3027 1140 3080 retinet
1203 3027 1254 3078 in
1306 3028 1506 3093 seipsa,
1557 3037 1608 3078 et
1656 3024 1910 3086 laetiﬁcat,
1945 3034 1995 3077 et

2106 3022 2236 3075 ἀλλὰ
2295 3025 2556 3092 μερικῶς,
2593 3026 2686 3078 καὶ
2728 3028 2888 3079 πάλιν
2941 3029 3374 3093 διασκεδαζεται.
3410 3032 3538 3084 Ὅτε
3581 3028 3670 3084 οὖν

425 3121 738 3190 captivitate
769 3120 980 3173 eximit.
1017 3117 1326 3187 Aliquando
1362 3128 1543 3170 tamen
1591 3127 1768 3169 mente
1799 3123 1989 3169 orante

425 3227 482 3266 et
521 3214 573 3266 in
611 3213 775 3264 corde
809 3211 1072 3270 cohibita,
1106 3210 1363 3281 cogitatio
1421 3220 1703 3276 evagatur,
1735 3207 1826 3260 sed
1885 3221 1996 3260 me-

427 3305 630 3357 ditans.
676 3300 741 3353 Et
766 3300 881 3354 hmo
913 3299 1114 3354 nemini
1172 3300 1476 3366 subjicitur,
1516 3298 1620 3351 nisi
1652 3296 1910 3366 perfectis
1941 3299 1992 3351 in

429 3393 636 3462 Spiritu
694 3400 881 3445 saneto
906 3402 961 3444 et
1016 3391 1421 3445 aberratiouum
1478 3391 1818 3445 vacationem
1854 3388 1985 3441 ade-

429 3486 534 3554 ptis
562 3485 612 3537 iu
641 3482 860 3541 Christo
893 3479 1046 3541 Jesu.

663 3766 936 3833 Quomodo
965 3767 1236 3834 ejiciendo:
1268 3769 1370 3820 sint
1399 3767 1759 3836 cogitationes.

498 3881 668 3940 Nemo
702 3898 940 3952 unquam
971 3883 1207 3938 novitius
1237 3882 1457 3951 expellit
1483 3882 1862 3951 cegitationes,
1894 3881 1999 3933 nisi

426 3980 568 4033 Deus
599 3993 692 4032 eas
723 3978 924 4042 eiiciat.
961 3977 1202 4031 Fortium
1239 3978 1383 4030 enim
1416 3987 1501 4030 est
1533 3988 1627 4028 eas
1669 3988 1910 4042 pugnare
1943 3984 1997 4024 et

423 4071 632 4141 fugare.
669 4070 780 4124 luto
816 4085 880 4122 ne
922 4069 972 4122 hi
1006 4069 1221 4138 quidem
1262 4067 1382 4121 illas
1407 4081 1439 4119 a
1465 4066 1772 4133 semetipsis
1826 4079 2000 4117 remo-

422 4174 572 4224 vent,
603 4161 696 4214 sed
730 4175 854 4213 cum
897 4157 1006 4211 Deo
1049 4159 1099 4211 in
1132 4157 1373 4227 praelium
1410 4165 1596 4210 contra
1643 4170 1737 4210 eas
1779 4169 2001 4225 moven-

424 4267 539 4319 tur,
574 4262 760 4321 ulpote
794 4259 1127 4304 armaturam
1171 4249 1338 4317 ipsius
1373 4247 1568 4300 induti.
1600 4246 1678 4299 Tu
1707 4262 1836 4300 vero
1867 4247 2001 4299 insi-

2101 3117 2287 3187 ἔλθῃή
2327 3118 2578 3185 ἐνέργεια
2632 3118 2728 3186 τῆς
2757 3120 3084 3189 προσευχῆς,
3120 3121 3244 3173 τότε
3278 3122 3482 3190 κυρίως
3538 3121 3670 3189 αὑτὴ

2102 3208 2296 3274 κρατεῖ
2348 3207 2510 3259 αὑτὸν
2544 3207 2673 3277 παρ’
2730 3210 2920 3279 ἑαυτῇ,
2978 3212 3072 3262 καὶ
3110 3211 3428 3280 εὐφραίνει,
3459 3213 3668 3280 καὶτῆς

2102 3297 2475 3366 αἰχμαλωσίας
2531 3298 2807 3368 ἀπείργει.
2861 3300 3010 3368 Πλὴν
3061 3299 3209 3352 ἐστιν
3271 3303 3358 3354 ὅτε
3406 3301 3499 3354 τοῦ
3553 3303 3666 3364 νὼς

2103 3391 2559 3457 προσευχομένου,
2592 3393 2685 3445 καὶ
2715 3393 2775 3443 ἐν
2797 3391 2996 3462 καρδίᾳ
3031 3393 3340 3460 ἱσταμένου,
3371 3394 3462 3446 καὶ
3488 3395 3518 3462 ἡ
3551 3394 3669 3447 διά-

2103 3496 2218 3530 νοια
2247 3479 2532 3548 ῥέμϐεται,
2567 3482 2701 3535 ἄλλα
2731 3482 3031 3552 μελετῶσα.
3076 3483 3224 3552 Αὕτη
3255 3483 3312 3535 δὲ
3345 3484 3510 3537 οὐδενὶ
3533 3485 3667 3536 ὑπο·-

2101 3573 2382 3634 τὰσσεται,
2418 3575 2466 3624 εἰ
2500 3573 2574 3644 μὴ
2605 3577 2715 3636 τοῖς
2738 3574 2963 3638 τελείοις
2986 3578 3043 3628 ὲν
3070 3576 3349 3646 Πνεῦματι
3386 3577 3539 3648 ἁγίῳ,
3561 3579 3668 3640 τοῖς

2102 3663 2163 3716 τὸ
2191 3661 2536 3732 ἁρέμϐαστον
2563 3665 2834 3732 φθάσασιν
2859 3667 2918 3718 ἐν
2950 3668 3175 3738 Χριστῷ
3206 3669 3409 3738 Ἰησοῦ.

2201 3776 2339 3841 Περὶ
2369 3776 2474 3829 τοῦ
2510 3778 2636 3841 πῶς
2666 3777 2763 3830 δεῖ
2789 3777 3024 3832 διώκειν
3053 3784 3195 3846 τοὺς
3222 3784 3567 3851 λογισμούς.

2177 3888 2252 3938 Οῦ
2278 3887 2461 3940 διώκει
2482 3889 2566 3952 τίς
2582 3907 2712 3943 ποτε
2731 3891 2992 3960 ἀρχάριος
3023 3893 3304 3961 λογισμὸν,
3324 3896 3372 3946 εί
3397 3896 3466 3965 μὴ
3491 3897 3516 3948 ὁ
3537 3894 3665 3957 Θεὸς

2104 3977 2270 4050 διώξῃ
2296 3980 2478 4032 αὐτόν.
2521 3981 2640 4032 Τῶν
2666 3981 2907 4034 δυνατῶν
2933 3983 3040 4051 γάρ
3082 3984 3199 4035 ἐστι
3250 3985 3543 4054 πολεμῆσαι
3573 3986 3665 4037 καὶ

2105 4067 2292 4133 διῶξαι
2325 4070 2542 4133 αὐτούς.
2584 4070 2743 4123 Ἀλλὰ
2768 4073 2862 4124 καὶ
2889 4066 3037 4125 οὗτοι
3076 4074 3177 4126 οῦκ
3208 4076 3303 4142 ἀφ’
3328 4077 3525 4129 ἑαυτῶν
3546 4075 3666 4129 διώ-

2105 4179 2292 4214 κουσιν
2318 4163 2534 4230 αὐτοὺς,
2567 4165 2705 4218 ἀλλὰ
2736 4166 2875 4234 μετὰ
2925 4168 3060 4221 Θεοῦ
3101 4171 3378 4225 κινοῦνται
3407 4175 3482 4235 είς
3515 4173 3664 4225 πόλε-

2108 4270 2208 4322 μον
2237 4254 2374 4324 πρὸς
2420 4257 2640 4319 αὐτοὺς,
2697 4256 2772 4320 ὡς
2819 4259 3158 4331 ἐνδεδυμένοι
3221 4263 3320 4333 τὴν
3375 4264 3663 4317 πανοπλίαν

425 4347 683 4401 lientiltus
735 4343 1177 4411 cogitationibus,
1230 4341 1419 4392 invoca
1482 4339 1767 4393 Dominum
1816 4339 1995 4393 Jesum

2106 4347 2290 4401 αὐτοῦ.
2323 4349 2396 4400 Σὺ
2422 4349 2477 4402 δέ
2507 4350 2818 4420 ἐρχομένων
2843 4352 2952 4405 τῶν
2980 4353 3276 4424 λογισμῶν,
3299 4357 3552 4412 ἐπικαλοῦ
3580 4358 3663 4408 τὸν

422 4436 615 4489 crebro
645 4441 698 4484 et
729 4439 1157 4498 perseveranter,
1181 4437 1233 4481 et
1257 4427 1585 4495 fugaltuntur
1612 4445 1626 4491 ;
1650 4444 1750 4479 non
1777 4427 2010 4483 ferentes

424 4525 569 4578 enim
617 4522 843 4578 iuditttttt
894 4537 960 4579 ex
1012 4519 1260 4573 oratione
1307 4517 1456 4570 cordi
1509 4516 1800 4583 fervorem,
1852 4518 2002 4586 quasi

424 4617 552 4683 igne
605 4611 900 4668 comhusue
948 4611 1174 4678 fugient.
1209 4627 1226 4659 ι
1257 4609 1382 4664 Jesu
1421 4610 1656 4671 nomine,
1692 4609 1866 4679 inquit
1895 4609 2005 4664 Cli-

422 4723 570 4773 max,
606 4705 815 4780 ﬂagella
846 4705 1050 4760 hostes.
1089 4723 1108 4754 ι
1143 4703 1331 4771 Itaque
1365 4701 1508 4756 Deus
1536 4714 1721 4756 noster
1752 4713 1834 4756 est
1863 4703 2002 4770 ignis

419 4813 741 4852 consumens
797 4797 1119 4869 nequitiam.
1157 4793 1448 4861 Promptus
1500 4794 1565 4846 ad
1604 4792 1860 4848 auxilium
1904 4793 2005 4844 Do-

419 4889 600 4943 minus
653 4900 962 4957 promptam
1024 4886 1181 4939 faciet
1233 4885 1530 4939 vindietam
1582 4901 1772 4939 eorum
1808 4887 1899 4954 qui
1933 4894 1997 4938 ad

418 4981 596 5048 ipsum
642 4989 750 5032 tota
785 4979 965 5030 anima
1005 4977 1094 5031 diu
1135 4986 1406 5043 noctuque
1437 4975 1693 5029 clamant.
1727 4974 1831 5041 Qui
1868 4991 1994 5028 vero

419 5086 525 5123 non
556 5069 718 5123 habet
749 5069 1122 5137 operationem
1158 5066 1442 5129 orationis,
1481 5064 1588 5119 alio
1631 5067 1792 5119 modo
1823 5066 2000 5117 fundit

417 5162 577 5232 illas,
619 5161 854 5231 Moysem
918 5160 1162 5214 imitans.
1213 5159 1289 5212 Eo
1339 5156 1482 5212 enim
1533 5166 1792 5224 surgente
1838 5165 1891 5210 et
1936 5159 1998 5210 ad

424 5254 619 5308 cmlum
672 5254 886 5306 levante
923 5265 1118 5304 manus
1153 5261 1205 5303 et
1238 5251 1445 5314 oculos,
1483 5249 1629 5319 fugat
1672 5250 1792 5302 illas
1839 5253 1999 5305 Deus.

418 5345 627 5399 Deinde
667 5360 856 5398 rursus
901 5344 1120 5405 sedens,
1151 5343 1340 5411 incipit
1378 5344 1682 5396 orationem
1715 5343 2002 5410 patienter.

418 5441 485 5492 Et
518 5439 619 5492 hoc
644 5437 801 5491 modo
837 5440 1006 5491 utitur
1047 5439 1136 5505 qui
1175 5441 1411 5490 nomium
1445 5439 1643 5489 virtute
1678 5436 1844 5504 pollet
1877 5451 1999 5489 ora-

425 5530 609 5584 tionis.
677 5529 788 5582 Ituo
840 5540 893 5582 et
932 5530 1021 5597 qui
1076 5529 1232 5583 habet
1286 5529 1550 5583 orationis
1607 5531 1998 5599 operationem,

492 5647 506 5678 ⁸
549 5647 694 5700 ι’δίιι.
725 5662 831 5712 ειν,
875 5648 919 5704 l,

2107 4440 2314 4510 Κύριον
2357 4440 2565 4508 Ἰησοῦν
2589 4442 2795 4512 συχνῶς
2831 4444 2928 4496 καὶ
2970 4445 3272 4514 ἐπιμόνως,
3321 4451 3416 4500 καὶ
3453 4447 3661 4516 φεύξον-

2105 4542 2217 4582 ταιο
2252 4529 2325 4599 μὴ
2355 4531 2613 4600 φέροντες
2644 4532 2752 4600 γὰρ
2789 4531 2886 4601 τὴν
2933 4534 2999 4585 ἐκ
3028 4535 3124 4602 τῆς
3151 4537 3458 4606 προσευχῆς
3495 4535 3662 4590 ἀναδι-

2106 4619 2336 4689 δομένην
2375 4620 2676 4692 καρδιακὴν
2712 4622 2940 4692 θέρμην,
2974 4624 3049 4687 ὡς
3094 4626 3203 4678 ἀπὺ
3241 4629 3412 4696 πυρὸς
3446 4628 3657 4694 καιόμε-

2107 4729 2187 4764 νοι
2221 4713 2534 4780 φεύγουσιν.
2575 4713 2772 4783 Ἰησοῦ,
2811 4716 2973 4784 φησὶν
3016 4717 3045 4768 ὁ
3082 4717 3181 4786 τῆς
3229 4719 3526 4788 Κλίμακος,
3551 4719 3661 4770 ὀνό-

2111 4820 2239 4868 ματι
2298 4803 2526 4872 μάστιζε
2584 4805 2895 4874 πολεμίους.
2951 4809 3095 4859 Διότι
3133 4810 3161 4860 ὀ
3194 4809 3325 4872 Θεὸς
3367 4810 3519 4880 ἡμῶν
3559 4810 3660 4876 πῦρ

2109 4894 2505 4948 καταναλίσκον
2534 4895 2651 4948 ἐστὶ
2672 4895 2772 4965 τὴν
2805 4896 3128 4967 μοχθηρίαν.
3172 4897 3230 4950 '0
3260 4905 3426 4969 ταχὺς
3447 4904 3520 4961 είς
3541 4900 3658 4968 βοή·

2109 4983 2259 5034 θειαν
2281 4983 2484 5053 Κύριος
2515 4986 2730 5054 ποιήσει
2771 4986 2871 5055 τὴν
2898 4986 3175 5054 ἐκδίκησιν
3205 4988 3409 5052 εὐθέως
3440 4991 3537 5042 τῶν
3554 4990 3659 5043 ὀλο-

2108 5075 2291 5144 ψύχως
2329 5076 2575 5143 βοώντων
2598 5079 2735 5145 πρὸς
2766 5078 2930 5131 αὑτὸν
2978 5078 3191 5149 ἡμέρας
3239 5083 3334 5134 καὶ
3361 5084 3561 5144 vum-6;.
3599 5081 3656 5133 '0

2107 5168 2163 5219 δέ
2203 5168 2276 5236 μὴ
2307 5167 2444 5237 ἔχων
2474 5168 2755 5237 ἐνέργειαν
2791 5171 3121 5240 προσευχῆς,
3148 5169 3502 5242 ’ἀλλοτρόπως
3543 5188 3654 5238 τρο·

2111 5258 2304 5310 ποῦται
2351 5259 2568 5322 αὐτοὺς,
2599 5260 2692 5311 τὸν
2720 5261 2924 5313 Μωσέα
2967 5259 3325 5328 μιμούμενος.
3358 5261 3651 5332 Διεγερθέν-

2109 5367 2197 5412 τος
2228 5351 2359 5419 γὰρ,
2392 5351 2577 5412 καὶείς
2599 5350 2826 5419 οὐρανὸν
2858 5352 3199 5414 ὲκτείναντος
3229 5355 3326 5416 τὰς
3350 5357 3524 5422 χεῖρας
3568 5351 3650 5402 καὶ

2109 5443 2168 5494 τὸ
2190 5442 2364 5511 ὄμμα,
2403 5441 2698 5508 φυγαδεύει
2731 5443 2927 5504 αὐτοὺς
2956 5443 2984 5495 ὁ
3016 5444 3168 5506 Θεὸς.
3205 5439 3337 5497 Εἶτα
3365 5446 3513 5497 πάλιν
3536 5443 3644 5494 καθ-

2109 5533 2306 5598 εσθεὶς,
2352 5535 2579 5605 ἄρχεται
2625 5535 2724 5604 τῆς
2772 5533 3074 5604 προσευχῆς
3108 5535 3406 5604 ἐπιμόνως’
3437 5535 3518 5590 καὶ
3543 5531 3647 5584 rosio
