3960 6190
397 229 535 293 ῙὪἎ

1434 244 1839 304 PIL'ECEPT-l
1885 248 1983 304 AI)
2030 252 2584 319 llESYCIIASTAS.

3495 260 3629 327 1336

392 376 467 426 τῳ
492 355 565 425 τῷ
616 357 797 424 τρόπῳ
829 357 1043 425 χρᾶται,
1078 358 1104 408 ό
1136 357 1299 426 μήπω
1355 360 1687 427 κεκτημένος
1727 362 1954 432 δύναμιν

2066 378 2243 420 rontra
2300 384 2590 437 corporeas
2660 376 2960 440 passiones,
3014 376 3253 431 accdiam
3323 377 3527 432 scilicet
3569 394 3633 432 ac

395 449 723 519 προσευχῆς,
761 448 893 503 ἀλλὰ
927 451 1018 501 καὶ
1038 451 1065 500 6
1114 449 1249 517 ἔχων
1276 450 1371 519 τὴν
1401 452 1495 518 τῆς
1528 455 1837 523 προσευχῆς
1866 457 1955 507 ἐν-

393 544 631 612 ἐργειαν,
654 543 746 594 ἐπὶ
792 543 897 595 τῶν
925 541 1254 611 σωματικῶν
1290 542 1499 604 παθῶν,
1539 544 1767 613 ἀκηδίας
1790 549 1955 614 φημὶ,

392 637 482 687 καὶ
504 634 779 703 πορνείας,
825 634 934 686 τῶν
969 634 1217 704 σκληρῶν
1248 634 1344 685 καὶ
1377 633 1693 701 βαρυτέρων
1741 637 1950 699 παθῶν,

395 722 649 784 πολλάκις
682 723 1049 793 ἐγειρόμενος,
1106 721 1337 774 ἐκτείνει
1372 720 1469 781 τὰς
1500 722 1687 789 χεῖρας
1718 722 1797 783 είς
1828 722 1953 793 βοή-

391 815 542 866 θειαν
590 816 707 867 κατ’
738 814 933 867 αὐτῶν.
968 813 1111 881 Πλὴν
1159 812 1402 881 ὀλιγάκις
1461 812 1547 864 διὰ
1597 813 1695 882 τὴν
1748 813 1955 882 πλάνην

392 907 549 959 τοῦτο
584 909 745 969 ποιεῖ,
798 906 889 957 καὶ
915 906 1074 958 πάλιν
1104 903 1416 969 καθέζεται,
1474 906 1671 973 μήπως
1707 905 1954 975 φαντάσῃ

392 999 481 1051 τὸν
515 999 637 1051 νοῦν
659 997 821 1050 αὑτοῦ
855 998 882 1048 6
908 997 1098 1066 ἐχθρὸς
1128 996 1353 1059 ἄνωθεν,
1383 996 1665 1064 μόρφωσιν
1697 996 1955 1066 ἀληθείας

392 1088 552 1158 δῆθεν
572 1087 804 1150 δεικνύς.
834 1088 906 1139 Τὸ
936 1087 1042 1153 γὰρ
1070 1085 1318 1155 ἔχειντὸν
1355 1084 1478 1137 νοῦν
1510 1086 1642 1147 ἄνω,
1670 1086 1759 1137 καὶ
1785 1088 1952 1149 κάτω,

2060 458 2352 527 luxuriam,
2382 463 2544 519 duras
2602 468 3065 535 gravissimasque
3112 468 3457 535 cupiditates,
3487 485 3631 542 saepe

2055 563 2301 619 surgens.
2336 554 2508 606 tendit
2559 571 2747 609 manus
2801 557 2866 608 ad
2924 557 3181 610 auxilium
3212 558 3471 611 adversus
3509 572 3626 611 eas.

2055 640 2195 695 llaro
2219 651 2421 705 tamen,
2446 656 2584 697 metu
2612 648 2835 709 erroris,
2860 649 2957 702 hoc
2980 648 3127 711 facit,
3151 658 3205 702 et
3232 650 3425 700 iterum
3453 648 3624 713 sedet,

2057 746 2125 784 ne
2184 734 2348 785 menti
2395 749 2504 787 suae
2546 736 2729 787 illudut
2768 737 2997 805 desuper
3044 739 3319 800 inimicus,
3388 736 3620 804 effigiem

2053 821 2259 876 scilicet
2316 824 2557 878 veritatis
2610 826 2895 881 exhibens.
2955 826 3086 881 Nam
3145 829 3344 882 habere
3384 840 3619 885 mentem

2053 926 2292 975 sursum,
2331 924 2384 968 et
2425 914 2701 978 deorsum,
2754 925 2805 969 ct
2848 918 2902 970 in
2932 918 3117 978 corde,
3147 927 3202 971 et
3234 919 3436 985 ubique
3484 921 3625 975 inof-

2051 1000 2279 1067 fensam,
2305 1014 2359 1056 et
2392 1004 2712 1059 incolumem
2743 1022 2985 1071 servare,
3009 1008 3138 1062 solis
3165 1010 3423 1076 competit
3457 1025 3613 1065 mun-

2049 1090 2131 1144 dis
2163 1104 2327 1159 atque
2365 1095 2636 1162 perfectis.

401 1184 497 1273 καλ.
527 1185 582 1231 ἐν
612 1184 832 1253 καρδίᾳ,
885 1186 976 1237 καὶ
1036 1186 1316 1256 πανταχοῦ
1361 1188 1685 1273 ἄπταιστον,
1747 1194 1922 1259 μόνων
1958 1190 2087 1241 ἴδιόν
2143 1192 2259 1242 ἐστι
2288 1191 2394 1240 τῶν
2437 1188 2695 1258 καθαρῶν
2721 1188 2814 1240 κα)⁵
2840 1187 3087 1253 τελείων,
3119 1187 3335 1258 ἀϐλαϐῆ
3364 1186 3627 1255 διατηρῆ-

401 1270 514 1306 σαι.

750 1348 883 1416 Περὶ
908 1350 1011 1401 τοῦ
1046 1348 1168 1414 πῶς
1191 1349 1284 1402 δεῖ
1316 1350 1598 1417 ψάλλειν.

469 1459 529 1510 Οἱ
572 1460 670 1526 μὲν
699 1460 940 1527 ὀλιγάκις
994 1462 1260 1528 λέγουσιν,
1296 1463 1344 1513 οἱ
1372 1463 1427 1514 δὲ
1474 1462 1750 1525 πολλάκις,
1780 1464 1955 1533 ἕτεροι

396 1548 452 1600 δὲ
479 1548 587 1600 οὐδ’
617 1550 769 1611 ὅλως.
805 1551 873 1603 Σὺ
902 1551 955 1603 δὲ
1001 1552 1139 1621 μήτε
1179 1552 1436 1615 πολλάκις
1462 1551 1649 1621 eam,
1700 1554 1960 1621 σύγχυσις

397 1639 503 1704 γάρ
526 1654 539 1667 ⁸
569 1640 703 1708 μήτε
761 1640 868 1692 οὐδ’
899 1640 1055 1704 ὅλως,
1078 1641 1163 1693 διὰ
1195 1641 1292 1710 τὴν
1324 1642 1792 1694 ἐπακολουθοῦσαν
1826 1641 1957 1710 χαύ-

400 1744 561 1779 νωσιν
609 1728 700 1779 καὶ
736 1730 995 1797 ἀμέλειαν
1016 1747 1030 1760 ·
1072 1731 1206 1783 ἀλλὰ
1232 1732 1357 1794 τοὺς
1386 1720 1631 1799 ὀλιγάκις
1660 1733 1960 1800 ψάλλοντας

399 1829 657 1895 μίμησαι.
696 1828 808 1880 Πᾶν
834 1829 941 1896 γάρ
974 1828 1168 1898 μέτρον
1219 1827 1459 1895 ἄριστον,
1489 1828 1626 1880 κατὰ
1672 1829 1795 1890 τοὺς
1834 1824 1962 1879 ἀξιοο

400 1934 530 1985 φους
559 1919 773 1986 σοφούς.
797 1919 870 1971 Τὸ
901 1918 1007 1988 γὰρ
1039 1919 1206 1971 πολλὰ
1235 1918 1456 1986 ψάλλειν
1492 1920 1599 1970 τῶν
1651 1918 1967 1984 πρακτικῶν

400 2006 536 2069 ἐστι,
570 2005 656 2056 διά
680 2005 777 2074 τὴν
804 2005 1078 2073 ἀγνωσίαν
1120 2007 1212 2057 καὶ
1238 2007 1327 2057 τὸν
1359 2006 1548 2068 κόπον,
1580 2004 1638 2055 οῦ
1687 2003 1793 2053 τῶν
1830 2007 1965 2069 ὴσυ-

400 2096 634 2163 χαστῶν,
688 2097 1039 2166 ἀρκουμένων
1081 2098 1139 2147 ὲν
1166 2096 1282 2165 Θεῴ
1319 2097 1463 2165 μόνῳ
1486 2095 1877 2164 προσεύχεσθαι
1912 2095 1967 2143 ἐν

400 2186 615 2255 καρδία,
648 2188 741 2239 καὶ¹
780 2188 1076 2256 ἀπέχεσθαι
1105 2188 1407 2255 νοημάτων.
1438 2186 1662 2255 Ἡσυχία
1688 2186 1793 2255 γάρ
1822 2186 1967 2235 ἐστιν

399 2275 657 2338 ἀπόθεσις
688 2278 975 2345 νοημάτων
1021 2278 1293 2346 αἰσθητῶν
1333 2295 1389 2329 τε
1424 2278 1521 2329 καὶ
1559 2276 1788 2347 νοητῶν,
1826 2276 1967 2327 κατὰ

400 2370 490 2420 τὸν
538 2369 634 2436 τῆς
666 2369 965 2433 Κλίμακος.
1000 2369 1110 2437 Τὴν
1159 2368 1265 2436 γὰρ
1296 2367 1519 2436 δύναμιν
1558 2365 1723 2419 αὐτοῦ
1786 2365 1965 2416 πᾶσαν
1989 2355 2004 2366 ⁸

401 2460 731 2519 κενώσαντος
753 2461 809 2513 ὲν
839 2462 904 2530 τῇ
941 2459 1109 2529 πολλῇ
1144 2458 1449 2528 ψαλμῳδία,
1486 2458 1737 2527 ἀτονήσει
1783 2458 1810 2508 6
1844 2454 1965 2516 νοῦς

400 2551 477 2611 εἰς
508 2550 567 2601 τὸ
587 2550 661 2618 μὴ
690 2551 965 2618 κραταιῶς
992 2551 1083 2602 καὶ
1105 2549 1377 2615 ὲπιμόνως
1404 2547 1817 2618 προσεύχεσθαι.
1851 2546 1965 2596 N5-

399 2660 546 2711 κτωρ
574 2643 691 2713 μὲν,
716 2644 879 2714 φησὶν
906 2645 933 2695 ὀ
963 2645 1059 2711 τῆς
1081 2642 1383 2710 Κλίμακος,
1419 2642 1485 2693 τὰ
1510 2640 1678 2692 πολλὰ
1708 2642 1771 2708 τῇ
1796 2654 1964 2707 προσ-

396 2738 527 2804 ευχῇ
596 2735 873 2800 δίδου,τὰ
942 2734 999 2787 δὲ
1062 2733 1269 2803 βραχέα
1318 2736 1383 2803 τῇ
1436 2732 1746 2801 ψαλμῳδίᾳ.
1806 2730 1961 2783 Οῦτω

396 2832 487 2882 καὶ
520 2831 583 2881 σὺ
623 2829 856 2896 ὀφείλεις
906 2831 1097 2880 ποιεῖν.
1132 2830 1259 2879 Ὅτε
1312 2826 1426 2895 ἴδῃς
1460 2829 1516 2878 ὲν
1545 2825 1624 2893 τῷ
1668 2822 1964 2890 καθίσματί

400 2939 490 2972 σου
520 2919 846 2989 ἐνεργοῦσαν
901 2920 997 2987 τὴν
1028 2920 1335 2989 προσευχὴν
1386 2918 1479 2970 καὶ
1529 2916 1605 2985 μὴ
1650 2915 1965 2983 παυομένην
1991 2951 2036 3011 C

396 3010 663 3063 καθεῖσθαι
694 3012 752 3062 ὲν
777 3013 843 3079 τῇ
879 3010 1094 3079 καρδία,
1152 3013 1359 3077 μήποτε
1392 3010 1609 3078 ἀφήσῃς
1642 3004 1833 3074 αὐτὴν,
1869 3002 1963 3054 καὶ

396 3102 711 3156 ἀνίστασθαι
751 3104 971 3172 ψάλλειν
999 3104 1101 3163 ἕως
1127 3101 1339 3171 καιροῦ,
1378 3100 1470 3151 ἐὰν
1504 3100 1577 3168 μὴ
1606 3095 1963 3165 οἰκονομικῶς

396 3195 698 3267 καταλείφῃ
725 3212 803 3250 σε.
830 3196 932 3247 Τὸν
958 3195 1066 3264 γάρ
1094 3194 1226 3246 Θεὸν
1259 3192 1574 3248 καταλιπὼν
1592 3190 1810 3252 ἔσωθεν,
1830 3188 1962 3251 ἔξω·

396 3290 485 3341 θεν
532 3289 748 3340 ἴστασαι
799 3286 1137 3358 προσλαλῶν,
1167 3289 1230 3338 ὲκ
1260 3284 1365 3340 τῶν
1401 3283 1619 3352 ὑψηλῶν
1651 3284 1728 3344 εἰς
1766 3282 1833 3334 τὰ
1861 3294 1960 3350 xar-

396 3379 636 3448 μαιπετῆ
689 3378 1098 3449 παρεκκλίνωψ
1134 3377 1270 3430 ἀλλὰ
1316 3377 1409 3429 καὶ
1446 3375 1705 3444 σύγχυσιν
1765 3376 1955 3435 ποιεῖς,

397 3469 608 3524 καὶτὸν
651 3469 772 3523 νοῦν
808 3470 1162 3540 ὲκταράττεις
1193 3467 1302 3521 ἀπὸ
1344 3467 1446 3535 τῆς
1492 3466 1733 3535 γαλήνης
1763 3462 1954 3517 αὐτοῦ’

395 3562 593 3631 ἡσυχία
625 3564 754 3633 γὰρ,
782 3562 919 3616 κατά
956 3562 1017 3614 τὸ
1042 3561 1212 3630 ὄνομα
1260 3560 1452 3627 αὐτῆς,
1484 3558 1576 3610 καὶ
1612 3557 1711 3627 τὴν
1762 3554 1959 3623 πρᾶξιν

394 3656 673 3724 κέκτηται,
713 3654 801 3707 διὰ
820 3654 879 3708 τὸ
911 3656 970 3707 ἐν
1000 3654 1189 3724 εἰρήνῃ
1226 3654 1321 3703 καὶ
1347 3643 1556 3720 γαλήνῃ
1597 3648 1740 3719 ἔχειν
1767 3648 1955 3715 αὑτήν.

403 3747 462 3797 Ὀ
487 3746 617 3807 θεὸς
655 3746 761 3815 γάρ
805 3747 993 3815 εἰρήνη
1055 3746 1191 3807 ἐστὶ,
1230 3742 1544 3811 συγχύσεως
1576 3741 1668 3794 καὶ
1708 3739 1957 3809 κραυγῆς

391 3838 663 3889 ἐπέκεινα.
709 3839 799 3888 Δεῖ
848 3837 958 3904 γάρ
1006 3833 1297 3903 ἀγγελικὸν
1335 3831 1473 3886 εἶναι
1522 3832 1616 3884 καὶ
1652 3831 1751 3894 τὸν,
1787 3831 1957 3900 ῦμνον

390 3927 545 3996 ημῶν
579 3926 720 3979 κατὰ
747 3926 808 3977 τὸ
843 3925 1164 3991 πολίτευμα,
1216 3922 1310 3975 καὶ
1337 3922 1397 3975 οὺ
1434 3922 1694 3991 σαρκικόν
1716 3938 1727 3951 ⁸
1760 3921 1819 3972 τὸ
1850 3923 1956 3988 γὰρ

392 4017 529 4086 μετὰ
565 4020 745 4085 φωνῆς
785 4019 843 4068 ὲν
900 4018 1113 4085 κραυγῇ
1175 4014 1394 4080 ψάλλειν
1464 4012 1789 4081 συμϐολικόν
1840 4014 1954 4063 ὲστι

389 4110 579 4177 νοερᾶς
614 4107 881 4176 κραυγῆς,
930 4108 1024 4159 καὶ
1070 4106 1157 4158 διὰ
1184 4108 1281 4173 τὴν
1315 4104 1589 4174 ρᾳθυμίαν
1642 4104 1736 4155 καὶ¹
1766 4103 1954 4172 ἀγροι-

388 4199 509 4250 κίαν
532 4198 686 4267 ἡμῶν
708 4197 927 4259 δίδοται,
963 4197 1050 4249 διὰ
1074 4197 1135 4248 τὸ
1160 4195 1532 4262 ὲπανάγεσθαι
1569 4194 1706 4263 πρὸς
1739 4193 1786 4245 τ’
1826 4194 1956 4260 ἁλη-

3610 1323 3633 1341 ἱ

2443 1354 2715 1419 Quomodo
2754 1355 2978 1419 psallere
3011 1365 3267 1420 oporteat.

2140 1467 2244 1520 Alii
2308 1466 2499 1520 dicunt
2562 1481 2707 1529 raro,
2750 1467 2839 1518 alii
2893 1482 3055 1532 sepe,
3092 1465 3181 1517 alii
3229 1479 3527 1533 nunquam.
3558 1463 3640 1516 Τιι

2072 1572 2199 1609 vero
2252 1573 2352 1611 nec
2410 1572 2549 1625 saepe
2587 1557 2772 1625 psalle,
2812 1572 2877 1610 ne
2937 1556 3265 1623 perturberis
3302 1574 3314 1618 ;
3355 1570 3454 1610 nec
3503 1571 3645 1607 nun-

2071 1663 2254 1715 quatn,
2308 1662 2376 1701 ne
2427 1657 2684 1714 sequatur
2747 1646 2995 1701 remissio
3020 1655 3073 1699 et
3106 1646 3467 1712 incuria;sed
3519 1661 3643 1698 raro

2074 1738 2366 1805 psallentes
2408 1738 2643 1790 imitare.
2677 1736 2811 1789 Nam
2834 1752 2992 1791 omne
3016 1738 3350 1790 moderatum
3380 1737 3641 1804 optirnum

2071 1838 2171 1894 est,
2195 1827 2346 1896 juxta
2386 1829 2525 1881 haud
2560 1829 2894 1896 desipientes
2920 1829 3210 1896 sapientes.
3246 1827 3468 1879 Mnhum
3498 1828 3641 1879 enim

2072 1918 2325 1987 psallere,
2352 1930 2433 1973 est
2460 1920 2847 1988 practicorum,
2876 1921 3049 1971 adhuc
3077 1928 3231 1971 extra
3257 1920 3465 1985 gunsim
3492 1919 3645 1971 Iaho-

2071 2010 2328 2073 rantium,
2366 2012 2506 2064 haud
2556 2026 2687 2065 vero
2732 2012 3058 2079 quietorum,
3095 2010 3386 2063 valentium
3443 2010 3493 2063 in
3526 2009 3642 2063 solo

2074 2103 2179 2155 Deo
2208 2103 2369 2157 corde
2404 2118 2562 2157 orare
2592 2115 2643 2157 et
2675 2096 3149 2169 acogitationibus
3220 2117 3435 2155 vacare.
3467 2120 3484 2151 (
3535 2101 3643 2153 Νο-

2069 2204 2317 2255 cturnus,
2340 2194 2513 2261 inquit
2545 2194 2771 2257 Climax,
2799 2194 3021 2245 multum
3054 2194 3282 2246 orationi
3329 2193 3418 2257 da,
3448 2207 3641 2260 parum

2070 2284 2398 2350 psalmodiaa.
2448 2306 2466 2336 ι
2495 2284 2584 2336 Sic
2604 2296 2668 2338 et
2702 2294 2756 2337 tu
2789 2285 2966 2337 facere
2996 2284 3183 2338 debes.
3214 2284 3348 2347 Cum
3404 2285 3555 2337 vides
3585 2283 3639 2336 in

2069 2376 2309 2430 sessione
2362 2386 2449 2427 tua
2502 2376 2714 2442 Operari
2767 2376 3069 2428 orationem
3097 2385 3153 2428 et
3182 2374 3551 2428 indesinenter
3582 2375 3634 2425 in

2068 2469 2230 2520 corde
2250 2466 2563 2529 moveri,'ne
2592 2482 2828 2534 unquam
2861 2466 3107 2520 dimittas
3132 2481 3277 2527 eam,
3307 2482 3410 2518 neu
3448 2480 3638 2532 surgas

2071 2569 2129 2611 ut
2165 2560 2366 2624 psallas
2401 2561 2466 2611 ad
2494 2571 2729 2626 tempus,
2755 2558 2855 2609 nisi
2885 2567 2956 2623 te,
2992 2558 3304 2625 providente
3329 2558 3458 2620 Deo,
3488 2556 3642 2610 dere-

2071 2649 2302 2716 linquat.
2350 2649 2482 2703 Nam
2542 2650 2710 2704 Deum
2760 2649 3075 2717 relinquens
3125 2650 3372 2712 interius,
3405 2648 3644 2701 exterius

2068 2753 2180 2794 stas
2201 2741 2583 2809 alloquens,ex
2614 2741 2937 2795 sublimibus
2964 2741 3029 2794 ad
3055 2740 3333 2793 terrestria
3360 2739 3642 2800 deﬂexus;

2068 2833 2196 2900 quin
2228 2832 2391 2886 etiam
2429 2832 2800 2887 confusionem
2828 2831 2998 2894 facis,
3028 2842 3083 2885 et
3111 2840 3344 2883 mentem
3391 2829 3647 2882 exturbas

2068 2938 2097 2975 a
2142 2938 2236 2975 sua
2292 2923 2724 2991 tranquillitate;
2781 2937 2972 2992 nempe
2998 2922 3173 2989 quies,
3206 2930 3263 2974 ut
3297 2919 3499 2973 indicat
3540 2932 3641 2971 no-

2073 3032 2194 3067 tuen
2246 3015 2387 3083 ejus,
2421 3016 2487 3069 ad
2535 3017 2744 3083 praxim
2800 3030 2861 3070 se
2894 3016 3161 3077 extendit,
3185 3023 3245 3067 ut
3277 3030 3395 3069 eam
3429 3015 3482 3067 in
3515 3027 3646 3080 pace

2069 3107 2475 3174 serenitateque
2505 3116 2703 3160 teneat.
2738 3106 2880 3160 Deus
2910 3106 3053 3160 enim
3086 3120 3185 3173 pax
3219 3113 3324 3169 est,
3362 3104 3478 3157 sine
3519 3118 3648 3157 con-

2067 3196 2281 3252 fusione
2314 3213 2378 3253 ac
2410 3198 2665 3252 tumultu.
2698 3196 2925 3267 Oportet
2972 3198 3131 3266 igitur
3173 3196 3476 3266 angelicum
3527 3210 3648 3250 esse

2068 3287 2330 3357 hymnum
2372 3300 2614 3343 nostrum
2650 3301 2812 3358 atque
2844 3299 3073 3355 statum,
3101 3289 3245 3342 haud
3285 3303 3420 3341 vero
3456 3302 3651 3342 carna-

2068 3378 2194 3432 lem.
2230 3377 2364 3432 Nam
2419 3395 2540 3433 cmn
2579 3396 2712 3435 voce
2753 3381 2991 3436 clamosa
3026 3382 3283 3448 psallere,
3314 3382 3529 3450 signum
3565 3389 3648 3433 est

2067 3469 2285 3536 trepidae
2318 3470 2535 3535 mentis,
2555 3481 2840 3539 etpropter
2874 3472 3163 3540 segnitiem
3197 3480 3251 3524 et
3284 3471 3640 3524 rusticitatem

2064 3570 2306 3614 nostram
2350 3562 2685 3625 conceditur,
2717 3570 2776 3614 ut
2815 3562 2882 3614 ad
2934 3562 3227 3615 veritatem
3283 3569 3646 3615 revertamur.

2062 3647 2448 3703 Nescientibus
2496 3651 2640 3704 enim
2675 3648 2980 3703 orationem
3010 3662 3155 3711 esse,
3189 3658 3248 3701 ut
3294 3648 3368 3701 ait
3401 3645 3640 3701 Joannes

2063 3742 2295 3805 Climax,
2333 3742 2535 3797 fontem
2573 3742 2833 3797 virtutum
2866 3742 3058 3795 insitas
3108 3742 3302 3794 animae
3333 3740 3477 3794 vires
3498 3739 3640 3792 'irri-

2065 3843 2299 3905 gantem,
2325 3835 2582 3889 convenit
2610 3835 2839 3887 multum
2869 3834 3122 3901 psallere,
3143 3842 3197 3884 et
3216 3832 3334 3885 sine
3356 3845 3637 3891 mensura,

2063 3936 2116 3979 et
2143 3939 2356 3993 semper
2385 3926 2594 3978 variare
2622 3925 2811 3986 multa,
2830 3935 2883 3978 et
2904 3939 3177 3992 nunquam
3204 3936 3440 3985 cessare,
3464 3925 3636 3975 donec

2063 4031 2092 4068 a
2156 4016 2321 4069 multa
2378 4016 2753 4083 laboriosaque
2810 4015 2962 4083 praxi
3013 4013 3080 4067 ad
3118 4013 3633 4081 contemplationem

2062 4107 2370 4174 progressi,
2428 4107 2732 4160 orationem
2812 4105 3104 4160 mentalem
3166 4105 3440 4157 inveniant
3502 4103 3644 4157 intra

2065 4196 2210 4263 ipsos
2254 4205 2592 4264 operantem.
2632 4195 2749 4249 Alia
2778 4195 2977 4264 quippe
3020 4205 3103 4250 est
3136 4196 3333 4264 quietis
3360 4194 3564 4261 praxis,
3591 4204 3642 4246 et

387 4292 474 4360 θῆ.
505 4292 629 4353 Τοῖς
656 4291 761 4360 γὰρ
806 4290 879 4360 μὴ
907 4289 1069 4342 εἰδόσι
1118 4287 1443 4359 προσευχὴν,
1483 4288 1619 4357 ὅπερ
1652 4285 1801 4339 ἐστὶν
1825 4286 1951 4356 ἀρε-

2067 4286 2170 4341 alia
2227 4287 2545 4351 cmnobitaa;
2609 4289 2978 4355 unusquisque
3025 4296 3204 4340 autem
3267 4284 3318 4337 in
3358 4284 3643 4338 vocatione

384 4381 490 4431 τῶν
518 4381 688 4447 πηγὴ,
716 4378 854 4432 κατὰ
874 4380 965 4431 τὸν
990 4378 1087 4447 τῆς
1112 4379 1388 4447 Κλίμακος
1407 4378 1677 4446 Ἰωάννην,
1702 4376 1954 4445 ἀρδεύου-

388 4486 452 4521 σα
477 4470 618 4536 φυτὰ
651 4471 748 4532 τὰς
782 4470 881 4539 τῆς
909 4469 1083 4539 ψυχῆς
1113 4468 1389 4538 δυνάμεις,
1444 4468 1645 4539 πρέπει
1693 4468 1753 4519 τὸ
1785 4466 1954 4519 πολλά

383 4559 621 4628 ψάλλειν,
659 4559 753 4611 καὶ
793 4560 1069 4627 ἀμέτρως,
1116 4557 1210 4611 καὶ
1247 4557 1334 4609 ἀεὶ
1367 4560 1424 4609 ἐν
1471 4556 1715 4627 ποικιλίᾳ
1746 4555 1953 4609 πολλῶν

385 4648 543 4716 εἶναι,
588 4651 683 4704 καὶ
716 4649 986 4720 μηδέποτε
1048 4649 1336 4712 παύεσθαι,
1383 4649 1488 4711 ἕως
1518 4649 1582 4701 ἂν
1612 4648 1719 4701 ἀπὸ
1754 4648 1953 4716 πολλῆς

383 4742 637 4794 ἐπιπόνου
677 4740 928 4810 πράξεως
970 4742 1049 4803 είς
1084 4740 1319 4809 θεωρίαν
1350 4738 1689 4809 προκόψωσι,
1721 4755 1951 4807 προσευο

382 4832 480 4903 χὴν
544 4832 735 4903 νοεράν
788 4832 1121 4900 εὑρηκότες,
1176 4831 1504 4901 ἐνεργοῦσαν
1555 4831 1705 4892 ἐντὸς
1748 4829 1947 4883 αὐτῶν.

387 4924 554 4994 ’Λλλη
582 4926 690 4995 γάρ
714 4925 829 4977 ἐστι
858 4924 958 4993 τῆς
996 4925 1223 4993 ἡσυχίας
1249 4926 1281 4993 η
1318 4924 1535 4991 πρᾶξις,
1561 4925 1654 4975 καὶ
1676 4923 1838 4991 ἑτέρα
1856 4920 1948 4974 τοῦ

384 5016 671 5069 κοινοὸίου.
698 5018 964 5079 Ἕκαστος
995 5016 1051 5069 δὲ
1080 5019 1136 5069 ἐν
1173 5011 1215 5083 ᾧ
1243 5017 1444 5085 ἐκλήθη
1474 5016 1819 5086 προσμένων,
1844 5031 1950 5066 σω-

384 5111 624 5179 θήσεται.
652 5110 743 5161 Διὸ
779 5109 994 5163 δέδοικα
1013 5109 1241 5178 γράφειν
1270 5109 1355 5184 διρι
1372 5109 1496 5171 τοὺς
1524 5109 1785 5170 ἀσθενεῖς,
1810 5106 1949 5176 ὀρῶν

387 5218 445 5253 σε
499 5202 660 5270 μέσον
720 5203 925 5254 τούτων
962 5201 1452 5272 ἀναστρεφόμενον.
1522 5202 1635 5264 Πᾶς
1677 5202 1783 5270 γὰρ
1816 5202 1847 5253 6
1891 5198 1967 5262 EE

382 5293 570 5362 ἀκοῆς,
607 5293 637 5361 ἧ
678 5292 960 5363 μαθήσεως
993 5295 1050 5345 ὲν
1092 5296 1363 5364 προσευχῇ
1422 5292 1666 5362 πάσχων,
1717 5292 1949 5345 ἀπόλλυ-

381 5402 490 5445 ται,
521 5384 595 5446 ὡς
622 5385 711 5437 τὸν
753 5385 1050 5454 ὀδηγοῦντα
1083 5387 1157 5454 μὴ
1193 5387 1558 5455 κεκτημένος·
1593 5387 1620 5436 6
1651 5385 1706 5437 δὲ
1746 5384 1946 5451 γευσά-

386 5493 542 5543 μενος
569 5476 663 5545 τῆς
694 5477 932 5546 χάριτος,
952 5478 1155 5544 ὀφείλει
1188 5479 1515 5546 συμμέτρως
1539 5476 1777 5544 ψάλλειν,
1813 5477 1948 5527 κατὰ

385 5570 505 5630 τοὺς
563 5569 831 5637 Πατέρας,
893 5566 1235 5622 τὸ¹πλεῖστον
1271 5569 1665 5639 ἀσχολούμενος
1724 5571 1801 5631 είς
1850 5567 1946 5638 τὴν

2062 4394 2159 4434 sua
2212 4394 2556 4449 permanens,
2589 4379 2907 4433 salvahitur.
2941 4379 3125 4447 Itaque
3160 4393 3353 4432 vereor
3396 4378 3639 4430 scribere

2062 4480 2280 4540 propter
2320 4472 2547 4534 debiles,
2585 4472 2774 4524 videns
2834 4480 2885 4523 te
2940 4469 3178 4523 medium
3222 4470 3360 4523 inter
3387 4484 3480 4523 eos
3507 4484 3636 4521 con-

2062 4572 2392 4617 versantem.
2437 4561 2695 4630 Quisquis
2740 4562 2887 4614 enim
2950 4576 3018 4615 ex
3068 4560 3208 4614 fama
3257 4570 3311 4614 et
3360 4560 3639 4613 auditione

2065 4654 2296 4707 orationi
2331 4655 2557 4723 passiva:
2601 4664 2775 4718 vacat,
2809 4666 3023 4719 pessum
3054 4653 3116 4712 it,
3149 4654 3273 4719 quia
3310 4652 3496 4706 ducem
3529 4667 3636 4703 non

2066 4745 2263 4800 habet:
2314 4746 2405 4813 qui
2460 4753 2640 4797 autem
2684 4744 2920 4811 gustavit
2989 4742 3240 4811 gratiam,
3299 4740 3461 4793 debet
3512 4758 3631 4793 cum

2065 4850 2315 4891 mensura
2357 4835 2609 4905 psallere,
2637 4835 2956 4903 plerumque
3004 4833 3235 4886 orationi
3269 4848 3510 4896 vacans;
3546 4835 3638 4901 qui

2064 4942 2193 4982 vero
2252 4926 2434 4996 segnis
2489 4936 2602 4989 est,
2638 4924 2832 4994 psallat
2885 4924 3132 4993 legatque
3194 4938 3356 4990 opera
3417 4923 3636 4975 Patrum

2062 5018 2322 5088 practica.
2360 5016 2636 5087 Siquidem
2674 5032 2777 5071 non
2804 5018 2969 5071 remis
3001 5015 3205 5085 indiget
3237 5016 3409 5077 navis,
3472 5026 3649 5069 vento

2063 5114 2182 5166 vela
2244 5112 2482 5176 inflante,
2526 5112 2815 5164 secundam
2873 5124 3063 5179 nempe
3117 5125 3302 5163 auram
3348 5112 3395 5162 ei
3444 5110 3632 5177 spiritu

2063 5203 2283 5257 alllante
2319 5203 2384 5256 ad
2433 5204 2664 5257 strictim
2694 5201 2983 5254 lahcndum
3019 5202 3071 5253 in
3105 5201 3247 5253 salso
3279 5201 3632 5270 cupiditatum

2068 5297 2224 5360 mari,
2252 5295 2344 5349 sed
2400 5295 2711 5359 immorata,
2733 5294 2901 5345 remis
2932 5301 3024 5344 aut
3052 5291 3238 5360 cymba
3294 5291 3550 5343 trahitur.
3580 5290 3634 5341 Si

2065 5388 2153 5454 qui
2215 5401 2341 5440 vero
2402 5386 2685 5439 ambitiose
2740 5384 2999 5453 objiciunt
3048 5392 3264 5435 sanctos
3311 5381 3515 5447 Patres,
3549 5391 3644 5436 ant

2067 5479 2277 5546 aliquos
2323 5491 2465 5529 nunc
2507 5476 2787 5543 degentes,
2827 5488 3078 5542 tanquam
3106 5482 3211 5525 lora
3248 5482 3405 5523 not-te
3437 5483 3642 5528 stantes

2066 5580 2117 5624 ct
2165 5570 2421 5624 iacientes
2456 5566 2828 5637 psalmodiam,
2862 5565 2964 5620 illis
2996 5580 3058 5620 ex
3103 5563 3383 5633 Scriptura
3418 5580 3636 5637 respon-
