3960 6190
1813 95 1838 117 κ

383 213 518 277 1335

1640 213 1683 271 G
1699 211 1945 270 REGOR
1962 209 2021 268 ll
2065 204 2396 268 SlNAIT/E

3489 183 3622 247 1326

377 329 566 378 demus
617 339 722 377 non
768 324 1024 379 omnibus
1068 323 1248 377 omnia
1284 338 1402 376 esse
1433 321 1695 388 perfecta,
1731 332 1948 388 propter

2071 321 2366 393 προσευχήν
2392 336 2408 349 τ
2460 313 2719 386 ῥᾳθυμῶν
2749 310 2833 374 δὲ,
2875 306 3117 378 ψάλλειν,
3156 303 3189 372 ἢ
3224 298 3621 393 ἀναγινώσκειν

375 415 542 469 studii
583 417 862 482 penuriam
918 425 971 467 et
1017 414 1232 466 virtutis
1291 413 1601 474 defeetum,
1635 417 1727 465 sed
1784 429 1946 478 parva

373 505 588 574 magnis
623 519 728 556 non
757 518 878 557 esse
913 517 1137 570 prorsus
1181 518 1367 570 parva,
1404 519 1502 556 nec
1539 517 1732 571 magna
1767 503 1951 568 parvis

377 596 591 664 penitus
635 609 845 661 magna.
898 592 1031 645 Natu
1089 593 1346 662 perfectis
1378 595 1560 646 omnia
1595 599 1720 647 Sunt
1768 592 1947 644 facilia

375 694 624 752 Operattt.
687 684 811 738 Ideo
853 691 958 736 non
1017 699 1208 738 omnes
1249 693 1374 736 sunt
1419 698 1653 750 semper,
1692 696 1837 734 nunc
1869 682 1950 733 vel

374 775 529 840 olim,
559 775 811 843 practici.
850 789 946 828 nec
979 788 1169 828 omnes
1195 776 1440 829 eamdem
1466 776 1606 828 viam
1642 784 1948 839 tenuerunt,

375 873 472 919 aut
518 879 688 932 usque
733 867 800 917 ad
851 865 1011 919 ﬁdem
1067 878 1449 920 servaverunt.
1505 866 1656 920 Multi
1722 868 1870 920 enim
1924 884 1952 916 a

379 957 530 1025 praxi
561 959 903 1012 devenerunt
929 957 996 1011 ad
1025 949 1566 1027 contemplationem,
1591 967 1645 1011 et
1679 959 1748 1012 ab
1779 960 1954 1012 omni-

378 1050 479 1102 bus
530 1048 947 1115 requieverunt.
998 1048 1297 1102 Sabbatum
1367 1049 1736 1103 custodientes
1803 1048 1953 1116 juxta

379 1136 550 1206 legem
585 1135 842 1205 Spiritus,
885 1145 938 1190 et
975 1136 1030 1190 in
1062 1137 1177 1190 solo
1208 1138 1319 1190 Deo
1358 1137 1521 1190 laetati
1557 1146 1705 1198 sunt,
1758 1137 1957 1189 divinis

379 1228 558 1281 satiati
597 1227 829 1288 deliciis,
860 1237 915 1280 et
961 1227 1137 1296 gratia
1173 1226 1436 1295 prohibiti
1465 1242 1492 1278 a
1531 1226 1812 1294 psallendo
1856 1223 1958 1276 ali-

347 1318 574 1387 .qnidve
605 1319 749 1372 aliud
782 1317 1111 1379 meditando,
1151 1318 1202 1370 itt
1236 1333 1516 1371 excessum
1553 1318 1688 1382 rapti
1725 1319 1790 1370 ad
1820 1325 1957 1368 tem-

379 1425 501 1478 pus.
545 1422 600 1463 et
661 1418 908 1464 votorum
957 1423 1222 1462 summam
1255 1409 1450 1475 partim
1481 1418 1536 1464 et
1561 1409 1714 1476 quasi
1742 1409 1958 1460 arrham

378 1498 634 1552 assecuti.
684 1498 789 1551 Alii
842 1511 975 1550 vero
1028 1512 1200 1564 usque
1230 1499 1295 1550 ad
1331 1501 1492 1551 tinem
1552 1499 1605 1550 in
1659 1495 1811 1565 praxi
1842 1511 1959 1549 ma-

338 1612 343 1617 ’
379 1601 600 1653 nentes,
625 1592 680 1644 in
706 1591 880 1645 salute
902 1591 1335 1655 obdormieruul,
1365 1592 1670 1645 mercedem
1698 1590 1748 1642 in
1773 1588 1963 1642 futuro

2055 419 2124 468 τά
2148 410 2424 484 πρακτικὰ
2451 408 2558 460 τῶν
2603 404 2876 474 Πατέρων.
2910 400 2984 453 Ού
3019 397 3126 466 γάρ
3179 393 3368 465 χρῄζει
3405 393 3440 461 ἡ
3488 388 3625 451 ναῦς

2057 505 2268 566 κώπας,
2300 501 2392 554 τοῦ
2432 500 2634 568 ἀνέμου
2663 496 2752 548 τὸν
2797 492 3029 561 φώσωνα
3061 486 3494 546 ύπεκτείναντος,
3531 481 3624 532 αἰ-

2059 614 2172 648 σιον
2211 596 2346 662 αὐτῇ
2383 590 2557 660 αὔραν
2584 587 2676 640 τοῦ
2709 584 3019 653 πνεύματος
3053 576 3457 650 χορηγουμένου
3484 573 3626 643 πρὸς

2059 687 2213 756 νῆξιν
2242 681 2574 741 ἐπιπολαίως
2613 678 2711 745 τῆς
2760 674 3008 742 ἁλμυρᾶς
3054 669 3330 735 Θαλάσσης
3367 665 3477 717 τῶν
3511 680 3627 714 πα-

2059 780 2186 841 θῶν,
2215 775 2330 828 ἀλλ’
2385 771 2670 841 ἱσταμένη,
2709 769 2828 828 ταῖς
2873 764 3106 825 κώπαις,
3139 761 3174 832 ἢ
3221 758 3300 828 τῷ
3358 756 3630 826 πλοιαρίῳ

2063 869 2418 940 παρέλκεται.
2451 865 2512 916 Εἰ
2564 861 2619 914 δέ
2651 876 2796 921 τινες
2841 854 3233 926 προϐάλλονται
3274 851 3401 913 τοὺς
3435 849 3629 917 ἁγίους

2061 959 2311 1030 Ιιατέρας
2341 953 2678 1025 φιλονείκως,
2712 949 2746 1019 ἢ
2782 944 3018 1002 ἐνταῦθά
3051 962 3221 1009 τινας,
3264 942 3342 1005 ὡς
3371 943 3455 994 ὅτι
3481 958 3628 994 παν·

2061 1053 2240 1121 νύχιον
2292 1045 2566 1099 ἐποιοῦντο
2612 1041 2833 1100 στάσιν,
2889 1039 2983 1090 καὶ
3040 1035 3380 1089 ἀδιάλειπτον
3441 1032 3629 1100 ψαλμ-

2062 1143 2248 1211 ῳδίαν,
2281 1132 2689 1204 άποκρινόμεθα
2715 1131 2923 1190 τούτοις
2957 1129 3018 1178 ἐκ
3045 1126 3152 1178 τῶν
3173 1123 3424 1194 Γραφῶν,
3449 1124 3529 1175 ὃτι
3562 1123 3626 1174 οὐ

2064 1235 2280 1285 πάντων
2313 1228 2487 1280 πάντα
2515 1224 2693 1277 τέλεια
2725 1221 2790 1274 δι’
2821 1221 3024 1272 ἔνδειαν
3068 1217 3305 1285 σπουδῆς
3353 1214 3448 1267 καὶ
3489 1215 3632 1266 ἀπο-

2064 1324 2185 1394 ρίαν
2211 1321 2510 1388 δυνάμεως,
2533 1315 2668 1368 ἀλλά
2700 1313 2768 1365 τὰ
2802 1312 2900 1380 μὲν
2937 1307 3105 1379 μικρὰ
3149 1309 3260 1368 τοῖς
3286 1306 3541 1376 μεγάλοις
3564 1305 3628 1355 οὐ

2063 1414 2281 1472 πάντως
2308 1408 2498 1478 μικρὰ,
2527 1407 2595 1459 τά
2625 1405 2682 1456 δὲ
2715 1403 2925 1474 μεγάλα
2969 1400 3120 1470 παρὰ
3154 1401 3268 1460 τοῖς
3299 1400 3513 1467 μικροῖς
3563 1396 3627 1448 ού

2061 1505 2284 1564 πάντως
2340 1500 2539 1552 τέλεια.
2584 1497 2708 1558 Τοῖς
2759 1495 2869 1561 γὰρ
2909 1491 3159 1556 τελείοις,
3218 1490 3398 1542 πάντα
3427 1487 3628 1556 εὐχερῆ

2061 1592 2442 1661 ἐνεργούμενα.
2475 1586 2619 1638 Διότι
2654 1587 2714 1637 οὐ
2751 1584 2947 1643 πάντες
2975 1581 3079 1632 εἰσὶ
3104 1581 3212 1642 ἀεὶ,
3240 1577 3354 1640 νῦν,
3385 1578 3628 1647 ἣπάλαι,

380 1684 578 1737 sarculo
631 1682 924 1750 recepturi.
958 1682 1185 1747 Quidam
1222 1697 1349 1737 vero
1381 1683 1580 1735 mortui
1620 1679 1963 1735 allii-tuantur

2071 1680 2393 1754 πρακτικοί·
2426 1678 2546 1731 οὐδὲ
2588 1676 2788 1738 πάντες
2807 1675 2906 1741 τὴν
2939 1673 3105 1741 αὐτὴν
3131 1669 3250 1722 ὁδὸν
3295 1667 3558 1730 ὥδευσαν,
3596 1669 3630 1737 ἦ

383 1777 585 1830 bonum
618 1775 837 1830 odorem
876 1776 926 1828 in
966 1777 1177 1842 signum
1212 1789 1321 1825 suae
1358 1773 1550 1827 salutis
1586 1782 1707 1840 post
1736 1780 1963 1825 mortem

379 1871 686 1930 exhalasse,
727 1868 816 1936 qui
845 1868 1022 1920 adhuc
1056 1866 1162 1918 vivi
1196 1867 1421 1934 gratiam
1453 1865 1670 1934 quidem
1704 1864 1960 1931 baptismi

389 1959 692 2021 Izahehant,
728 1968 785 2012 ut
826 1973 1038 2021 omnes,
1072 1961 1164 2011 sed
1213 1957 1284 2010 ob
1316 1957 1684 2026 captivitatem
1717 1965 1772 2008 et
1817 1956 1967 2025 igno-

384 2052 612 2103 rantiam
643 2053 838 2104 mentis
871 2065 983 2103 sua:
1014 2065 1118 2104 non
1151 2064 1271 2103 cum
1297 2064 1357 2103 ea
1413 2047 1640 2117 mystice
1661 2046 1968 2100 communi-

382 2149 666 2196 caverunt.
696 2139 801 2194 Alii
843 2139 1020 2193 adhuc
1054 2140 1106 2193 iu
1137 2149 1368 2207 utraque
1399 2137 1614 2191 laudem
1653 2136 1877 2199 habent,
1909 2136 1964 2188 in

384 2231 687 2302 psalmodia
718 2241 773 2287 et
807 2231 860 2285 in
891 2231 1160 2293 oratione,
1186 2239 1239 2283 et
1283 2230 1364 2284 sic
1415 2231 1640 2299 degunt,
1669 2227 1842 2297 gratia
1885 2226 1968 2279 tli-

385 2329 482 2381 tati
509 2339 724 2392 semper
753 2332 968 2393 agente,
993 2333 1047 2376 et
1072 2337 1348 2392 nunquam
1380 2322 1540 2376 obice
1569 2320 1676 2373 ullo
1702 2317 1964 2386 impediti.

384 2421 492 2475 Alii
544 2420 763 2472 demum
816 2430 986 2483 usque
1030 2415 1099 2469 ad
1147 2417 1305 2468 linem
1366 2413 1602 2466 maxima
1658 2411 1970 2480 polluerunt

387 2507 591 2576 quiete.
612 2507 777 2562 vitam
801 2508 1064 2575 privatam
1087 2510 1334 2573 agentes,
1357 2502 1606 2555 oratione
1631 2500 1740 2554 sola
1763 2500 1968 2566 optime

388 2598 655 2662 contenti,
680 2607 738 2651 ut
760 2597 861 2651 soli
903 2610 1026 2650 cum
1050 2596 1190 2654 solo,
1224 2594 1334 2648 Deo
1367 2591 1501 2646 uniti
1530 2606 1544 2642 :
1573 2607 1692 2643 nam
1718 2589 1965 2655 perfecti,

388 2700 448 2743 nt
503 2689 758 2750 diximus,
815 2687 998 2742 omnia
1051 2686 1257 2748 valent,
1319 2686 1371 2738 in
1420 2684 1768 2737 confortante
1821 2681 1968 2744 ipsos

389 2778 629 2842 Christo,
670 2775 760 2831 cui
790 2775 962 2847 gloria
985 2774 1040 2829 in
1068 2774 1262 2830 saecula
1297 2772 1641 2828 saeculorum.
1671 2775 1859 2822 Amen.

2061 1773 2166 1840 ἕως
2201 1772 2388 1833 τέλους
2415 1769 2760 1837 ἐκράτησαν·
2791 1763 2975 1816 πολλοὶ
3029 1761 3136 1831 γάρ
3171 1760 3276 1812 ἀπὸ
3313 1758 3629 1830 πρακτικῆς

2059 1857 2220 1930 ἦλθον
2242 1861 2320 1921 εἰς
2354 1859 2608 1928 θεωρίαν,
2626 1857 2722 1910 καὶ⁸
2753 1854 3100 1909 κατέπαυσαν
3129 1853 3194 1903 ἐκ
3219 1849 3465 1909 πάντων,
3494 1847 3634 1899 0:6-

2059 1952 2376 2012 ϐατίσαντες
2425 1948 2565 2003 κατά
2617 1949 2712 2000 τὸν
2742 1943 3106 2014 πνευματικὸν
3130 1944 3318 2013 νόμον,
3353 1940 3528 1994 καιέν
3556 1935 3641 1988 τῶ

2058 2043 2177 2112 Θεῷ
2214 2043 2360 2112 μόνῳ
2385 2041 2758 2108 εὐφραίνοντο,
2790 2035 3179 2105 κεκορεσμένοι
3200 2035 3298 2101 τῆς
3329 2028 3480 2094 θείας
3498 2044 3634 2100 τρυ-

2061 2134 2186 2201 φῆς,
2213 2131 2308 2184 καὶ
2343 2131 2418 2200 μὴ
2448 2127 2891 2199 συγχωρούμενοι
2909 2123 3204 2194 ψάλλειν,ῆ
3229 2120 3359 2174 ἀλλο
3387 2136 3441 2172 τι
3472 2113 3638 2186 μελε-

2059 2222 2331 2295 τᾷνπαρά
2355 2223 2452 2292 τῆς
2480 2222 2701 2292 χάριτος
2721 2236 2734 2250 ο
2768 2221 2848 2281 εἰς
2875 2216 3136 2284 ἔκπληξιν
3187 2214 3338 2273 ὅντες
3373 2210 3478 2271 ἕως
3507 2224 3636 2261 καιι-

2067 2315 2182 2384 ροῦ,
2236 2313 2542 2382 φθάσαντες
2579 2311 2690 2363 τῶν
2723 2308 2965 2379 ὀρεκτῶν
2995 2307 3056 2359 τὸ
3087 2305 3314 2374 ἔσχατον
3368 2298 3636 2370 μερικῶς,

2062 2405 2137 2464 ὼς
2186 2405 2244 2454 ἐν
2297 2400 2596 2471 aegaeon.
2633 2397 2816 2452 Ἀλλοι
2845 2396 2903 2449 δὲ
2946 2395 3052 2458 ἕως
3079 2394 3265 2454 τέλους
3296 2393 3353 2442 ἐν
3388 2390 3466 2459 τῷ
3493 2407 3639 2459 πρα-

2065 2491 2237 2560 κτικῷ
2277 2491 2559 2558 ἐσώθησαν
2590 2485 2966 2555 κοιμηθέντες,
3019 2482 3118 2552 τὴν
3169 2478 3526 2534 ἀνταπόδοσιν
3580 2476 3639 2527 ἐν

2063 2583 2143 2652 τῷ
2184 2581 2427 2651 μέλλοντι
2487 2578 2858 2648 ἐκδεχόμενοι·
2909 2574 3052 2636 τινες
3105 2571 3160 2624 δὲ
3210 2571 3268 2622 ἐν
3299 2569 3375 2637 τῷ
3422 2566 3640 2634 θανάτῳ

2071 2672 2602 2743 πληροφορηθέντες,
2634 2672 2710 2723 ὡς
2746 2669 2883 2738 μετά
2901 2667 3141 2720 θάνατον
3177 2664 3506 2732 μυρξσαντες
3557 2660 3640 2719 εἰς

2070 2766 2292 2830 ἔνδειξιν
2316 2766 2413 2833 τῆς
2441 2762 2647 2816 ἑαυτῶν
2672 2759 2962 2829 σωτηρίας,
3005 2757 3102 2826 τὴν
3139 2759 3300 2826 χάριν
3321 2752 3415 2805 τοῦ
3445 2747 3640 2819 βαπτί-

394 2900 603 2952 σματος
630 2882 870 2950 ἔχοντες,
908 2875 984 2937 ὡς
1023 2871 1246 2934 πάντες,
1278 2869 1376 2922 καὶ
1412 2867 1500 2920 διά
1529 2866 1627 2936 τὴν
1657 2861 2043 2934 αἰχμαλωσίαν
2077 2861 2172 2913 καὶ
2192 2865 2290 2932 τὴν
2312 2860 2588 2928 ἀγνωσίαν
2612 2859 2706 2910 τοῦ
2741 2857 2862 2918 νοὸς
2883 2851 3064 2907 αὐτῶν
3096 2851 3172 2920 μὴ
3202 2847 3638 2916 κοινωνήσαντες

394 2942 691 3046 μυστικῶς.
709 2976 828 3046 μετ’
856 2971 1030 3041 αὐτῆς
1061 2971 1142 3022 ἑτι
1191 2967 1394 3029 ζῶντες
1427 2985 1442 2998 ·
1497 2965 1676 3033 ἕτεροι
1705 2961 1761 3013 δὲ
1793 2959 1851 3011 ἐν
1879 2960 2212 3027 ἀμφοτέροις
2259 2953 2632 3022 εὐδοκιμοῦσι,
2673 2955 2740 3022 τῇ
2789 2947 3082 3020 ψαλμῳδίᾳ
3122 2943 3216 2998 καὶ
3242 2944 3308 3010 τῇ
3334 2942 3635 3011 προσευχῇ,

395 3039 490 3130 καὶ
529 3039 674 3128 οὓτω
705 3039 1280 3138 διάγουσι,ἒπλουσίαν
1317 3063 1532 3131 ἔχοντες
1567 3061 1667 3127 τὴν
1699 3057 1863 3126 χάριν
1909 3056 1985 3118 ὡς
2017 3054 2352 3124 ἀεικίνητον,
2403 3055 2496 3106 καὶ
2534 3050 2804 3119 μηδέποτε
2853 3049 2916 3101 ἐκ
2955 3063 3102 3109 τινος
3155 3039 3576 3113 ἐμποδιζόμενοι
3610 3047 3630 3064 ⁸

395 3175 546 3231 ἄλλοι
573 3171 629 3224 δὲ
661 3169 765 3230 ’ἐως
791 3134 981 3225 τέλους
1017 3162 1256 3230 μάλιστα
1277 3160 1376 3226 τὴν
1408 3155 1642 3224 ἡσυχίαν
1667 3152 1979 3222 ἐκράτησαν
2013 3148 2224 3200 ἰδιῶται
2253 3147 2430 3210 ὄντες,
2454 3146 2788 3215 ἀρκούμενοι
2815 3143 2874 3193 ἐν
2899 3143 2965 3210 τῇ
2997 3137 3274 3206 προσευχῇ
3304 3135 3466 3231 μόνον
3495 3134 3638 3182 πάνυ

393 3225 598 3332 καλῶς,
635 3267 709 3328 ὡς
742 3225 896 3331 μόνοι
929 3225 1069 3327 πρός
1104 3257 1267 3324 μόνον
1298 3225 1434 3304 Θεὸν
1455 3247 1751 3302 ἐνωθέντες
1780 3261 1795 3276 ι
1837 3244 1886 3294 οἱ
1915 3243 2026 3310 γάρ
2059 3243 2283 3305 τέλειοι,
2315 3243 2391 3305 ὡς
2424 3243 2674 3308 εἴπομεν,
2711 3238 2891 3290 πάντα
2926 3233 3208 3305 ισχύουσιν
3263 3230 3323 3281 ἐν
3349 3225 3426 3296 τῷ
3477 3225 3632 3283 Mu-

395 3360 668 3430 γαμοῦντι
706 3354 904 3414 αὐτοὺς
938 3346 1183 3418 Χριστῷ,
1213 3339 1258 3412 ᾧ
1288 3347 1321 3413 ἡ
1356 3341 1486 3408 δόξα
1515 3341 1595 3402 εἰς
1627 3339 1751 3401 τοὺς
1782 3338 1988 3399 αἰῶνας
2019 3334 2132 3390 τῶν
2158 3337 2398 3390 αἰώνων.
2431 3335 2629 3403 Ἀμήν.

984 3713 1235 3782 Ejusdem
1300 3717 1370 3770 ad
1425 3717 1830 3784 interrogantem
1892 3711 2170 3783 quemdam
2207 3713 2271 3764 de
2335 3711 2531 3764 ventri:
2578 3708 2939 3763 moderamine
2964 3707 3065 3779 (1).

467 4179 544 4234 De
577 4188 768 4232 ventre
798 4174 932 4246 quid
964 4173 1160 4241 dicam,
1189 4175 1502 4244 passionum
1535 4176 1701 4242 rege?
1735 4173 1789 4228 Si
1834 4190 1962 4244 pos-

400 4272 478 4326 sis
499 4286 622 4326 eum
647 4283 883 4325 enecare
913 4276 966 4322 et
989 4269 1405 4322 scmimortuum
1446 4267 1645 4328 facere,
1685 4282 1749 4320 nc
1781 4268 1966 4320 remit-

397 4373 502 4417 tas.
529 4361 851 4416 Dominatur
881 4359 1034 4425 mihi,
1068 4359 1266 4422 amice,
1287 4369 1340 4412 et
1369 4357 1418 4410 ei
1451 4357 1683 4411 famulor
1711 4369 1972 4410 utservus

397 4463 452 4507 et
481 4453 747 4521 captivus.
788 4451 886 4503 Est
916 4463 1051 4518 eoop
1065 4459 1249 4503 erator
1271 4451 1676 4510 daemonum,et
1710 4449 1970 4500 vitiorum

400 4546 618 4597 domus.
674 4542 780 4595 Per
810 4555 934 4595 eum
971 4540 1029 4594 ﬁt
1059 4541 1241 4609 lapsus
1280 4549 1488 4604 noster,
1520 4549 1574 4593 et
1603 4555 1698 4608 per
1727 4554 1849 4594 eum
1885 4554 1970 4591 rc-

400 4634 693 4696 surrectio,
751 4649 876 4688 cum
907 4633 1153 4689 ordinem
1191 4640 1408 4698 servat;
1441 4641 1496 4706 et
1532 4641 1627 4702 per
1666 4646 1790 4686 eum
1821 4631 1971 4684 exci-

400 4725 582 4780 dimus
611 4724 784 4793 prima
823 4724 1170 4794 secundaque
1199 4724 1462 4793 dignitate
1520 4725 1728 4781 divina.
1786 4723 1972 4790 Quare

402 4825 659 4883 corrupto
699 4820 866 4869 veteri
890 4815 1132 4877 homine,
1163 4817 1404 4869 renovati
1437 4815 1971 4879 sutnusinChristo;

305 4897 308 4908 ²
403 4905 500 4960 sed
520 4920 648 4960 ecce
677 4907 871 4975 relapsi
902 4922 1092 4962 sumus
1114 4923 1286 4977 nuper
1320 4925 1347 4960 a
1373 4907 1504 4972 Deo,
1536 4923 1635 4972 per
1667 4920 1972 4978 transgres-

406 4997 615 5053 sionem
655 5000 1033 5054 mandatorum
1068 5003 1298 5072 gratiam
1359 5002 1410 5054 in
1473 5002 1717 5070 profectu
1752 5017 1975 5056 conser-

407 5087 651 5142 vantium
709 5099 762 5142 et
792 5091 1133 5160 augentium,
1165 5092 1292 5146 licet
1322 5107 1433 5160 pra:
1465 5093 1769 5162 ignorantia
1809 5093 1982 5147 simus

409 5184 561 5251 elati,
625 5195 886 5256 putantes
941 5202 1039 5244 nos
1086 5203 1210 5242 cum
1272 5187 1382 5242 Deo
1415 5202 1555 5243 esse.
1596 5187 1762 5242 Valde
1796 5197 1980 5240 autem

412 5277 672 5332 diﬂ'erunt
720 5278 1020 5335 nutritnine
1083 5294 1335 5348 corpora,
1371 5289 1432 5332 ιιι
1465 5278 1652 5334 Patres
1682 5279 1980 5333 dixerunt:

416 5385 543 5423 nam
596 5370 686 5425 uni
745 5372 996 5439 multum,
1056 5372 1209 5426 alteri
1269 5387 1458 5441 parum
1491 5372 1732 5443 exigitur
1760 5371 1828 5423 ad
1864 5385 1960 5424 sus

409 5462 664 5518 tincndas
693 5465 972 5521 naturales
993 5463 1112 5536 ejus
1143 5465 1309 5528 vires,
1330 5473 1384 5518 et
1406 5464 1598 5532 cuique
1632 5478 1729 5533 pro
1752 5461 1985 5518 vietha-

2154 4170 2289 4240 Περὶ
2326 4167 2425 4236 τῆς
2472 4147 2706 4242 γαστρὸς
2751 4169 2804 4219 τί
2850 4154 3009 4232 εἴπω,
3040 4165 3138 4235 τῆς
3180 4161 3497 4236 βασιλίσσης
3528 4159 3639 4212 τῶν

2083 4261 2302 4328 παθῶν;
2341 4260 2466 4314 Ἐὰν
2495 4259 2731 4330 δυνηθῇς
2761 4258 3034 4326 νεκρῶσαι
3059 4256 3250 4325 αὐτὴν,
3282 4257 3378 4308 καὶ
3410 4250 3639 4324 ἡμιθανῆ

2081 4350 2522 4422 ἀπεργάσασθαι,
2556 4350 2630 4421 μὴ
2659 4348 2917 4423 ἐνδώσῃς.
2939 4347 3344 4418 Κατεκυρίευσέ
3375 4345 3638 4415 μου,άγα·

2084 4445 2242 4518 πητὲ,
2269 4445 2364 4498 καὶ
2397 4442 2646 4513 λατρεύω
2677 4441 2852 4514 ταύτῃ
2887 4440 2962 4503 ὡς
2991 4437 3171 4501 δοῦλος
3196 4435 3369 4504 αὐτῆς
3399 4434 3492 4489 καὶ
3517 4431 3640 4486 ὑπό-

2084 4537 2326 4601 σπονδος,
2372 4539 2405 4605 ή
2442 4534 2704 4605 συνεργὸς
2731 4534 2842 4586 τῶν
2896 4531 3185 4601 δαιμόνων,
3211 4531 3305 4582 καὶ
3333 4528 3394 4581 τὸ
3417 4527 3520 4580 τῶν
3545 4542 3639 4577 πα-

2085 4630 2193 4683 θῶν
2227 4630 2666 4698 κατοικητήριον
2699 4625 2767 4677 δι’
2807 4625 2975 4694 αὐτῆς
3006 4624 3116 4693 γὰρ
3147 4623 3356 4690 γίνεται
3382 4623 3416 4690 ἡ
3449 4617 3637 4678 πτῶσις

2084 4725 2264 4794 ἡμῶν,
2293 4724 2388 4774 καὶ
2413 4721 2479 4774 δι’
2504 4721 2674 4790 αὐτῆς
2708 4721 2740 4788 ἡ
2774 4718 3088 4779 ἀνάστασις,
3115 4716 3245 4769 ὅταν
3269 4714 3523 4781 εύτακτῇ,
3552 4707 3638 4762 καὶ

2083 4812 2151 4864 δι’
2189 4812 2354 4879 αὐτῆς
2400 4807 2834 4877 ἐκπεπτώκαμεν
2879 4806 2973 4858 τοῦ
3004 4804 3223 4875 πρώτου
3265 4805 3361 4855 καὶ
3396 4798 3632 4868 δευτέρου

2085 4903 2389 4973 ἀξιώματος
2423 4901 2515 4954 τοῦ
2541 4900 2743 4953 θεῖκοῠ.
2767 4899 2909 4952 Διότι
2941 4896 3327 4966 διαφθαρέντος
3356 4893 3448 4946 τοῦ
3475 4891 3633 4960 ἀρχῆ-

2087 4998 2198 5062 θεν,
2263 4997 2421 5049 πάλιν
2475 4992 2937 5060 ἀνεκαινίσθημεν
2980 4993 3038 5044 ἐν
3089 4987 3354 5059 Χριστῷ,
3408 4985 3497 5038 καὶ
3534 4980 3629 5034 ἰδοὺ

2086 5088 2501 5147 ἐκπεπτωκότες
2539 5086 2704 5156 ἐσμὲν
2729 5085 2855 5154 ἄρτι
2885 5087 2951 5136 ἐκ
2978 5081 3071 5136 τοῦ
3111 5079 3268 5153 Θεοῦ,
3295 5080 3384 5133 διὰ
3408 5077 3504 5146 τῆς
3536 5073 3631 5126 τῶν

2085 5179 2314 5232 ἐντολῶν
2345 5177 2623 5246 ἀμελείας,
2659 5175 2764 5227 τῶν
2794 5173 3174 5243 φυλασσόντων
3195 5171 3286 5222 καὶ¹
3315 5165 3628 5233 αὐξανόντων

2084 5271 2183 5340 τὴν
2215 5269 2375 5338 χάριν
2400 5269 2459 5320 ἐν
2485 5267 2759 5335 προκοπῇ,
2794 5265 2897 5317 κᾶν
2929 5262 3252 5330 ἀγνοοῦντες
3278 5254 3624 5328 ἐπαιρώμεθα.

2087 5360 2366 5427 δοκοῦντες
2396 5356 2534 5427 μετὰ
2575 5355 2710 5410 Θεοῦ
2760 5349 2920 5408 εἶναι.
2957 5352 3162 5415 Πολλὰς
3212 5352 3269 5404 δὲ
3310 5346 3553 5419 διαφοράς
3576 5345 3624 5395 ἐν

2085 5452 2156 5520 τῇ
2208 5451 2380 5520 τροφῇ
2411 5447 2591 5517 ἔχουσι
2639 5445 2710 5500 τὰ
2744 5445 2994 5516 σώματα,
3046 5443 3121 5507 ώς
3152 5444 3201 5497 οἱ
3232 5442 3468 5514 Πατέρες
3493 5437 3620 5508 εἰρή-

488 5644 565 5715 (1)
601 5647 731 5706 Sine
759 5649 917 5705 titulo
947 5649 1002 5704 in
1029 5650 1238 5706 Graeco.
1261 5646 1541 5718 Supplevit
1571 5647 1864 5716 interpres.
1906 5645 2064 5702 Enl'r.
2099 5644 2268 5700 Pun.
