3994 6206
333 179 466 245 1337

1368 187 1776 247 PRIECEPTA
1822 188 1923 247 AD
1967 187 2531 253 HESYCIIASTAS.

3439 192 3565 259 1333

329 317 479 359 κασι,
510 298 603 350 κα)⁸
652 297 681 349 6
721 296 820 365 μὲν
856 296 1055 365 ὀλίγον,
1083 298 1109 350 6
1142 297 1200 349 δὲ
1231 296 1364 349 πολὺ
1399 295 1579 351 δέεται
1607 298 1741 367 πρὸς
1802 299 1888 351 σύ-

1993 302 2107 355 bitu
2137 304 2456 372 requiritur.
2484 303 2733 357 Attamen
2779 303 3036 372 quietista
3067 320 3287 376 semper
3319 309 3570 361 esuriens

331 407 520 442 στασιν
576 390 672 459 τῆς
698 389 933 459 φυσικῆς
963 388 1125 441 αὑτοῦ
1164 388 1464 456 δυνάμεως,
1496 389 1727 451 ἕκαστος
1752 390 1893 442 κατὰ

326 484 425 551 τὴν
458 481 687 551 δύναμιν
736 482 829 534 καὶ
883 485 981 549 τὴν
1030 481 1140 543 ἓξιν
1187 481 1619 551 ὲπαρκούμενος.
1655 482 1893 551 Ὄμωςὸ

327 573 635 642 ἡσυχάζων,
681 572 909 624 πάντοτε
944 571 1128 639 ἐνδεὴς
1151 570 1355 639 ὀφείλει
1386 568 1546 633 εἶναι,
1580 571 1656 641 μὴ
1704 588 1893 640 κορενο-

326 664 573 733 νύμενος·
609 662 975 731 βαρυνομένου
1034 663 1142 731 γὰρ
1201 660 1298 713 τοῦ
1344 662 1638 729 στομάχου,
1670 661 1764 714 καὶ
1796 659 1891 713 τοῦ

325 756 440 817 νοὸς
469 752 793 814 θολωθέντος
824 752 913 805 διὰ
941 752 1149 814 τούτου,
1181 752 1300 805 οὐδὲ
1335 754 1642 822 προσευχὴν
1672 751 1893 805 δύναται

324 847 501 914 λέγειν
534 845 829 915 κραταιῶς,
862 844 895 913 ἢ
931 843 1207 914 καθαρῶς,
1260 842 1374 896 ἀλλ’
1429 845 1493 895 ὲκ
1539 844 1639 914 τῆς
1689 842 1891 895 ἀναθυ-

327 939 563 1008 μιάσεως
590 934 697 989 τῶν
727 934 936 986 πολλῶν
969 933 1272 1004 βρωμάτων
1294 934 1369 1002 τῷ
1400 932 1551 1002 ὕπνῳ
1580 933 1891 1003 καταφερό-

328 1048 508 1099 μενος,
535 1028 866 1098 κοιμηθῆναι
890 1028 1100 1096 ταχέως
1130 1027 1401 1088 ἐπιποθεῖ,
1436 1025 1496 1091 ἐξ
1517 1020 1578 1079 οὗ
1599 1024 1889 1095 φαντασίαι

324 1124 681 1194 ἀναρίθμητοι
729 1123 785 1174 ὲν
818 1120 894 1190 τῷ
921 1121 1071 1190 ὕπνῳ
1124 1119 1475 1172 ἐπιπίπτουσι
1528 1119 1606 1188 τῷ
1635 1119 1733 1171 νοῖ.
1766 1119 1889 1171 Τοι-

324 1214 526 1283 γαροῦν
552 1213 627 1279 τῷ
663 1211 969 1281 βουλομένῳ
1022 1212 1296 1279 σωτηρίας
1342 1212 1546 1279 τυχεῖν,
1581 1209 1675 1261 καὶ
1700 1208 1884 1279 βιαζο-

326 1308 470 1374 μένῳ
521 1304 613 1356 διὰ
666 1303 755 1354 τὸν
820 1300 1022 1373 Κύριον
1085 1302 1300 1370 ἡσύχως
1332 1302 1549 1369 βιῶναι,
1577 1300 1764 1369 ἄρτου,
1812 1301 1887 1363 ὡς

320 1398 495 1467 οἶμαι,
527 1396 685 1465 λίτρα
715 1395 892 1447 ἱκανοί
943 1394 1116 1462 αὐτῷ,
1172 1393 1265 1445 καὶ
1321 1393 1532 1456 ὓδατος,
1580 1394 1673 1445 καὶ
1718 1394 1882 1455 οἴνου,

322 1489 459 1540 κατὰ
478 1487 578 1557 τὴν
603 1485 839 1554 ἡμέραν,
864 1483 1012 1552 τρία,
1042 1483 1073 1552 ἢ
1105 1484 1345 1554 τέσσαρα
1372 1486 1628 1555 ποτήρια,
1656 1482 1749 1536 καὶ⁵
1779 1482 1886 1535 ἀπὸ

318 1581 426 1631 τῶν
485 1576 911 1647 παρατυχόντων
968 1574 1273 1645 βρωμάτων
1305 1576 1486 1642 ὀλίγον
1545 1577 1610 1629 ὲκ
1668 1575 1883 1628 πάντων

320 1672 460 1722 κατὰ
482 1670 672 1736 καιρὸν
704 1667 1155 1735 μεταλαμῦάνειν,
1207 1667 1593 1735 ἀπωθούμενον
1622 1666 1720 1733 τὴν
1746 1664 1881 1731 πλη-

321 1761 541 1829 σμονὴν,
578 1759 661 1809 ἴνα
703 1759 803 1810 κὰν
850 1758 1022 1827 τούτῳ
1055 1756 1231 1825 σοφῶς
1281 1758 1642 1827 χρησάμενος,
1676 1756 1765 1807 τὸν
1791 1752 1883 1807 τύ·-

319 1871 416 1920 φον
444 1853 527 1904 διὰ
562 1853 655 1919 τῆς
690 1853 753 1904 ἐκ
782 1852 997 1905 πάντων
1036 1850 1393 1920 μεταλήψεως
1432 1851 1689 1918 ἐκφυγεῖν
1721 1848 1878 1915 δυνή-

319 1961 499 2013 σηται,
556 1944 645 1995 καὶ
700 1944 768 1995 τὰ
816 1943 908 1995 τοῦ
941 1942 1074 1995 Θεοῦ
1132 1942 1250 1994 λίαν
1280 1943 1421 1994 καλὰ
1476 1944 1756 2011 ποιήματα
1803 1937 1878 2007 μὴ

322 2032 641 2103 βδελύξοιτο,
667 2034 1001 2105 εὐχαριστῶν
1030 2033 1174 2103 αὐτῷ
1206 2034 1344 2102 ὑπὲρ
1369 2034 1601 2086 πάντων
1626 2032 1718 2085 καὶ
1741 2029 1876 2098 αὕτη

313 2133 422 2185 τῶν
447 2130 723 2201 φρονίμων
773 2132 804 2197 ἠ
863 2130 1155 2199 διάκρισις.
1190 2132 1314 2193 Τοῖς
1342 2132 1399 2183 δὲ
1428 2131 1710 2184 ἀσθενοῦσι
1742 2131 1886 2184 κατὰ

317 2226 517 2283 πίστιν,
560 2222 655 2275 καὶ
694 2220 835 2274 κατὰ
861 2221 1061 2291 ψυχὴν,
1117 2223 1151 2292 ἡ
1202 2224 1381 2293 ἀποχὴ
1429 2224 1586 2275 πλέον
1622 2223 1887 2292 συμφέρει

314 2316 423 2367 τῶν
453 2315 747 2383 ἐδωδίμων,
772 2310 852 2376 οἷς
876 2314 1083 2383 λάχανα
1113 2314 1314 2366 ἐσθίειν
1361 2314 1645 2366 ἐκέλευσεν
1674 2314 1701 2364 6
1736 2314 1890 2366 Ἀπό-

316 2406 520 2472 στόλος,
564 2407 651 2459 διὰ
694 2408 756 2459 τὸ
800 2408 874 2477 μὴ
910 2407 1190 2458 πιστεύειν
1219 2406 1413 2468 αὐτοὺς
1442 2407 1505 2457 ὲκ
1538 2404 1673 2457 Θεοῦ
1715 2405 1885 2473 φυλα-

312 2499 525 2571 χθῆναι.
557 2499 619 2549 Τί
675 2499 732 2550 δέ
774 2516 854 2550 σοι
915 2499 1076 2559 εἴπω,
1100 2498 1182 2550 ὅτι
1217 2497 1418 2550 κανόνα
1475 2494 1766 2567 ἐζήτησας,
1793 2496 1888 2549 καὶ

316 2590 479 2660 βάρος
530 2590 686 2651 πολὺ,
727 2590 902 2659 γέρων
954 2589 1063 2654 ῶν;
1124 2590 1377 2656 νεώτεροι
1427 2589 1488 2641 οὐ
1544 2589 1795 2641 δύνανται
1827 2590 1889 2643 ὲν

319 2672 669 2749 σταθμῷκαὶ
722 2682 926 2750 μέτρῳ,
965 2681 1059 2732 καὶ
1102 2680 1217 2741 πῶς
1255 2682 1318 2732 σὺ
1382 2680 1678 2748 κρατήσεις
1718 2680 1884 2745 αύτό;

312 2770 423 2841 Τὴν
454 2770 769 2841 ἐλευθερίαν
825 2771 933 2839 γὰρ
984 2771 1184 2841 πρέπει
1220 2788 1301 2822 σοι
1346 2772 1567 2839 κρατεῖν
1612 2771 1670 2821 έν
1702 2755 1886 2834 παντὶ,

312 2862 577 2914 ἐσθίοντι*
607 2862 654 2913 εί
692 2861 747 2913 δὲ
781 2862 1033 2931 ἧττασαι,
1079 2860 1384 2932 μεταμελοῦ
1405 2900 1419 2921 ,
1450 2861 1545 2913 κα)⁸
1578 2861 1738 2914 πάλιν
1768 2862 1888 2914 ἐπι-

314 2953 589 3023 χείρησον,
623 2954 719 3006 καὶ
782 2952 857 3022 μὴ
902 2952 1085 3023 παύσῃ
1114 2952 1256 3005 οὕτω
1301 2951 1469 3004 ποιῶν
1514 2952 1767 3014 πάντοτε,
1801 2952 1955 3037 πίοο

314 3062 483 3109 πτων,
518 3045 610 3097 καὶ
667 3043 1040 3113 ἐγειρόμενος,
1089 3046 1184 3095 καὶ
1235 3044 1584 3113 μεμφόμενος
1607 3042 1693 3095 ἀεὶ
1726 3060 1887 3094 σεαυ-

312 3138 423 3201 τὸν,
457 3138 550 3189 καὶ
581 3137 655 3207 μὴ
686 3136 865 3198 ἄλλον,
900 3137 993 3189 καὶ
1042 3136 1183 3199 ἕξεις
1225 3136 1553 3197 ἀνάπαυσιν,
1590 3136 1767 3204 σοφῶς
1800 3136 1889 3188 διὰ

315 3227 619 3295 πτωμάτων
651 3226 748 3296 τὴν
782 3227 939 3296 νίκην
970 3226 1311 3294 ποιούμενος,
1340 3224 1479 3278 κατὰ
1510 3224 1606 3294 τὴν
1640 3225 1884 3295 Γραφήν·

313 3317 452 3387 πλὴν
502 3320 574 3387 μὴ
609 3318 952 3387 παραὸαίνῃς
990 3317 1080 3370 τὸν
1119 3318 1243 3388 ὅρον
1289 3317 1348 3369 ὃν
1391 3317 1759 3387 προεθέμεθα,
1792 3317 1889 3371 καὶ

314 3409 475 3477 ἀρκεῖ
504 3422 604 3459 σοι·
638 3408 757 3460 οὐδὲ
788 3409 894 3478 γάρ
930 3408 1227 3475 ρωννύουσι
1269 3409 1327 3461 τὸ
1385 3409 1541 3478 σῶμα
1597 3410 1654 3462 αἱ
1701 3408 1887 3460 λοιπαὶ

316 3498 546 3566 βρώσεις
586 3498 856 3563 τοσοῦτον,
888 3500 1011 3551 ὅσον
1042 3500 1076 3567 ἡ
1104 3498 1197 3550 τοῦ
1226 3499 1389 3564 ἄρτου
1442 3500 1531 3551 καὶ
1564 3499 1753 3561 ὓδατος
1791 3516 1886 3567 με·

311 3590 564 3661 τάληψις.
606 3592 701 3644 Διὰ
752 3592 910 3644 τοῦτο
961 3592 1147 3659 ἔλεγεν
1186 3594 1215 3645 6
1267 3593 1575 3662 Προφήτης,
1622 3594 1703 3644 Τά
1751 3593 1887 3644 ἄλλα

312 3684 391 3743 εἰς
444 3681 595 3733 οὐδὲν
630 3681 876 3751 θέμενος,
921 3682 1002 3734 υἱὲ
1052 3682 1362 3752 ἀνθρώπου,
1415 3682 1639 3752 σταθμῷ
1668 3684 1756 3735 τὸν
1785 3684 1886 3752 ἄρ-

312 3790 403 3824 τον
448 3789 545 3824 σου
597 3773 832 3838 φάγεσαι
885 3774 977 3824 καὶ
1036 3774 1219 3842 μέτρῳ
1270 3773 1329 3823 τὸ
1364 3771 1506 3841 ὓδωρ
1548 3789 1642 3823 σου
1680 3774 1882 3825 πίεσαι·

311 3866 456 3931 τρεῖς
484 3864 591 3933 γὰρ
630 3864 784 3932 ὅρους
806 3864 919 3933 ἔχει
966 3865 998 3933 ἡ
1033 3862 1255 3932 βρῶσις,
1290 3863 1646 3933 ἐγκράτειαν,
1680 3864 1883 3933 αὐτάρ-

314 3974 489 4018 κειαν,
520 3958 611 4007 καὶ
649 3957 832 4025 κόρον.
873 3957 1203 4024 Ἐγκράτειά
1234 3958 1349 4008 ἐστι
1402 3957 1462 4007 τὸ
1495 3958 1683 4026 πεινᾷν
1715 3957 1887 4007 ἑστια-

1995 394 2152 447 debet
2175 408 2320 459 esse,
2355 409 2466 448 non
2501 401 2818 451 saturatos:
2850 404 3075 465 gravato
3105 397 3254 453 enim
3285 398 3568 452 stomacho

1992 494 2046 538 et
2079 496 2256 540 mente
2285 501 2382 554 per
2417 486 2563 542 hunc
2599 488 2838 552 turbata,
2890 503 2997 543 non
3036 497 3215 558 potest
3261 488 3565 542 orationem

1993 575 2176 631 dicere
2234 576 2455 632 fortiter
2500 592 2565 632 ac
2628 592 2786 648 pure,
2840 579 2939 634 sed
2975 580 3269 632 multorum
3316 578 3565 632 ciborum

1993 666 2288 734 vaporibus
2322 667 2387 720 ad
2439 682 2688 722 somnum
2721 678 2930 739 raptus,
2987 670 3188 724 cubare
3235 671 3343 723 cito
3392 670 3561 736 cupit,

1992 761 2134 813 unde
2193 760 2474 813 innumera
2519 760 2572 813 in
2623 775 2815 816 somno
2848 763 3227 831 phantasmata
3279 762 3446 818 menti
3482 762 3566 814 in-

1994 858 2219 918 gruunt.
2264 849 2409 917 Ergo
2433 850 2639 904 volenti
2672 853 2901 906 salutem
2931 853 3214 919 consequi,
3245 862 3299 906 et
3344 851 3561 906 conanti

1991 947 2211 1009 propter
2272 939 2559 995 Dominum
2611 944 2795 1011 quiete
2844 946 3048 1008 vivere,
3083 946 3264 1013 panis,
3316 952 3374 996 ut
3409 953 3561 1011 puto,

1992 1030 2129 1084 libra
2158 1028 2372 1095 sutIicit,
2414 1042 2470 1085 et
2513 1046 2669 1101 aquae
2724 1048 2788 1087 ac
2825 1033 2936 1087 vini
2975 1036 3077 1088 tria
3131 1036 3209 1089 vel
3242 1045 3441 1103 quator
3473 1049 3567 1102 po-

2003 1122 2145 1185 cula,
2172 1131 2227 1175 et
2279 1138 2346 1175 ex
2396 1124 2813 1179 occurrentibus
2862 1124 3001 1179 cibis
3049 1126 3300 1180 omnibus
3332 1139 3563 1194 paucum

1990 1214 2293 1276 desumere,
2350 1213 2548 1279 rejecta
2600 1217 2777 1283 copia,
2835 1225 2892 1269 ut
2925 1218 3028 1271 hoc
3073 1233 3248 1287 pauco
3288 1218 3566 1287 sapienter

1990 1313 2171 1366 utens,
2242 1304 2549 1372 superbiam
2618 1306 2885 1359 sumendo
2935 1322 3003 1360 ex
3058 1309 3308 1362 omnibus
3379 1308 3565 1375 fugete

1989 1398 2180 1464 possit,
2216 1406 2270 1449 et
2309 1396 2676 1464 pulcherrima
2704 1397 2800 1451 Dei
2860 1413 3022 1467 opera
3075 1414 3179 1453 non
3240 1400 3559 1463 abhorreat,

1989 1487 2198 1565 gratias.
2223 1488 2269 1541 ei
2302 1504 2469 1557 agens
2502 1489 2569 1543 de
2604 1490 2893 1545 omnibus:
2926 1500 2977 1544 et
3006 1493 3109 1545 hoc
3132 1501 3215 1545 est
3236 1494 3561 1559 sapientium

1986 1582 2273 1649 judicium.
2304 1581 2540 1635 Inlirinis
2571 1592 2750 1635 autem
2786 1582 2891 1637 ﬁde
2920 1594 2975 1637 et
3014 1586 3194 1637 anima
3238 1587 3410 1653 magis
3436 1600 3565 1654 pro-

1992 1675 2110 1727 dest
2140 1675 2325 1727 carnis
2353 1674 2719 1729 abstinentia:
2754 1675 2952 1744 quibus
2993 1677 3259 1745 legumina
3307 1680 3565 1746 praecepit

1990 1766 2300 1834 Apostolus,
2343 1767 2466 1834 quia
2504 1781 2607 1818 non
2641 1765 2873 1820 credunt
2902 1767 3000 1836 ipsi
3032 1782 3091 1821 se
3120 1782 3147 1817 a
3202 1766 3312 1820 Deo
3340 1781 3564 1821 servan-

1992 1859 2109 1912 dos.
2176 1857 2313 1922 Quid
2368 1872 2493 1911 vero
2547 1857 2638 1910 tibi
2706 1857 2880 1910 dicam
2968 1858 3228 1925 quaerenti
3294 1859 3561 1927 regulam,

1994 1965 2158 2017 grave
2188 1950 2402 2018 pondus
2431 1948 2675 2003 seniori?
2704 1949 2762 2002 id
2782 1949 3031 2018 juniores
3060 1965 3165 2003 non
3209 1950 3479 2003 sustinent
3510 1950 3562 2002 in

1993 2051 2199 2095 statera
2232 2052 2282 2117 et
2317 2055 2593 2103 mensura,
2626 2048 2680 2094 et
2710 2042 2980 2108 quomodo
3013 2050 3067 2095 tu
3129 2040 3354 2096 suﬂ‘eres
3393 2040 3562 2094 illud?

1990 2132 2315 2185 Libertatem
2379 2132 2474 2185 tibi
2542 2134 2848 2186 comedenti
2916 2132 3174 2187 convenit
3235 2146 3458 2186 servare
3507 2131 3564 2186 in

1990 2225 2285 2288 omnibus;
2347 2223 2489 2292 quod
2544 2226 2589 2278 si
2656 2226 2911 2288 vincat-is,
2969 2224 3251 2293 resipisee,
3287 2233 3341 2278 et
3389 2237 3563 2279 novos

1992 2316 2186 2369 adhibe
2220 2316 2393 2377 nisus,
2432 2332 2529 2368 nec
2566 2317 2752 2369 desine
2783 2318 2859 2369 sic
2896 2314 3076 2370 facere
3106 2330 3341 2383 semper,
3376 2318 3562 2383 lapsus

1988 2423 2291 2474 resurgere,
2347 2424 2410 2462 ac
2447 2418 2800 2462 contemnere
2828 2423 3044 2475 semper
3075 2416 3126 2460 te
3164 2408 3339 2475 ipsum
3370 2446 3386 2471 ,
3450 2421 3563 2459 non

1989 2512 2114 2551 vero
2147 2498 2333 2561 alium,
2382 2509 2435 2550 ct
2464 2499 2686 2552 habebis
2749 2499 3012 2567 requiem,
3077 2499 3351 2567 sapienter
3404 2511 3565 2552 casus

1987 2590 2038 2643 in
2078 2591 2361 2643 victoriam
2392 2603 2630 2650 vertens,
2655 2590 2806 2655 juxta
2852 2590 3212 2658 Scripturam.
3273 2590 3352 2645 Ne
3389 2601 3565 2643 tamen

1986 2682 2224 2733 excedas
2284 2695 2592 2733 mensuram
2641 2696 2804 2747 quam
2843 2690 3003 2733 antea
3057 2680 3562 2746 determinavimus,

1986 2779 2041 2824 et
2076 2770 2436 2823 suﬂicittibi:
2493 2784 2671 2837 neque
2731 2770 2879 2823 enim
2936 2778 3145 2822 tantum
3208 2770 3567 2824 corroborant

1986 2876 2183 2929 corpus
2250 2860 2353 2912 alia
2435 2858 2712 2919 alimenta.
2765 2870 3029 2927 quantum
3088 2860 3247 2929 panis
3302 2870 3357 2912 et
3409 2874 3566 2928 aqua:

1987 2957 2246 3020 sumptio.
2315 2950 2607 3018 Propterea
2659 2950 2883 3005 dicebat
2953 2952 3236 3020 propheta,
3290 2952 3395 3004 alia
3466 2964 3565 3018 pro

1986 3043 2157 3097 nihilo
2188 3052 2492 3111 reputans:
2541 3039 2629 3096 «In
2686 3042 2936 3111 pondere
2994 3058 3191 3111 panem
3256 3052 3408 3096 tuum
3454 3056 3565 3097 co-

1987 3134 2193 3194 medes.
2250 3142 2304 3186 et
2324 3145 2521 3201 aquam
2576 3132 2628 3183 in
2659 3145 2914 3185 mensura
2946 3132 3098 3186 bibes
3135 3131 3172 3184 ί.
3218 3149 3239 3182 ι
3265 3130 3399 3184 Nam
3433 3138 3549 3186 tres

1984 3227 2149 3281 habet
2207 3226 2481 3279 nutrimen
2552 3223 2858 3278 terminos:
2953 3222 3393 3290 temperantiam,
3444 3220 3564 3275 fru-

1989 3318 2266 3388 galitatem
2323 3327 2380 3371 et
2419 3315 2786 3370 saturitatem.
2822 3313 2879 3368 In
2935 3314 3314 3383 temperantia,
3378 3323 3566 3382 pastus

1986 3409 2164 3461 adhuc
2218 3406 2436 3467 esurit;
2503 3406 2557 3458 in
2600 3405 2930 3474 frugalitate,
2965 3419 3064 3458 nec
3094 3405 3269 3457 esurit
3306 3418 3407 3457 nec
3440 3416 3567 3472 gra-

1986 3510 2181 3564 vatur;
2243 3484 2293 3550 in
2356 3497 2674 3561 saturitate,
2718 3505 2975 3564 gravatur
3016 3493 3259 3561 paulum.
3301 3492 3409 3545 Sed
3442 3501 3568 3561 post

1990 3592 2326 3645 saturitatem
2376 3590 2554 3642 adhuc
2602 3589 2911 3647 comedere,
2960 3596 3113 3653 porta
3148 3594 3233 3638 est
3285 3584 3564 3653 ingluvie,

1987 3698 2084 3753 per
2140 3697 2299 3751 quain
2332 3681 2541 3733 luxuria
2580 3679 2899 3746 ingreditur.
2936 3676 3015 3729 Tu
3051 3691 3178 3730 vero
3238 3677 3350 3730 haec
3384 3676 3554 3744 probo

1987 3775 2191 3838 sciens,
2249 3788 2346 3840 pro
2404 3772 2611 3825 viribus
2685 3772 2791 3824 tuis
2852 3769 3043 3822 melius
3093 3769 3252 3837 elige,
3300 3764 3417 3823 hou
3465 3782 3565 3821 ex-

1996 3868 2197 3920 cedens
2225 3866 2466 3919 limites:
2526 3880 2647 3917 nam
2685 3864 2941 3933 perfectis
2994 3863 3255 3933 competit
3322 3861 3564 3929 Apostoli

1995 3958 2165 4012 instar
2195 3956 2436 4023 «satiari,
2473 3967 2529 4011 et
2552 3957 2782 4021 esurire,
2814 3966 2868 4008 et
2896 3958 3073 4007 omnia
3128 3969 3283 4020 posse
3306 3956 3381 4006 ⁸.»

317 4052 478 4101 θέντα
506 4064 521 4079 ’
562 4049 868 4118 αὐτάρκεια
912 4050 989 4113 δὲ,
1033 4054 1093 4103 τὸ
1135 4054 1271 4120 μήτε
1319 4053 1531 4122 πεινᾷν,
1573 4054 1709 4121 μήτε
1753 4050 2036 4121 βαρεῖσθαι
2063 4066 2076 4079 ο
2142 4051 2302 4120 κόρος
2333 4047 2412 4110 δὲ,
2447 4047 2507 4097 τὸ
2542 4046 2808 4113 βαρεῖσθα
2869 4047 3089 4115 μικρόν.
3119 4046 3192 4097 Τὸ
3220 4046 3279 4097 δὲ
3309 4046 3451 4109 μετὰ
3487 4046 3549 4095 τὸ

316 4144 649 4214 κορεσθῆναι
679 4148 843 4199 πάλιν
874 4145 1098 4213 ἐσθίειν,
1148 4146 1289 4213 θύρα
1336 4147 1456 4198 ἐστὶ
1519 4143 1989 4211 γαστριμαργίας,
2047 4141 2111 4193 δι’
2144 4138 2211 4210 ἧς
2243 4142 2274 4208 ή
2307 4139 2530 4209 πορνεία
2556 4140 2887 4209 εἰσέρχεται.
2915 4138 2987 4190 Σὺ
3017 4138 3071 4190 δὲ
3096 4138 3269 4191 ταῦτα
3305 4126 3550 4208 ἀκριϐῶς

318 4236 716 4303 ἐπιστάμενος,
746 4237 887 4289 κατὰ
929 4242 1028 4306 τὴν
1058 4239 1157 4306 σὴν
1187 4238 1418 4306 δύναμιν
1452 4237 1513 4290 τὸ
1552 4240 1802 4305 κρεῖττον
1826 4234 2093 4299 ἐπίλεξαι,
2128 4233 2204 4301 μὴ
2250 4234 2599 4303 ὑπερὸαίνων
2641 4233 2765 4291 τοὺς
2801 4232 2959 4298 ὅρους
2992 4247 3007 4261 ο
3042 4229 3151 4281 τῶν
3181 4228 3293 4297 γὰρ
3324 4229 3551 4285 τελείων

319 4332 442 4386 ἐστὶ
470 4335 564 4387 καὶ
593 4334 777 4397 τοῦτο,
808 4334 953 4386 κατὰ
975 4334 1068 4385 τὸν
1108 4332 1457 4391 Ἀπόστολον,
1492 4331 1553 4383 τὸ
1591 4332 1804 4400 πεινᾷν,
1834 4332 1928 4382 καὶ
1954 4326 2338 4397 χορτάζεσθαι,
2371 4328 2464 4379 καὶ
2488 4329 2546 4379 ἐν
2572 4327 2707 4378 πᾶσι
2734 4324 2995 4383 δυνατοὺς
3020 4320 3184 4377 εἶναι.

316 4442 449 4507 Περὶ
478 4441 737 4505 πλάνης,
780 4440 848 4491 ἐν
879 4433 927 4505 ᾧ
959 4440 1054 4491 καὶ
1083 4438 1213 4504 περ)
1252 4437 1499 4491 πολλῶν
1520 4437 1885 4491 ὑποθέσεων.

385 4534 528 4601 Ὅρα
559 4533 615 4583 δὲ
649 4534 729 4584 ὅτι
762 4532 1019 4601 βούλομαί
1049 4548 1107 4582 σε
1140 4530 1382 4597 ἁκρ;6ῶς
1413 4530 1610 4581 εἰδέναι
1643 4528 1889 4596 περὶτῆς

314 4625 546 4694 πλάνης,
600 4624 693 4675 τοῦ
754 4623 1119 4692 φυλάττεσθαι
1189 4623 1248 4686 ἐξ
1304 4623 1474 4691 αὐτῆς
1506 4661 1521 4686 ,
1579 4621 1776 4690 μήπως
1832 4619 1889 4685 ἐξ

314 4716 537 4783 ἀγνοίας
590 4714 910 4785 φερόμενος,
956 4714 1158 4783 βλαόῇς
1215 4714 1282 4766 τά
1343 4714 1595 4782 μέγιστα,
1642 4713 1737 4766 καὶ
1793 4711 1890 4781 τὴν

313 4803 489 4877 ψυχὴν
537 4806 833 4875 ἀπολέσῃς.
880 4807 1026 4857 Διότι
1078 4806 1313 4866 εὐκόλως
1358 4805 1530 4857 κλίνει
1581 4806 1641 4857 τὸ
1696 4804 1888 4867 αὐτεξ-

314 4899 501 4952 ούσιον
531 4900 624 4951 τοῦ
675 4899 861 4968 ἀνθρώ
874 4915 970 4949 που
1003 4898 1136 4966 πρὸς
1166 4897 1448 4949 κοινωνίαν
1479 4898 1588 4947 τῶν
1614 4897 1886 4960 ἐναντίων,

318 4992 414 5044 καὶ
454 4992 690 5060 μάλιστα
745 4990 853 5040 τῶν
908 4986 1171 5057 ἀπείρων,
1212 4986 1321 5037 τῶν
1373 4987 1782 5055 μετερχομένων
1816 4987 1891 5048 ὡς

320 5083 410 5134 ὑπ’
445 5082 643 5134 αὐτῶν·
670 5083 834 5147 ἐγγὺς
858 5081 965 5148 γὰρ
996 5080 1195 5141 αὐτῶν,
1227 5078 1320 5129 καὶ
1352 5077 1534 5147 κύκλῳ
1562 5080 1611 5130 οἰ
1642 5078 1891 5146 δαίμονες

320 5174 427 5225 τῶν
470 5174 750 5242 ἁρχαρίων
783 5173 875 5225 καὶ
915 5170 1273 5241 ἰδιορῥύθμων
1332 5169 1647 5235 πεφύκασι,
1694 5170 1891 5223 διατεί-

320 5282 502 5325 νοντες
534 5265 767 5331 παγίδας
822 5264 1120 5331 λογισμῶν,
1164 5261 1257 5313 καὶ
1296 5261 1527 5321 λάκκους
1560 5262 1889 5329 πτωμάτων,

322 5354 413 5405 καὶ
445 5353 843 5420 φαντασμάτων
898 5352 1133 5421 ὀλεθρον·
1164 5352 1196 5420 ἡ
1248 5350 1399 5411 πόλις
1434 5351 1541 5419 γάρ
1570 5352 1747 5405 αὐτῶν
1801 5353 1892 5403 ὑπ’

418 5543 523 5594 Ἐι·
550 5544 637 5595 trli.
683 5557 752 5598 tv,
794 5539 872 5597 l0,
912 5537 995 5589 Η.
1073 5537 1092 5565 ¹
1130 5531 1354 5600 Philipp.
1399 5547 1469 5594 IV,
1512 5534 1590 5588 l2.
1630 5536 1712 5587 13.

2205 4423 2278 4477 De
2326 4437 2525 4485 errore,
2582 4422 2665 4475 ubi
2692 4432 2740 4475 et
2769 4426 2832 4475 de
2863 4421 3041 4475 multis
3089 4422 3349 4477 materiis.

2062 4534 2224 4589 .Scito
2252 4548 2337 4587 me
2365 4532 2503 4587 velle
2537 4532 2630 4586 tibi
2666 4532 2888 4599 penitus
2922 4534 3267 4587 innotescere
3297 4548 3562 4597 errorem,

1990 4636 2044 4679 ut
2071 4638 2267 4680 caveas
2297 4624 2364 4675 ab
2390 4639 2476 4687 eo,
2512 4638 2613 4676 nec
2638 4623 2946 4692 ignorantia
2978 4625 3199 4687 ductus,
3258 4623 3564 4676 maximum

1985 4717 2186 4770 subeas
2221 4718 2500 4779 damnum,
2532 4724 2586 4767 et
2651 4716 2885 4767 animant
2922 4716 3134 4782 perdas.
3206 4715 3339 4768 Nam
3406 4714 3567 4767 facile

1996 4809 2294 4863 inclinatur
2324 4807 2554 4859 libermn
2632 4806 2869 4859 hominis
2906 4806 3194 4859 arbitrium
3241 4807 3307 4859 ad
3370 4805 3562 4860 adver-

1990 4902 2254 4955 sariorum
2290 4900 2626 4961 societatem,
2675 4912 2734 4948 ac
2762 4898 3060 4965 praesertim
3083 4897 3221 4965 apud
3252 4896 3564 4965 inexpertos

1989 4998 2043 5043 et
2063 4992 2274 5057 scipsos
2297 4990 2497 5042 ducere
2522 5000 2919 5056 pra‘sumentcs
2941 4988 3050 5039 :eis
3070 4987 3333 5055 siquidem
3348 4988 3563 5055 propio-

1987 5098 2073 5137 res
2088 5082 2417 5145 novitiorunt
2438 5090 2489 5134 et
2508 5080 2875 5135 solitariorum
2893 5082 3167 5134 daemones
3186 5081 3559 5143 circumstant,

1997 5175 2287 5227 tendentes
2350 5174 2736 5242 cogitationum
2784 5172 3007 5226 insidias
3052 5182 3106 5224 ct
3153 5172 3376 5239 laqueos
3434 5185 3564 5239 pec-

1986 5277 2260 5329 t‘ultit‘ttm,
2297 5276 2350 5318 et
2409 5266 2785 5332 phantasmata
2842 5266 3109 5318 exitiosa:
3171 5263 3363 5317 civitas
3413 5262 3559 5313 enim

1989 5358 2200 5409 illorum
2228 5356 2328 5409 sub
2361 5366 2627 5423 potestate
2665 5358 3020 5409 barbarorum
3050 5362 3154 5415 est,
3212 5367 3313 5406 nec
3371 5348 3559 5405 mirari
