3994 6206
440 223 579 286 1339

1704 205 2098 270 GliEGOlilI
2141 205 2408 266 SlNAl'l‘t
2429 205 2471 264 Ε

3528 196 3674 261 1346

437 339 650 401 oportet
679 327 722 383 si
751 327 873 396 quis
921 334 1090 389 erret,
1122 332 1214 377 aut
1263 321 1512 386 excedat,
1539 330 1631 374 aut
1673 321 1727 374 in
1759 335 2004 373 errorem

2136 318 2374 382 ἐξουσίαν
2401 317 2509 371 τῶν
2550 318 2838 391 βαρόἁρων
2889 322 3001 374 ἐστὶ
3022 364 3036 389 ,
3067 326 3158 376 καὶ
3184 325 3243 378 οὗ
3287 326 3367 379 δεῖ
3395 327 3696 398 θαυμάζειν

438 412 780 475 ἰιιείιισι’θιιι
838 417 1088 486 accipiat,
1154 422 1244 467 aut
1305 413 1580 468 contraria
1647 412 1858 466 veritati
1925 416 2004 465 vi-

441 513 587 575 deat,
652 519 743 561 aut
798 507 944 559 dicat
983 520 1050 558 ex
1083 502 1472 572 inexperientia
1502 511 1556 555 et
1579 502 1884 570 ignorantia
1918 517 2005 555 res

442 604 813 669 incongruas:
877 599 1078 666 saepius
1137 601 1281 650 enim
1347 595 1542 664 aliquis
1587 609 1652 647 ex
1732 595 2004 663 imperitia

441 694 712 762 loquendo
730 693 795 746 de
826 692 1076 753 veritate,
1109 689 1210 742 alia
1249 703 1348 757 pro
1386 689 1504 741 aliis
1539 687 1709 740 inscie
1731 701 2001 748 asserens,

441 787 614 838 nescit
647 799 752 846 res,
789 794 846 835 ut
874 792 1022 842 sunt,
1053 792 1201 833 recte
1233 781 1432 841 dicere,
1465 789 1519 830 et
1563 777 1760 829 multos
1801 776 2003 840 turbat,

441 888 492 930 et
532 877 883 944 opprobrium
913 883 968 928 ct
1004 873 1168 927 risum
1205 872 1372 925 trahit
1398 881 1451 925 et
1483 869 1640 924 aﬂ‘ert
1670 871 1735 923 ad
1764 871 2001 937 quietos.

445 966 554 1019 Nec
605 967 746 1019 enim
791 965 986 1016 mirum
1055 973 1140 1016 est
1191 978 1377 1016 errare
1437 962 1676 1028 aliquem
1739 961 2004 1013 novitium

442 1058 605 1111 etiam
646 1067 765 1126 post
805 1059 1006 1109 multos
1041 1056 1279 1119 labores,
1331 1053 1457 1122 quia
1496 1054 1547 1104 id
1583 1053 1780 1106 accidit
1825 1051 2008 1104 inultis

442 1151 557 1203 sive
593 1165 736 1202 nunc
773 1148 885 1201 sive
910 1149 1034 1200 olim
1068 1147 1239 1199 Deum
1289 1145 1678 1214 qttwrentibus.
1715 1145 1804 1196 Dei
1861 1145 2005 1194 enim

443 1243 728 1300 memoria.
762 1255 852 1294 seu
892 1239 1152 1292 mentalis
1187 1238 1388 1298 oratio,
1443 1247 1525 1289 est
1561 1235 1844 1288 sublimior
1894 1249 2010 1287 0m-

449 1333 608 1386 nibus
661 1332 937 1399 operibus,
995 1341 1186 1398 estque
1247 1340 1301 1382 et
1347 1329 1462 1395 ipsa
1515 1330 1770 1379 virtutum
1820 1334 2006 1393 caput,

444 1425 589 1476 sicut
623 1439 774 1475 amor
829 1422 941 1474 Dei.
997 1421 1062 1473 Et
1106 1420 1196 1488 qui
1257 1418 1603 1486 impudenter
1647 1427 1700 1469 et
1755 1419 2009 1470 audacter

446 1517 558 1568 vult
604 1515 668 1567 ad
705 1515 868 1567 Deum
912 1514 1168 1567 accedere
1206 1523 1258 1565 et
1291 1526 1426 1578 pure
1455 1527 1578 1564 eum
1633 1510 1901 1566 Confiteri.
1956 1519 2009 1562 et

445 1609 726 1675 possidere
760 1622 882 1659 eum
915 1608 963 1656 iu
993 1605 1176 1669 seipso
1198 1604 1498 1665 contendit,
1536 1604 1578 1655 is
1605 1603 1759 1655 facile
1787 1610 2008 1655 necatur

450 1697 670 1763 abillis,
707 1712 735 1748 a
794 1695 1127 1749 daemonibus
1159 1694 1392 1759 scilicet,
1451 1695 1497 1746 si
1557 1693 2000 1760 derelinquatur:

451 1805 570 1841 nam
594 1788 956 1841 conﬁdentius
986 1796 1041 1839 et
1068 1795 1386 1854 arroganter
1415 1785 1704 1853 exquirens
1735 1799 1852 1851 quze
1882 1792 2008 1836 sunt

449 1897 548 1933 suo
590 1881 752 1932 statui
823 1879 1122 1942 contraria,
1174 1893 1296 1932 cum
1345 1875 1609 1947 jactautia
1674 1875 1848 1941 rcjicit
1893 1889 2011 1943 quae

448 1981 576 2024 sunt
603 1972 939 2040 tempestiva.
1002 1969 1156 2038 Satpe
1189 1981 1367 2022 autem
1410 1971 1676 2021 miserans
1727 1966 2009 2031 Dominus,

450 2078 572 2113 cum
607 2074 701 2113 nos
727 2061 872 2114 videt
904 2059 958 2112 in
986 2060 1108 2113 altis
1137 2059 1390 2121 audaces,
1429 2074 1533 2113 non
1565 2059 1694 2112 sinit
1729 2074 1827 2112 nos
1893 2068 2011 2110 teu-

453 2153 579 2219 tati,
613 2163 670 2205 ut
695 2168 844 2207 suam
897 2157 1127 2222 quisque
1159 2169 1461 2222 agnoscens
1517 2155 2010 2222 pratsumptionem,

452 2253 646 2312 sponte
680 2255 1048 2310 convertatur,
1080 2249 1395 2314 priusquam
1455 2249 1734 2315 contingat
1762 2261 1790 2298 a
1814 2247 2015 2299 dmino-

452 2339 612 2390 nibns
663 2337 1011 2405 opprobrium
1068 2346 1122 2389 et
1156 2340 1208 2390 in
1244 2337 1553 2390 hominibus
1581 2337 1762 2390 irrisio
1792 2346 1885 2389 aut
1920 2351 2012 2404 ge-

453 2427 614 2479 mitus
642 2442 657 2484 ;
687 2437 742 2479 et
768 2427 995 2480 maxime
1021 2427 1262 2494 indulget
1293 2428 1554 2494 quaerenti
1579 2443 1700 2480 cum
1733 2429 2011 2495 patientia,

453 2525 511 2570 et
561 2517 885 2581 humilitate,
946 2529 999 2570 et
1045 2519 1346 2587 praesertim
1405 2533 1526 2571 cum
1599 2520 1906 2572 obedientia
1963 2528 2017 2573 et

454 2609 875 2675 interrogatione
903 2611 1140 2662 virorum
1176 2609 1436 2672 mirabilis
1501 2609 1646 2662 iliius
1695 2609 1876 2677 operis
1924 2624 2016 2678 pe-

455 2700 704 2764 ritorum,
732 2715 799 2776 ne
843 2714 941 2768 pro
974 2700 1245 2754 frutuento
1280 2699 1510 2754 tribulos
1542 2711 1733 2766 metat,
1782 2710 1836 2754 et
1871 2715 2018 2753 ama-

457 2791 746 2844 ritudinem
784 2805 880 2857 pro
915 2789 1218 2854 dulcedine,
1274 2800 1327 2843 et
1391 2805 1487 2860 pro
1541 2791 1720 2844 salute
1778 2790 2019 2844 inveniat

459 2882 773 2947 perniciem.
808 2880 939 2934 Nam
966 2881 1134 2937 fortes
1171 2890 1226 2935 et
1256 2881 1475 2951 perfecti
1519 2898 1732 2953 semper
1756 2881 2018 2950 singulari

2125 415 2173 464 εἰ
2207 411 2482 480 ἐπλανήθη
2537 429 2640 474 τις,
2699 412 2729 482 ἢ
2783 413 2999 483 ἐξέστη,
3150 418 3355 486 πλάνην
3395 421 3698 495 ἐδέξατο,ῆ

2122 500 2359 570 δέχεται,
2404 502 2438 572 ἦ
2479 501 2732 571 ἀλλότρια
2779 505 2878 573 τῆς
2924 504 3183 573 ἀληθείας
3219 509 3340 580 ὁρᾷ,
3375 512 3406 579 ἧ
3452 513 3604 581 λέγει
3642 517 3700 578 ἐξ

2124 593 2374 663 ἀπειρίας
2410 593 2505 646 καὶ
2555 595 2827 661 ἀγνωσίας
2852 597 2918 648 τὰ
2949 598 3050 650 οῦκ
3097 599 3366 669 ἀνήκοντα
3389 623 3400 634 ’
3433 606 3700 670 πολλάκις

2125 685 2234 754 γὰρ
2274 686 2380 738 ἀπὸ
2411 686 2674 749 ἰδιωτείας
2720 705 2804 751 τις
2837 690 2962 760 περὶ
2999 691 3100 758 τῆς
3162 694 3422 766 ἀληθείας
3455 701 3701 768 φθεγγό.

2127 792 2306 844 μενος,
2337 776 2470 829 ἄλλα
2518 778 2630 830 ἀντ’
2665 779 2839 832 ἄλλων
2864 779 3165 850 λεληθότως
3192 785 3389 853 λαλῶν,
3425 791 3527 843 οὐκ
3556 787 3699 845 οἶδεν

2126 868 2297 918 είπεῖν
2343 868 2536 937 ὀρθῶς,
2589 869 2664 932 ὠς
2720 871 2855 940 ἔχει,
2909 875 3002 924 καὶ
3026 875 3252 939 πολλοὺς
3289 878 3569 950 ἐθρὸησεν,
3600 886 3698 936 καὶ

2127 956 2325 1018 ὄνειδος
2371 959 2463 1010 καὶ
2502 960 2714 1026 γέλωτα
2747 963 2990 1033 ἀνοήτως
3040 968 3363 1036 φερόμενος,
3414 977 3527 1037 τοῖς
3561 977 3699 1043 ησυ-

2127 1049 2350 1117 χάζουσι
2373 1051 2752 1121 προεξένησενο
2780 1056 2879 1107 οὐκ
2902 1055 3017 1109 ἔστι
3049 1059 3156 1129 γὰρ
3184 1061 3514 1129 θαυμαστὸν,
3552 1048 3700 1118 πλα-

2127 1138 2356 1210 νηθῆναί
2397 1158 2516 1194 τινα
2570 1143 2830 1213 ἀρχάριον
2865 1147 2959 1197 καὶ
2996 1148 3133 1216 μετά
3186 1151 3410 1214 πολλοὺς
3469 1156 3697 1217 κόπους,

2127 1230 2258 1282 διότι
2286 1231 2476 1299 γέγονε
2527 1233 2763 1300 πολλοῖς,
2820 1238 2912 1289 καὶ
2943 1241 3056 1301 τοῖς
3099 1240 3218 1304 νῦν,
3261 1247 3491 1305 καὶτοῖς
3526 1249 3697 1300 πάλαι

2129 1323 2218 1374 τὸν
2264 1324 2396 1375 Θεὸν
2447 1325 2789 1393 ἐκζητοῦσιν.
2837 1328 2903 1380 Ἥ
2931 1333 3037 1398 γὰρ
3065 1332 3156 1383 τοῦ
3188 1333 3320 1385 Θεοῦ
3359 1337 3568 1406 μνήμη,
3596 1339 3700 1390 εἶτ’

2129 1411 2222 1465 οὖν
2249 1416 2281 1484 ἡ
2310 1416 2471 1485 νοερά
2506 1421 2800 1488 προσευχὴ,
2827 1421 3130 1493 ὑψηλοτέρα
3155 1427 3342 1478 πασῶν
3373 1429 3482 1480 τῶν
3526 1432 3701 1498 ἐργα-

2133 1505 2262 1557 σιῶν
2317 1507 2486 1571 ὲστιν,
2540 1509 2679 1578 αῦτη
2725 1512 2819 1563 καὶ
2865 1515 3072 1585 κεφαλὴ
3114 1518 3342 1586 ἀρετῶν,
3374 1520 3449 1581 ὡς
3504 1523 3700 1590 ἀγάπη

2131 1595 2285 1650 Θεοῦ.
2314 1600 2421 1652 Καὶ
2458 1603 2486 1652 ὁ
2537 1602 2766 1664 ἀναιδῶς
2792 1604 2884 1656 καὶ
2910 1605 3151 1674 θρασέως
3197 1609 3515 1678 βουλόμενος
3559 1615 3701 1682 πρὶς

2131 1688 2220 1739 τὸν
2243 1689 2374 1742 Θεὸν
2394 1691 2653 1746 εἰσελθεῖν
2680 1695 2772 1746 καὶ
2799 1697 3078 1765 ὁμολογεῖν
3107 1700 3266 1775 αὐτὸν
3294 1701 3570 1771 καθαρῶς,
3603 1705 3700 1755 καὶ

2131 1781 2433 1849 κτήσασθαι
2463 1785 2626 1837 αὐτὸν
2665 1788 2722 1838 ἐν
2752 1787 2929 1856 ἐαυτῷ
2960 1788 3296 1859 βιαζόμενος,
3327 1792 3562 1856 εὐκόλως
3595 1794 3698 1848 θαι

2133 1886 2387 1924 νατουται
2415 1874 2442 1925 ὁ
2480 1873 2718 1938 τοιοῦτος
2756 1877 2847 1928 ὑπ’
2868 1878 3071 1940 αὐτῶν,
3095 1881 3202 1931 τῶν
3230 1881 3492 1947 δαιμόνων
3522 1883 3698 1952 λέγω,

2137 1961 2188 2014 εί
2236 1966 2802 2037 παραχωρηθήσεται’
2838 1970 3124 2040 τολμηρῶς
3163 1973 3272 2041 γὰρ
3319 1975 3411 2025 καὶ
3443 1975 3700 2041 αὐθαδῶς

2142 2065 2210 2117 τά
2240 2065 2388 2134 παρά
2411 2065 2506 2134 τὴν
2533 2065 2666 2119 ἰδίαν
2688 2063 3016 2116 κατάστασιν
3047 2063 3370 2130 ἐκζητήσας,
3407 2061 3542 2130 μετὰ
3571 2060 3710 2111 ἀλα-

2143 2158 2369 2220 ζωνείας
2404 2155 2652 2211 ἐκδιώκει
2696 2156 2800 2226 πρὸ
2837 2154 3028 2224 καιροῦ
3075 2154 3297 2220 φθάσαι.
3346 2151 3609 2213 Πολλάκις
3648 2151 3710 2202 δὲ

2142 2249 2690 2318 σπλαγχνιζόμενοςὸ
2729 2247 2953 2317 Κύριος,
2997 2247 3142 2315 ἡμᾶς
3209 2244 3421 2313 βλέπων
3473 2246 3530 2294 ἐν
3597 2247 3710 2304 τῶς

2138 2342 2360 2411 ὑψηλοῖς
2391 2342 2717 2411 τολμηροὺς,
2765 2341 2824 2393 ού
2864 2340 3182 2407 παραχωρεί
3212 2335 3598 2406 πειρασθῆναι,
3622 2336 3712 2387 ἵνα

2137 2432 2235 2500 τὴν
2283 2431 2477 2483 ἑαυτοῦ
2544 2431 2772 2492 ἕκαστος
2814 2430 3070 2496 ἐπιγνοὺς
3110 2429 3306 2497 οἴησιν,
3369 2427 3461 2494 ἀφ’
3511 2425 3715 2479 ἑαυτοῦ

2138 2523 2471 2592 ἐπιστραφῇ,
2497 2523 2602 2591 πρὸ
2646 2521 2739 2574 τοῦ
2767 2522 3022 2590 γενέσθαι
3067 2520 3265 2580 ὄνειδος
3315 2518 3584 2587 δαιμόνων
3619 2518 3717 2568 καὶ

2137 2612 2330 2680 γέλως,
2363 2614 2394 2682 ἢ
2431 2613 2701 2681 κλαυθμὸς
2742 2615 2800 2667 ἐν
2841 2611 3168 2682 ἀνθρώποις,
3215 2614 3310 2664 καὶ
3365 2609 3601 2678 μάλιστα
3635 2608 3716 2677 τῷ

2141 2704 2280 2773 μετά
2351 2706 2734 2774 μακροθυμίας
2800 2703 3117 2772 ἐκζητοῦντι
3170 2703 3262 2754 καὶ
3308 2700 3716 2764 ταπεινώσεως,

2137 2794 2236 2855 καὶ
2269 2795 2328 2846 τὸ
2375 2795 2559 2864 μεῖξον
2607 2795 2724 2864 μεθ’
2775 2794 3054 2862 ὑποταγῆς
3089 2792 3182 2844 καὶ
3235 2793 3553 2861 ἐρωτήσεως
3604 2791 3719 2841 τῶν

2139 2887 2420 2957 ἐμπείρων
2450 2885 2607 2938 τοῦτο
2665 2886 2722 2939 τὸ
2755 2885 3065 2955 θαυμαστὸν
3108 2884 3286 2954 ἔργον,
3345 2884 3538 2952 μήπως
3590 2883 3719 2933 ἀντὶ

456 2974 752 3025 certamine
801 2973 1066 3027 dimicant
1117 2989 1244 3030 cum
1273 2974 1639 3037 daemonibus,
1677 2985 1730 3028 et
1781 2977 2017 3045 gladium

2142 2978 2324 3039 σίτου,
2391 2979 2634 3042 ἀκάνθας
2696 2977 3003 3048 λεληθότως
3061 2976 3255 3047 θερίσῃ
3301 2975 3392 3026 καὶ
3457 2973 3717 3042 πικρίαν,

456 3062 698 3128 spiritus,
763 3064 855 3132 qui
913 3075 998 3120 est
1045 3065 1268 3118 verbum
1319 3066 1435 3128 Dei,
1487 3074 1672 3120 contra
1701 3068 2020 3138 eosjngiter

458 3157 705 3208 vibrant:
763 3155 970 3210 debiles
1025 3171 1154 3209 vero
1206 3165 1263 3210 et
1325 3157 1518 3210 novitii
1582 3158 1706 3227 fuga
1752 3168 1910 3212 caute
1957 3174 2020 3213 ac

460 3246 646 3300 timide
671 3248 822 3314 quasi
870 3262 993 3301 arce
1031 3256 1271 3313 utentes,
1317 3259 1372 3303 et
1405 3249 1608 3304 bellum
1663 3251 2016 3315 declinantes,

458 3355 557 3394 nec
616 3340 999 3409 intempestive
1063 3340 1351 3407 audentes,
1413 3349 1640 3395 mortem
1693 3345 1883 3397 vitant.
1939 3342 2020 3395 Tu

456 3443 657 3496 autem,
692 3432 736 3484 si
793 3434 928 3485 bene
967 3432 1180 3500 quietus
1226 3446 1306 3496 es,
1357 3443 1683 3500 exspectans
1737 3449 1858 3487 eum
1917 3435 2022 3487 Deo

457 3525 734 3588 unionem,
769 3525 876 3577 noli
906 3525 1194 3578 admittere
1255 3526 1302 3579 si
1345 3525 1482 3593 quid
1519 3525 1704 3579 videas
1740 3526 2019 3590 sensibile,

456 3619 541 3668 vel
568 3616 923 3684 intelligibile,
953 3617 1037 3671 vel
1061 3616 1322 3680 exterius,
1349 3616 1430 3669 vel
1464 3615 1709 3683 interius,
1747 3617 1825 3672 vel
1860 3619 2022 3672 etiam

458 3706 747 3789 imaginem
781 3706 1005 3770 Christi,
1042 3707 1127 3760 vel
1161 3707 1342 3761 adhuc
1371 3707 1544 3774 angeli
1579 3716 1674 3761 aut
1703 3709 1875 3762 sancti
1907 3709 2019 3762 for-

459 3815 628 3863 tnatu,
685 3799 767 3853 vel
813 3800 985 3852 lucem
1046 3801 1218 3853 menti
1277 3799 1577 3854 exltibitatn
1642 3812 1738 3853 aut
1769 3800 2022 3864 efﬁctam,

458 3895 585 3961 quia
637 3903 690 3946 et
750 3894 864 3961 ipsa
914 3907 1067 3946 mens
1125 3893 1288 3946 habet
1333 3893 1442 3947 vim
1489 3892 1814 3961 imaginandi
1847 3910 1875 3946 a
1928 3909 2024 3946 sua

461 3998 678 4050 natura,
703 3998 754 4040 et
785 3995 998 4054 Optatas
1025 3985 1182 4038 facile
1213 3995 1390 4055 potest
1420 3998 1808 4055 repraesentare
1825 3987 2026 4040 formas

462 4081 545 4132 bis
601 4079 694 4148 qui
729 4081 964 4133 nondum
1032 4079 1270 4147 perfecte
1311 4081 1378 4134 ad
1403 4079 1575 4148 ipsam
1614 4079 1924 4142 attendunt,
1973 4087 2027 4131 et

461 4171 541 4224 sic
595 4172 646 4224 in
677 4172 910 4239 seipsam
965 4171 1132 4225 infert
1187 4170 1597 4226 detrimentum.
1643 4169 1764 4238 Ipsa
1814 4183 2027 4238 quoque

463 4263 719 4316 memoria
764 4264 1027 4318 bonorum
1090 4271 1185 4315 aut
1255 4261 1517 4314 malorum
1589 4260 1800 4314 turbide
1859 4258 2024 4312 animi

461 4370 679 4410 sensum
746 4355 1039 4421 percellere
1095 4364 1150 4405 et
1217 4354 1283 4406 ad
1333 4353 1671 4419 phantasiam
1758 4349 2029 4405 adducere

461 4449 599 4501 solet
633 4465 648 4500 :
687 4445 830 4498 unde
885 4443 1194 4514 bujusmodi
1231 4445 1442 4496 animus
1481 4458 1510 4495 a
1563 4443 1742 4510 seipso
1775 4442 1833 4494 lit
1859 4445 2030 4510 pltau-

465 4539 712 4600 tasticus,
746 4551 850 4587 non
885 4535 1124 4603 quietus.
1153 4535 1301 4588 Ideo.
1338 4547 1470 4586 eave
1530 4548 1598 4586 ne
1640 4533 1779 4600 quid
1838 4532 2030 4586 credas

464 4627 629 4680 citius
660 4631 991 4688 assentieus,
1029 4630 1192 4680 etiam
1244 4627 1290 4680 si
1329 4627 1527 4679 bonum
1583 4629 1677 4688 sit,
1736 4633 2028 4693 antequam

464 4722 880 4790 interrogaveris
913 4726 1162 4788 expertos
1201 4729 1253 4772 et
1281 4719 1508 4772 multum
1570 4717 1910 4787 exquisieris,
1960 4731 2030 4768 ne

464 4815 604 4869 forte
629 4816 879 4868 damnum
915 4816 1128 4876 subeas,
1160 4811 1254 4866 sed
1304 4827 1458 4864 mane
1492 4810 1621 4863 illud
1655 4823 1796 4876 aegre
1829 4807 2028 4872 ferens,

464 4919 513 4958 ct
547 4921 762 4976 semper
796 4919 1019 4961 servans
1057 4915 1290 4958 mentem
1319 4912 1464 4955 tuam
1486 4901 1605 4953 sine
1630 4900 1832 4962 colore,
1856 4897 2031 4951 forma

466 4999 776 5066 autetiigie:
813 5013 935 5050 nam
969 5009 1109 5062 saepe
1157 4993 1284 5047 illud
1316 4992 1479 5046 etiam
1515 4991 1658 5059 quod
1706 4989 1851 5041 Deus
1921 4988 2027 5040 mi-

468 5100 616 5146 serat
647 5091 712 5144 ad
742 5089 1112 5159 probationem
1143 5097 1198 5140 et
1231 5099 1516 5146 coronam,
1548 5083 1733 5135 multis
1770 5080 2029 5136 damnum

472 5187 688 5240 intulit:
724 5183 832 5236 vult
863 5182 1006 5236 enim
1035 5179 1295 5232 Dominus
1328 5187 1510 5230 noster
1535 5182 1778 5228 nostrum
1802 5175 2034 5242 probare

472 5294 578 5348 quo
609 5285 795 5346 vergat
826 5275 1058 5329 liberum
1082 5271 1388 5324 arbitrium.
1424 5267 1522 5333 Qui
1554 5279 1684 5333 ergo
1739 5263 1886 5317 videt
1932 5263 2033 5315 ali-

473 5371 602 5440 quid
654 5369 928 5423 intellectu
960 5375 1051 5418 aut
1078 5377 1264 5426 sensu,
1307 5361 1430 5413 licet
1475 5358 1738 5437 divinitus
1785 5354 2031 5418 missum,

476 5474 527 5514 et
563 5458 882 5515 inconsultis
911 5455 1096 5526 peritis
1131 5451 1324 5520 accipit
1347 5451 1500 5512 illud,
1538 5449 1693 5502 facile
1740 5455 1889 5501 errat
1943 5455 2035 5498 aut

476 5563 756 5607 erraturus
787 5560 890 5606 est.
914 5559 973 5602 ut
1001 5547 1210 5600 facilius
1247 5543 1532 5610 recipiens.
1591 5539 1816 5607 Oportet
1853 5547 2031 5590 autem

479 5644 743 5698 ttovitium
769 5641 1049 5696 attendere
1077 5638 1252 5693 cordis
1283 5632 1606 5704 Operatioui,
1647 5641 1900 5699 tanquam
1927 5641 2032 5679 non

2138 3071 2261 3126 ἀντὶ
2298 3071 2657 3142 γλυκύτητος,
2699 3071 2791 3123 καὶ
2835 3070 2962 3123 ἀντὶ
2990 3069 3285 3137 σωτηρίας,
3316 3067 3522 3137 εὑρήσῃ
3559 3064 3719 3117 ἀπὼ-

2139 3163 2308 3215 λειαν.
2352 3163 2474 3215 Τῶν
2504 3164 2612 3233 γὰρ
2646 3162 2888 3216 δυνατῶν
2929 3163 3026 3215 καὶ
3062 3162 3286 3213 τελείων
3322 3160 3438 3211 ἐστὶ
3473 3175 3722 3226 μονομα-

2141 3252 2253 3318 χεῖν
2281 3250 2366 3301 ἀεὶ
2405 3251 2544 3319 μετὰ
2583 3249 2692 3301 τῶν
2722 3249 3013 3320 δαιμόνων,
3046 3249 3141 3303 καὶ
3178 3249 3275 3318 τὴν
3311 3249 3590 3317 μάχαιραν
3619 3246 3718 3299 τοῦ

2139 3338 2471 3407 πνεύματος,
2523 3341 2558 3410 ἦ
2609 3340 2725 3392 ἐστι
2765 3340 2918 3410 ῥῆμα
2951 3339 3109 3403 Θεοῦ,
3144 3333 3503 3409 πρδςάύτοὺς
3530 3338 3716 3406 διηνε-

2139 3432 2249 3492 κῶς
2270 3432 2592 3500 ἀνατείνειν,
2623 3435 2671 3485 οἱ
2699 3432 2752 3484 δὲ
2776 3433 3024 3494 ἀσθενεῖς
3047 3433 3140 3484 καὶ
3165 3430 3435 3500 ἀρχάριοι,
3469 3433 3533 3498 τῇ
3567 3432 3714 3498 φυγῇ

2141 3523 2260 3593 μετ’
2289 3525 2577 3588 εὐλαϐείας
2625 3526 2720 3579 καὶ
2743 3525 2933 3594 φόϐου,
2965 3525 3039 3587 ὼς
3062 3524 3379 3594 ὀχυρώματι
3413 3525 3714 3592 χρώμενοι,

2139 3618 2234 3669 καὶ
2267 3617 2356 3669 τὸν
2391 3618 2626 3688 πόλεμον
2651 3617 3101 3690 παραιτούμενοι,
3135 3617 3210 3686 μὴ
3239 3616 3343 3684 πρὸ
3369 3614 3563 3684 καιροῦ
3595 3615 3717 3666 τολ-

2141 3709 2370 3776 μῶντες,
2417 3709 2508 3761 τὸν
2553 3709 2778 3763 θάνατον
2819 3709 3191 3778 διαφεύγουσι.
3245 3708 3314 3759 Σὺ
3365 3707 3419 3758 δὲ
3455 3706 3550 3758 ἐὰν
3583 3708 3720 3774 ἡσυ-

2139 3800 2312 3870 χάξῃς
2339 3800 2542 3864 καλῶς,
2578 3801 2891 3870 προσδοκῶν
2933 3802 3073 3871 μετά
3099 3801 3191 3852 τοῦ
3221 3799 3357 3853 Θεοῦ
3400 3794 3561 3862 εἶναι,
3608 3817 3721 3867 μη-

2138 3889 2328 3942 δέποτε
2360 3889 2641 3960 παραδέξῃ
2666 3890 2722 3941 εί
2763 3907 2816 3942 τι
2847 3890 2911 3943 ἂν
2945 3890 3058 3961 ἴδῃς
3096 3889 3375 3957 αἰσθητὸν,
3431 3889 3464 3960 ἢ
3502 3889 3718 3958 νοερὸν,

2139 3975 2177 4049 ἦ
2199 3979 2419 4057 ἔξωθεν,
2472 3981 2504 4051 ἢ
2539 3981 2764 4049 ἔσωθεν,
2798 3983 2831 4055 ἢ
2867 3982 2970 4035 κᾶν
3004 3978 3142 4044 εἶδος
3173 3981 3408 4052 Χριστοῦ
3434 4022 3450 4045 ,
3484 3981 3514 4053 ἢ
3550 3980 3723 4049 δῆθεν

2139 4074 2398 4141 ἀγγέλου,
2444 4077 2477 4145 η
2521 4073 2676 4142 ἀγίου
2737 4073 2972 4145 μορφὴν,
3007 4075 3039 4145 ἢ
3084 4076 3198 4142 φῶς
3241 4073 3610 4141 φαντάζεσθαι
3640 4074 3724 4141 τῷ

2141 4161 2246 4226 νοῒ,
2298 4162 2330 4232 ἢ
2377 4162 2647 4215 ἐκτυποῦν
2681 4202 2696 4227 ,
2729 4163 2811 4216 ὅτι
2845 4165 2937 4218 καὶ
2983 4163 3145 4227 αὐτὸς
3172 4166 3200 4216 ὁ
3231 4163 3356 4226 νοῦς
3381 4165 3474 4232 ἀφ’
3516 4164 3720 4216 ἑαυτοῦ

2143 4254 2300 4321 φύσει
2353 4254 2463 4324 ἔχει
2507 4255 2567 4308 τὸ
2623 4255 3004 4325 φανταστικὸν,
3043 4256 3138 4309 καὶ
3184 4255 3382 4326 ῥᾳδίως
3412 4256 3726 4325 μορφάζειν

2141 4347 2386 4412 δίιναται,
2433 4349 2511 4410 εἱς
2557 4347 2593 4402 ἀ
2624 4348 2838 4416 ἐφίεται
2889 4350 3003 4412 τοῖς
3049 4352 3216 4419 μήπω
3259 4350 3502 4420 ἀκριϐῶς
3536 4329 3722 4418 τούτω

2141 4441 2524 4509 προσέχουσιν,
2555 4440 2614 4503 ὃς
2649 4441 2745 4494 καὶ
2783 4443 2863 4504 είς
2918 4442 3112 4494 ἐαυτὸν
3140 4441 3393 4510 ἐπιφέρει
3450 4441 3548 4510 τὴν
3601 4440 3726 4508 βλά-

2143 4532 2272 4601 ϐην.
2302 4533 2414 4584 Καὶ
2439 4532 2576 4602 αὐτὴ
2608 4532 2667 4586 δὲ
2706 4535 2740 4604 ἡ
2774 4533 2960 4602 μνήμη
3008 4531 3116 4584 τῶν
3155 4531 3398 4599 ἀγαθῶν,
3437 4531 3470 4602 ἢ
3503 4534 3719 4593 κακῶν,

2139 4623 2344 4675 τυποῦν
2381 4623 2592 4693 ἀθρόως
2620 4624 2716 4676 τοῦ
2741 4623 2831 4676 νοῦ
2861 4622 2957 4692 τὴν
2988 4622 3265 4692 αἴσθησιν,
3301 4623 3395 4674 καὶ
3425 4621 3560 4691 πρὸς
3581 4639 3722 4688 gav-

2140 4716 2332 4768 τασίαν
2355 4716 2580 4782 ἀνάγειν
2612 4715 2822 4766 εἴωθεν·
2868 4714 3001 4765 ὅπου
3033 4715 3127 4765 καὶ
3160 4713 3371 4779 γίνεται
3401 4714 3724 4780 φανταστὴς

2139 4807 2168 4858 ὁ
2200 4804 2437 4868 τοιοῦτος
2461 4807 2554 4873 ἀφ’
2581 4804 2797 4863 ἑαυτοῦ,
2825 4803 2921 4856 καὶ
2951 4803 3049 4872 οὐχ
3088 4805 3417 4872 ἡσυχαστής.
3443 4803 3544 4856 Διά
3559 4788 3725 4854 τοῦτο

2141 4897 2375 4968 πρόσεχε
2403 4895 2476 4966 μὴ
2506 4895 2804 4965 πιστεύσῃς
2839 4911 2892 4946 τι
2948 4893 3424 4961 συγκαταθέμενος
3475 4893 3718 4960 ταχέως,

2140 4991 2244 5042 κᾶν
2287 4988 2489 5056 ἀγαθόν
2540 4989 2678 5050 ἐστι,
2725 4987 2831 5056 πρὸ
2887 4987 3210 5056 ἐρωτήσεως
3271 4983 3577 5054 ἐμπείρων,
3627 4986 3726 5036 καὶ

2139 5081 2442 5145 ἐξετάσεως
2482 5081 2705 5152 πολλῆς,
2743 5081 2832 5132 ῖνα
2891 5079 2965 5148 μὴ
3011 5079 3238 5147 βλαὸᾖς,
3271 5076 3420 5129 ἀλλά
3455 5076 3588 5144 μένε
3624 5077 3724 5146 βα-

2143 5160 2405 5244 ρούμενος
2433 5175 2572 5242 πρὸς
2605 5173 2756 5237 αὐτὸ,
2789 5172 2876 5224 ἀεὶ
2905 5188 2969 5241 τη
2981 5171 3087 5239 ρῶν
3117 5187 3209 5222 σου
3233 5170 3325 5222 τὸν
3347 5168 3472 5221 νοῦν
3496 5171 3724 5238 ἀχροον,

2141 5265 2402 5326 ἀνείδεον,
2440 5263 2845 5333 ἀσχημάτιστον
2871 5278 2886 5293 ο
2920 5261 3180 5322 πολλάκις
3204 5259 3313 5331 γὰρ
3339 5261 3434 5314 καὶ
3465 5262 3604 5331 πρὸς
3639 5262 3723 5313 δοα

2143 5357 2309 5426 κιμὴν
2360 5358 2425 5408 ἐκ
2472 5355 2606 5408 Θεοῦ
2671 5354 2922 5423 πεμφθὲν
2974 5354 3063 5406 διὰ
3121 5354 3428 5421 στέφανον,
3487 5354 3723 5416 πολλοὺς

2141 5448 2341 5516 ἔϐλαψε
2367 5462 2380 5475 ⁸
2415 5447 2661 5517 βούλεται
2715 5446 2821 5515 γὰρ
2854 5448 2880 5498 ὁ
2919 5446 3120 5515 Κύριος
3146 5445 3301 5513 ἡμῶν
3340 5443 3400 5496 τὸ
3449 5446 3722 5514 ἡμέτεριν

2141 5537 2486 5602 αὐτεξούσιον
2517 5535 2834 5606 δοκιμάζειν
2893 5533 2995 5586 ποῦ
3052 5533 3231 5603 ῥέπει.
3276 5532 3333 5586 Ὀ
3379 5533 3722 5602 θεασάμενός

2142 5649 2189 5684 τι
2223 5630 2360 5684 κατὰ
2402 5629 2660 5693 διάνοιαν,
2698 5629 2727 5693 ἢ
2764 5627 2899 5681 κατὰ
2948 5624 3217 5691 αἴσθησιν,
3253 5623 3354 5678 κᾶν
3397 5625 3578 5678 θεόθεν
3610 5627 3718 5686 εἴη.
