3960 6190
328 186 460 252 1341

1360 186 1775 248 ΡΗᾸΞΟΕΡΤΛ
1812 186 1912 245 AD
1952 185 2515 247 HESYCHASTAS.

3421 193 3559 256 1342

318 295 415 345 καὶ
444 292 610 361 χωρὶς
643 292 750 344 τῶν
799 292 1079 363 ἐμπείρων
1123 294 1363 362 δέξηται,
1417 297 1657 365 εὐχερῶς
1688 300 1889 353 πλανᾶ-

2017 299 2222 366 :rranti,
2258 299 2362 353 alia
2388 312 2519 353 vero
2545 297 2727 353 omnia
2753 312 2860 353 non
2896 297 3168 368 excipere,
3215 314 3385 362 usque
3427 302 3555 354 dum

314 401 428 448 ται,
476 385 508 453 ἢ
558 384 740 455 μέλλει
782 386 1108 449 πλανᾶσθαι,
1168 387 1244 448 ὡς
1316 388 1740 459 εὑπαράδεκτος.
1796 396 1888 445 Δεῖ

315 478 372 529 δὲ
413 476 505 527 τὸν
540 477 801 545 ἀρχάριον
847 481 912 547 τῇ
974 478 1241 547 καρδιακῇ
1292 482 1541 551 ἐνεργείᾳ
1577 485 1885 553 προσέχειν,

316 571 391 631 ὡς
417 568 646 621 ἀπλανεῖ
669 608 683 631 ,
709 570 777 620 τὰ
797 570 840 622 δ’
869 569 1000 623 ἄλλα
1031 572 1206 623 πάντα
1237 571 1311 640 μὴ
1342 574 1762 644 παραδέχεσθαι,
1783 576 1887 638 ἕως

315 658 510 726 καιροῦ
538 658 760 726 είρήνης
789 658 997 711 παθῶν.
1042 658 1101 711 '0
1148 662 1257 727 γὰρ
1300 661 1431 724 Θεὸς
1457 664 1557 716 οὑκ
1586 666 1885 733 ἀγανακτεῖ

316 750 454 819 πρὸς
499 749 590 801 τὸν
634 748 809 818 ἐαυτῷ
844 751 1086 818 ἀκριϐῶς
1115 754 1449 821 προσέχοντα
1472 755 1561 807 διὰ
1610 757 1707 825 τὴν
1750 760 1885 811 πλά-

1995 393 2259 447 sedentur
2292 391 2595 461 passiones.
2648 391 2787 445 Deus
2821 397 2964 446 enim
2999 407 3104 445 non
3136 392 3449 461 indignatur
3500 395 3553 450 in

1992 493 2272 539 caventem
2311 482 2412 536 sibi
2442 482 2729 551 diligenter
2758 491 2902 535 metu
2925 483 3152 547 erroris,
3181 484 3394 538 etiamsi
3426 485 3555 552 quid

1992 572 2062 628 ab
2089 574 2208 641 ipso
2231 573 2454 626 missum
2482 573 2622 625 haud
2650 571 2934 628 admiserit
2964 572 3085 627 sine
3131 574 3558 643 interrogatione

1990 674 2043 719 et
2068 664 2233 717 multa
2256 663 2627 731 inquisitione,
2658 662 2753 718 sed
2788 679 2908 717 eum
2940 664 3119 730 potius
3145 664 3327 718 laudat
3360 674 3418 717 ut
3472 680 3559 719 sae

1990 754 2246 822 pientem,
2278 753 2380 805 etsi
2410 753 2731 820 quibusdam
2762 742 2839 807 sit.
2878 754 3068 806 iratus.

328 851 451 902 νην,
479 834 586 886 κᾶν
620 835 793 899 οὑτως
822 838 896 907 μή
931 841 1294 909 προσδέξηται
1322 844 1381 896 τὸ
1402 841 1534 912 παρ’
1558 841 1747 906 αὑτοῦ,
1778 842 1903 909 δίχα
1922 837 2241 907 ἐρωτήσεως
2270 833 2367 887 καὶ
2394 831 2598 901 πολλῆς
2646 836 2901 906 ἐρεύνης⁶
2940 832 3075 889 ἀλλὰ
3116 833 3319 902 μᾶλλον
3342 834 3558 890 ἐπαινεὶ

314 929 391 986 ὡς
418 929 601 998 σοφὸν,
632 931 737 985 κᾶν
766 934 857 986 ἐπί
881 952 1035 998 τινας
1064 939 1469 1008 ἠγανάκτησεν.

398 1044 474 1097 Οὑ
512 1044 719 1104 πάντας
745 1041 801 1092 δὲ
839 1040 1042 1108 ὀφείλει
1080 1040 1311 1109 ἐρωτᾷν,
1345 1038 1455 1091 ἀλλ’
1493 1038 1587 1089 ἐνα
1622 1038 1714 1089 τὸν
1733 1038 1897 1105 ἐμπιε-

334 1134 626 1189 στευθέντα
674 1133 772 1183 καὶ
802 1132 1005 1199 ἐτέρων
1046 1131 1399 1200 κυϐέρνησιν,
1452 1130 1547 1181 καὶ
1578 1130 1676 1198 βίῳ
1698 1130 1901 1197 ἀστρα-

334 1224 778 1294 πτοντα,πτωχδν
799 1224 894 1293 μὲν
912 1223 1295 1286 ὅντα,πολλοῦς
1311 1222 1363 1274 δὲ
1382 1214 1901 1284 πλουτίζοντα,κατὰ

333 1324 431 1391 τὴν
460 1320 703 1391 Γραφήν.
740 1318 932 1371 Πολλοὶ
970 1318 1079 1387 γὰρ
1108 1318 1322 1388 ἄπειροι
1382 1316 1611 1380 πολλοὺς
1639 1316 1897 1385 ἀνοήτους

334 1414 595 1481 ἔϐλαψαν,
629 1406 702 1465 ὧν
724 1412 784 1463 τὸ
812 1414 983 1481 κρῖμα
1013 1410 1196 1474 ἕξουσι
1226 1410 1363 1476 μετά
1387 1410 1637 1462 θάνατον.
1665 1409 1739 1461 Οὑ
1768 1407 1904 1461 πάν-

334 1522 443 1556 των
470 1503 579 1573 γάρ
629 1502 775 1553 ἐστιν
796 1501 1059 1569 ὁδηγῆσαι
1116 1502 1207 1554 καλ⁵
1242 1502 1455 1564 ἄλλους,
1489 1500 1603 1551 ἀλλ’
1634 1495 1715 1561 οἷς
1745 1496 1898 1565 ἐδόθη

334 1597 367 1663 ἡ
402 1592 521 1645 θεία
557 1592 850 1661 διάκρισις,
890 1590 1030 1642 κατὰ
1087 1589 1179 1641 τὸν
1226 1590 1579 1653 ’Δπὸστολον,
1633 1588 1907 1657 διάκρισις

2091 1033 2206 1087 Non
2242 1049 2431 1088 omnes
2465 1042 2677 1101 oportet
2710 1034 3071 1103 interrogare,
3105 1040 3198 1090 sed
3244 1049 3411 1088 unum
3450 1035 3590 1087 alios

2023 1125 2221 1177 ducere
2271 1124 2530 1177 scientem
2571 1134 2624 1176 et
2668 1125 2776 1176 vita
2824 1124 3215 1194 refulgentem,
3260 1125 3350 1193 qui
3391 1138 3591 1193 pauper

2021 1216 2089 1269 sit
2118 1224 2171 1268 et
2205 1216 2399 1267 multos
2418 1215 2773 1283 locupletans,
2804 1216 2954 1284 juxta
2989 1217 3326 1285 Scripturam
3364 1217 3406 1269 ¹.
3442 1214 3593 1268 Multi

2020 1310 2165 1364 enim
2211 1308 2475 1375 inexperti
2526 1308 2723 1363 multos
2780 1308 3149 1377 imprudentes
3203 1307 3593 1377 perdiderunt,

2020 1415 2250 1469 quorum
2296 1400 2702 1453 damnationem
2744 1400 3000 1453 subibunt
3028 1408 3147 1468 post
3184 1411 3433 1454 mortem.
3472 1396 3595 1452 Non

2020 1494 2263 1547 omnium
2300 1493 2444 1546 enim
2488 1502 2569 1545 est
2600 1491 2736 1544 alios
2776 1492 3009 1555 ducere;
3046 1492 3140 1545 sed
3181 1493 3379 1559 quibus
3412 1490 3593 1543 divina

2022 1584 2305 1646 discretio,
2336 1584 2591 1637 discretio
2629 1597 2819 1650 nempe
2845 1583 3154 1650 spirituum,
3183 1584 3333 1653 juxta
3367 1584 3593 1651 Aposto-

342 1661 683 1750 πνευμάτων,
711 1682 743 1748 ή
780 1680 1061 1745 διαιροῦσα
1090 1681 1153 1732 τὸ
1179 1682 1357 1749 χεῖρον
1382 1682 1490 1732 ἀπὸ
1520 1679 1614 1731 τοῦ
1659 1680 1906 1757 κρείττο·

2022 1676 2153 1742 lum,
2187 1677 2386 1730 bonum
2432 1691 2459 1726 a
2505 1674 2643 1728 malo
2687 1688 2942 1742 separans
2981 1674 3158 1742 gladio
3199 1674 3346 1728 verbi
3381 1676 3422 1728 '.
3457 1672 3590 1726 Nam

340 1791 447 1837 νος,
477 1774 542 1841 τῇ
572 1772 813 1839 μαχαίρᾳ
842 1770 934 1822 τοῦ
962 1771 1144 1837 λόγου.
1170 1772 1439 1832 Ἕκαστος
1468 1771 1575 1840 γὰρ
1604 1770 1740 1825 ίδίαν
1766 1772 1911 1838 γνῶ-

347 1882 454 1929 σιν,
486 1864 579 1917 καὶ
602 1863 870 1930 διάκρισιν
900 1864 1133 1934 φυσικήν
1156 1904 1172 1928 ,
1223 1863 1256 1935 ἢ
1291 1866 1620 1935 πρακτικὴν,
1652 1864 1687 1935 ἢ
1734 1864 1909 1932 μαθηο

349 1976 582 2048 ματικὴν
609 1976 890 2043 κέκτηται,
931 1975 1022 2026 καὶ
1051 1975 1111 2026 οὑ
1143 1973 1239 2042 τὴν
1268 1972 1361 2025 τοῦ
1396 1975 1705 2044 πνεύματος
1738 1976 1911 2029 ἀπαν-

344 2084 456 2131 τες.
493 2065 590 2118 Διά
608 2064 763 2118 τοῦτο
792 2064 977 2131 ἔλεγεν
1005 2066 1033 2116 6
1065 2063 1225 2131 σοφὸς
1258 2064 1480 2133 Σειράχ,
1512 2067 1576 2116 Οἱ
1608 2067 1918 2134 είρηνεύονυ

343 2160 434 2221 τές
476 2175 577 2221 σοι,
606 2156 850 2209 ἔστωσαν
884 2154 1093 2220 πολλοὶ,
1141 2156 1191 2207 οἱ
1238 2154 1294 2207 δὲ
1341 2154 1635 2223 σύμϐουλοί
1685 2173 1800 2217 σου,
1836 2152 1918 2220 εἷς

344 2243 453 2295 ἀπὸ
477 2242 682 2312 χιλίων.
715 2244 787 2294 Οὑ
820 2241 1013 2311 μικρὸς
1043 2242 1098 2294 δέ
1135 2242 1285 2309 άγὼν
1322 2244 1491 2307 ἐστιν,
1522 2243 1701 2314 εὑρεῖν
1723 2246 1916 2315 ὁδηγὸν

344 2334 581 2402 ἀπλανῆ,
609 2334 701 2386 καὶ
746 2336 857 2396 τοῖς
892 2334 1096 2403 ἔργοις,
1144 2335 1239 2387 καὶ
1290 2337 1405 2398 τοῖς
1455 2336 1653 2403 λόγοις,
1686 2338 1917 2401 καὶτοῖς

343 2427 625 2494 νοήμασιν.
693 2423 781 2475 Ἐν
837 2424 1047 2487 τούτοις
1105 2425 1298 2495 ὁρᾶταί
1381 2442 1463 2488 τις
1512 2427 1760 2497 ἀπλανὴς
1818 2427 1915 2489 ὢν,

342 2518 469 2569 ὅταν
500 2516 849 2585 ἐμμάρτυρον
885 2516 991 2567 ἀπὸ
1044 2516 1153 2567 τῶν
1210 2517 1370 2569 θείων
1400 2518 1632 2586 Γραφῶν
1684 2519 1783 2591 ἕχῃ
1820 2523 1915 2573 καὶ

342 2608 439 2678 τήν
471 2607 691 2677 πρᾶξιν,
728 2610 821 2659 καὶ
856 2608 955 2674 τὴν
993 2608 1278 2676 φρόνησιν,
1314 2612 1719 2680 μετριοφρονῶν
1743 2614 1799 2664 ἐν
1834 2607 1915 2675 οἷς

343 2702 424 2753 δεῖ
454 2703 691 2769 φρονεῖν.
738 2700 837 2751 Βία
886 2700 993 2769 γὰρ
1041 2701 1141 2751 οὑκ
1171 2700 1344 2769 ὀλίγη,
1384 2703 1585 2769 φθάσαι
1634 2705 1732 2772 τήν
1782 2704 1917 2773 ἀλή-

348 2793 497 2844 θειαν
522 2789 793 2861 φανερῶς,
821 2790 915 2843 καὶ
950 2790 1288 2860 καθαρεῦσαι
1337 2794 1444 2846 ἀπὺ
1499 2796 1607 2848 τῶν
1655 2798 1915 2848 ἐναντίων

342 2887 442 2953 τῆς
466 2883 708 2953 χάριτος,
730 2876 823 2934 ’ὅτι
864 2883 921 2933 ἐν
949 2884 1185 2952 σχήματι
1210 2884 1467 2953 ἀληθείας
1487 2887 1675 2940 εἴωθεν
1703 2888 1782 2950 (ἐν
1806 2889 1916 2949 τοῖς

2022 1768 2393 1836 mmsquisque
2436 1767 2710 1835 propriam
2758 1766 2919 1820 habet
2970 1767 3252 1821 scientiam
3295 1776 3351 1820 et
3388 1768 3596 1821 discre-

2020 1862 2221 1915 tionem
2266 1859 2607 1925 naturalem,
2649 1866 2742 1910 aut
2782 1859 3074 1927 practicam
3101 1900 3115 1924 ,
3159 1871 3250 1911 aut
3291 1858 3593 1912 matbema-

2021 1951 2205 2013 ticam,
2226 1948 2664 2015 sedspiritualem
2695 1963 2801 2000 non
2822 1963 3029 2001 omnes.
3052 1948 3343 2016 Propterea
3376 1947 3592 2001 diccbat

2020 2042 2239 2109 sapiens
2286 2037 2478 2091 Sirach
2504 2038 2561 2094 ³;
2588 2057 2605 2089 ι
2640 2037 2789 2091 Multi
2815 2039 3025 2107 paciﬁci
3055 2039 3163 2092 sint
3194 2040 3314 2104 tibi,
3341 2037 3592 2092 etconsi-

2020 2132 2209 2185 liarius
2251 2136 2321 2185 sit
2348 2132 2438 2186 tibi
2475 2146 2612 2185 unus
2642 2132 2708 2184 de
2738 2132 2902 2185 mille.
2934 2151 2952 2182 ι
2992 2132 3095 2185 Sed
3129 2148 3233 2186 non
3264 2131 3588 2201 parvadiili-

2020 2224 2193 2277 cultas
2208 2235 2288 2275 est
2306 2224 2547 2276 invenire
2575 2224 2761 2276 ducem
2788 2238 2889 2274 non
2923 2225 3283 2276 errabundum
3310 2219 3585 2291 operibus,

2017 2316 2467 2384 sermonibusque
2514 2327 2571 2369 et
2617 2316 3054 2385 cogitationibus.
3103 2319 3161 2369 In
3203 2317 3285 2370 bis
3317 2315 3588 2384 reperitur

2019 2407 2215 2475 aliquis
2246 2408 2451 2460 erroris
2490 2422 2705 2473 expers,
2741 2423 2859 2459 cum
2896 2409 3175 2475 probatam
3202 2407 3399 2459 divinis
3442 2406 3587 2458 Scri-

2021 2499 2195 2567 pturis
2228 2500 2390 2553 habet
2421 2501 2790 2568 operatiOnein
2830 2513 2883 2554 et
2916 2502 3275 2570 prudentiain,
3312 2500 3588 2551 moderate

2018 2594 2234 2659 sapiens
2284 2596 2337 2646 in
2391 2594 2586 2659 quibus
2642 2600 2857 2661 Oportet
2916 2608 3129 2662 sapere.
3189 2591 3321 2645 Nam
3372 2592 3419 2644 vi
3480 2607 3587 2645 non

2020 2685 2228 2738 modica
2265 2700 2400 2753 opus
2439 2695 2523 2739 est
2562 2685 2627 2737 ad
2672 2686 3014 2737 manifestam
3056 2685 3339 2737 veritatem
3391 2699 3587 2735 conse-

2018 2778 2286 2846 quendam
2333 2786 2387 2829 et
2424 2776 2761 2830 liberandam
2818 2778 2887 2829 ab
2936 2776 3171 2828 inimicis
3210 2775 3420 2843 gratim,
3462 2773 3587 2841 quia

2019 2870 2119 2922 sub
2152 2869 2330 2937 specie
2374 2867 2618 2921 veritatis
2664 2867 2797 2920 solet
2844 2865 3111 2928 diabolus,
3149 2866 3415 2933 imprimis
3448 2864 3587 2931 apud

343 2973 631 3044 ἀρχαρίοις
663 2974 918 3043 μάλιστα)
946 2974 975 3025 ὁ
1017 2975 1261 3039 διάϐολος
1284 2977 1549 3031 δεικνύειν
1581 2980 1679 3049 τήν
1711 2981 1906 3048 πλάνην

2022 2962 2258 3023 tirones,
2308 2959 2593 3010 ostendere
2646 2972 2795 3009 suam
2846 2957 3149 3018 fallaciam,
3199 2971 3294 3009 sua
3359 2969 3586 3023 nequam

342 3064 528 3127 αὑτοῦ,
579 3065 1069 3136 μετασχηματίζων
1099 3067 1169 3120 τὰ
1196 3069 1406 3139 πονηρά
1437 3069 1603 3122 αὑτοῦ
1635 3070 1710 3134 ὡς
1750 3088 1915 3123 πνευ-

344 3158 571 3228 ματικά.

421 3250 513 3302 Διά
542 3248 698 3302 τοῦτο
723 3251 751 3300 6
788 3250 924 3319 πρὸς
960 3250 1058 3320 τὴν
1101 3251 1345 3321 καθαρὰν
1376 3255 1683 3323 προσευχὴν
1713 3254 1913 3322 φθάσαι

344 3339 660 3401 σπουδάζων
687 3341 743 3392 ἐν
775 3340 995 3409 ἡσυχία,
1030 3343 1087 3391 ἐν
1132 3342 1318 3409 τρόμῳ
1360 3342 1541 3411 πολλῷ
1569 3346 1663 3395 καὶ
1708 3344 1911 3406 πένθει,

340 3434 434 3485 καὶ
479 3434 546 3503 τῇ
581 3431 647 3485 δι’
696 3434 1016 3501 ἐρωτήσεως
1060 3433 1338 3501 ἐμπείρων
1382 3435 1665 3503 ὁδηγήσει,
1714 3436 1915 3502 ὀφείλει

339 3523 564 3587 ὁδεύειν,
594 3525 685 3575 καὶ
713 3523 920 3576 κλαίειν
951 3523 1182 3575 πάντοτε
1212 3523 1351 3592 ὑπὲρ
1389 3524 1496 3576 τῶν
1547 3525 1691 3577 ίδίων
1734 3526 1913 3592 ἀμαρ-

338 3616 489 3678 τιῶν,
520 3614 857 3680 λυπούμενος
906 3615 1003 3667 καὶ
1035 3615 1367 3684 φοῦούμενος
1402 3617 1597 3685 μήπως
1650 3616 1908 3684 κολασθῇ,

340 3708 374 3778 ἢ
407 3705 498 3758 τοῦ
527 3705 659 3757 Θεοῦ
690 3706 899 3776 ἐκπέσῃ
934 3705 1225 3775 χωρισθεὶς
1252 3705 1364 3769 νῦν,
1391 3706 1423 3774 ἢ
1455 3708 1512 3757 ἐν
1542 3705 1618 3774 τῷ
1643 3706 1908 3774 μέλλοντι.

343 3800 510 3851 Ὀταν
533 3794 625 3852 οῦν
651 3798 733 3869 ἴδῃ
756 3798 783 3848 ὁ
811 3797 1054 3859 διάϐολός
1086 3814 1206 3849 τινα
1240 3797 1506 3860 πενθικῶς
1541 3797 1815 3865 διάγοντα,
1846 3798 1908 3849 ού

341 3889 638 3959 προσμένει
674 3890 809 3948 ἐκεῖ,
843 3887 941 3957 τὴν
974 3888 1038 3939 ἐκ
1087 3887 1180 3939 τοῦ
1219 3887 1446 3950 πένθους
1475 3888 1909 3957 προσγινομένην

338 3980 667 4033 ταπείνωσιν
685 3979 924 4032 δειλιῶν⁶
951 3980 998 4031 εἰ
1018 3978 1081 4031 δέ
1103 3978 1432 4047 φαντάζεται
1463 3980 1531 4031 τὰ
1557 3980 1734 4049 ὑψηλά
1775 3980 1910 4047 μετά

336 4072 563 4138 οἰήσεως
617 4069 860 4137 φθάσαι,
919 4068 1081 4121 πόθον
1128 4070 1416 4121 σατανικὺν
1460 4069 1555 4123 καὶ
1602 4071 1702 4121 οὑκ
1736 4068 1908 4139 ἀληθῆ

335 4157 689 4227 κεκτημένος,
714 4160 823 4219 τοῖς
857 4157 1047 4210 ἑαυτοῦ
1070 4158 1304 4220 δικτύοις
1331 4158 1585 4228 δεσμεύει
1617 4159 1776 4211 αὑτὸν
1812 4159 1906 4209 εὑ-

338 4249 509 4311 κόλως
536 4249 612 4309 ὡς
642 4249 806 4301 αὑτοῦ
826 4249 1127 4318 ὑπηρέτην.
1154 4251 1251 4302 Διά
1288 4251 1446 4302 τοῦτο
1474 4252 1726 4319 μέγιστον
1748 4251 1908 4302 ὅπλον

2018 3054 2394 3117 phantasmata
2428 3048 2691 3101 exhibens
2726 3056 2981 3115 tanquam
3015 3047 3340 3115 spiritualia.

2084 3226 2375 3294 Propterea
2428 3226 2520 3293 qui
2571 3241 2758 3293 puram
2800 3225 2996 3293 quietis
3042 3225 3342 3278 orationem
3398 3238 3591 3280 conse-

2014 3324 2106 3387 qui
2158 3320 2359 3385 studet,
2402 3318 2456 3371 in
2506 3328 2739 3371 tremore
2800 3317 2969 3369 multo
3018 3328 3179 3383 atque
3231 3317 3399 3381 luctu,
3450 3318 3589 3371 duce

2016 3414 2310 3480 peritorum
2388 3410 2851 3479 interrogatione,
2918 3409 3198 3462 ambulare
3272 3410 3473 3474 debet,
3532 3421 3590 3463 et

2014 3504 2143 3555 ﬂere
2185 3518 2397 3569 semper
2437 3518 2531 3555 sua
2584 3513 2823 3565 peccata,
2860 3515 3095 3553 moerens
3130 3510 3184 3551 et
3216 3500 3411 3552 timens
3455 3516 3520 3553 ne
3556 3517 3587 3553 a

2017 3598 2126 3650 Deo
2158 3598 2371 3649 excidat
2402 3612 2463 3648 ac
2494 3606 2776 3662 separetur
2815 3600 2865 3644 in
2913 3594 3164 3661 praesenti
3204 3591 3454 3645 futurove
3485 3607 3587 3644 sac-

2014 3690 2153 3741 culo.
2198 3687 2426 3751 Quando
2502 3688 2662 3753 igitur
2741 3685 2884 3738 videt
2943 3685 3189 3739 diabolus
3239 3684 3470 3751 aliquem
3532 3686 3585 3735 in

2012 3778 2157 3831 luctu
2208 3778 2517 3838 viventem,
2575 3792 2681 3829 non
2735 3776 2809 3829 ibi
2863 3788 3143 3837 remanet,
3196 3778 3461 3828 orientem
3519 3790 3585 3827 ex

2016 3870 2159 3923 luctu
2213 3867 2510 3922 formidans
2554 3868 2946 3934 humilitatem;
2986 3868 3030 3920 si
3069 3881 3197 3919 vero
3242 3880 3301 3919 se
3344 3865 3445 3917 sibi
3498 3880 3589 3917 su-

2012 3963 2201 4017 blimia
2254 3963 2574 4028 adepturum
2628 3960 2979 4027 imaginatur,
3029 3957 3331 4011 satanicum
3383 3958 3588 4011 habens

2012 4066 2067 4111 et
2111 4072 2217 4109 non
2271 4070 2456 4108 verum
2508 4055 2868 4117 desiderium,
2912 4054 3003 4106 ille
3054 4052 3167 4104 suis
3215 4050 3421 4104 retibus
3463 4064 3584 4101 eum

2012 4148 2170 4203 facile
2226 4149 2469 4217 implicat
2527 4157 2585 4201 ut
2638 4162 2794 4201 suum
2857 4160 3099 4199 servum.
3145 4144 3330 4211 Itaque
3376 4143 3588 4211 optimo

2012 4251 2189 4296 tectus
2220 4250 2302 4294 est
2337 4249 2512 4304 scuto,
2552 4240 2643 4307 qui
2695 4239 2935 4306 possidet
2966 4238 3021 4289 in
3070 4238 3318 4289 oratione
3359 4235 3587 4300 luctum,

334 4343 560 4409 κρατεῖν
618 4342 675 4392 ἐν
733 4342 1032 4409 προσευχῇ,
1064 4340 1159 4392 καὶ
1211 4340 1271 4392 τὸ
1306 4340 1515 4402 πένθος,
1568 4341 1654 4392 ἵνα
1706 4341 1779 4410 μὴ
1828 4344 1905 4403 είς

2017 4344 2075 4387 ut
2115 4350 2219 4386 non
2258 4334 2309 4385 in
2348 4330 2823 4399 praesumptionem
2866 4346 2930 4383 ex
2972 4328 3239 4381 orationis
3278 4326 3461 4379 lartitia
3504 4327 3587 4377 in-

337 4433 513 4499 οῐησιν
554 4429 662 4481 ἀπὸ
706 4429 802 4497 τῆς
856 4429 1030 4496 χαρᾶς
1074 4427 1174 4496 τῆς
1215 4429 1523 4497 προσευχῆς
1581 4434 1905 4499 περιπίπτῃ,

336 4520 475 4573 ὀλλά
516 4521 615 4589 τὴν
641 4518 999 4589 χαρμολύπην
1048 4518 1225 4589 ἐαυτῷ
1280 4518 1653 4587 ἐκλεγόμενος,
1696 4522 1909 4591 τηρήσῃ

337 4611 580 4680 ἀϐλαΰῆο
618 4614 649 4679 ή
690 4611 797 4680 γὰρ
832 4610 1077 4678 ἀπλανὴς
1136 4610 1430 4679 προσευχὴ,
1482 4609 1715 4680 ήθέρμη
1772 4614 1908 4680 μετά

338 4704 438 4771 τῆς
467 4702 773 4772 προσευχῆς
802 4701 895 4753 τοῦ
942 4700 1136 4767 Ἰησοῦ,
1178 4701 1270 4753 τοῦ
1305 4701 1553 4769 βαλόντος
1579 4703 1688 4769 πῦρ
1710 4704 1788 4765 εἰς
1811 4703 1907 4771 τὴν

339 4795 441 4862 γῆν
469 4795 566 4862 τῆς
597 4793 821 4862 καρδίας
846 4790 1005 4859 ήμῶν
1033 4793 1198 4853 ἐστιν,
1244 4794 1276 4861 ή
1306 4792 1631 4859 φλογίζουσα
1661 4793 1728 4845 τὰ
1763 4793 1905 4861 πάθη

340 4884 414 4946 ὡς
436 4883 695 4944 ἀκάνθας,
721 4884 814 4934 καὶ
836 4882 1173 4950 εὐφροσύνην
1200 4883 1291 4934 καὶ
1335 4883 1625 4951 ἱλαρότητα
1654 4882 1909 4951 summi}-

343 4990 411 5025 σα
442 4976 507 5041 τῇ
538 4972 706 5041 ψυχῇ.
735 4973 827 5024 καὶ
868 4974 1001 5041 μήτε
1036 4970 1202 5034 δεξιὰ,
1238 4973 1269 5042 ἢ
1314 4972 1602 5040 ἀριστερὰ,
1634 4972 1665 5041 ἢ
1694 4973 1904 5026 ἄνωθεν

339 5064 631 5131 ἐρχομένη,
662 5062 776 5113 ἀλλ’
820 5063 877 5113 ἐν
905 5061 1100 5131 καρδίᾳ
1148 5061 1514 5127 βλυστάνουσα
1539 5062 1695 5131 δίκην
1725 5063 1907 5132 πηγῆς

340 5152 532 5215 ὓδατος
561 5156 624 5204 ἐκ
651 5152 742 5205 τοῦ
768 5152 1031 5214 ζωοποιοῦ
1066 5152 1406 5218 Πνεύματος·
1452 5155 1544 5205 καὶ⁹
1580 5154 1782 5222 ταύτην
1812 5155 1906 5222 μό-

340 5262 437 5312 νην
462 5247 518 5295 ἐν
558 5243 755 5311 καρδίᾳ
814 5259 908 5293 σου
947 5242 1180 5309 πόθησον
1217 5242 1395 5311 εὑρεῖν
1443 5246 1534 5296 καὶ
1583 5246 1904 5314 κτήσασθαι,

338 5336 517 5402 τηρῶν
552 5350 647 5384 σου
693 5334 784 5383 τὸν
841 5332 968 5383 νοῦν
1014 5334 1100 5383 ἀεὶ
1140 5334 1480 5401 ἁφάνταστον
1506 5374 1519 5399 ,
1559 5338 1652 5388 καὶ
1701 5338 1906 5404 γυμνὸν

339 5427 623 5493 νοημάτων
643 5424 736 5476 καὶ
766 5423 1059 5492 λογισμῶν,
1089 5425 1180 5476 καὶ
1210 5426 1284 5495 μὴ
1312 5426 1497 5493 φοϐοῦο
1526 5429 1551 5478 ὁ
1576 5428 1684 5497 γὰρ
1710 5428 1901 5491 εἰπὼν,

424 5622 436 5650 ¹
469 5622 512 5677 ιι
544 5618 668 5674 Cor.
702 5637 772 5685 vr,
810 5620 888 5687 i0.

1010 5623 1027 5649 ²
1060 5621 1071 5672 Ι
1109 5618 1231 5672 (lor.
1275 5636 1371 5683 xu,
1424 5618 1519 5681 l0;
1560 5617 1719 5671 licbr.
1768 5635 1817 5682 v,
1857 5618 1946 5682 Η,

2006 4426 2175 4489 cidat,
2209 4426 2302 4479 sed
2336 4424 2608 4477 Ιεειίιίοιιιιι
2652 4437 2942 4477 inmrorem
2998 4420 3101 4473 Sibi
3148 4421 3373 4489 eligens,
3406 4426 3585 4471 servet

2008 4521 2295 4574 intactum.
2333 4517 2467 4569 Nam
2516 4518 2692 4569 oratio
2735 4533 2841 4568 non
2886 4530 3111 4569 erronea
3154 4524 3237 4567 est
3276 4512 3447 4565 oratio
3483 4509 3588 4562 fer-

2007 4615 2132 4669 vida
2164 4612 2317 4672 Jesu.
2348 4612 2437 4679 qui
2473 4612 2618 4664 misit
2654 4610 2830 4678 ignem
2861 4611 2912 4659 in
2948 4621 3147 4660 terram
3181 4607 3359 4658 cordis
3392 4610 3587 4667 nostri,

2009 4706 2335 4760 comburens
2376 4705 2499 4755 \‘ilin
2521 4703 2661 4755 sicut
2688 4705 2895 4768 Spinas,
2930 4701 3283 4763 lci-titiamque
3314 4705 3366 4749 et
3399 4695 3587 4747 hilari-

2009 4804 2173 4849 tatem
2194 4793 2425 4846 aﬂ'erens
2443 4794 2659 4854 animze,
2688 4808 2784 4843 nec
2810 4791 2875 4842 ad
2903 4791 3202 4847 dexteram.
3240 4795 3334 4838 aut
3370 4786 3433 4836 ad
3459 4784 3588 4836 sini-

2018 4894 2213 4947 stram,
2250 4892 2342 4937 aut
2374 4898 2589 4936 sursum
2624 4882 2832 4946 abiens,
2866 4882 2957 4934 sed
2993 4882 3041 4931 in
3078 4878 3239 4931 corde
3282 4877 3587 4931 scaturiens

2018 4977 2173 5045 quasi
2212 4975 2335 5028 fons
2375 4989 2528 5041 aquae
2573 4988 2600 5024 a
2636 4972 2851 5023 vivitico
2884 4972 3097 5039 spiritu.
3132 4968 3281 5022 Illam
3322 4970 3492 5021 solani
3536 4968 3585 5019 in

2019 5069 2178 5121 corde
2232 5078 2325 5121 tuo
2376 5068 2564 5133 cupias
2620 5064 2863 5118 invenire
2919 5077 2983 5117 ac
3040 5062 3324 5129 consequi,
3369 5074 3591 5114 servans

2016 5168 2252 5212 mentem
2309 5168 2455 5211 tuam
2512 5172 2725 5225 semper
2773 5156 3067 5224 imagimnn
3129 5154 3477 5218 idearnmque
3530 5165 3593 5203 ac

2016 5250 2405 5318 cogitationum
2468 5258 2791 5317 expertem;
2854 5263 2953 5300 nec
3011 5247 3224 5297 timeas.
3280 5241 3380 5307 Qui
3444 5241 3589 5293 enim

2021 5340 2207 5393 dixit‘
2240 5358 2254 5393 :
2286 5358 2305 5390 ι
2347 5339 2551 5392 Habele
2607 5340 2907 5391 ﬁduciam:
2959 5351 3056 5405 ego
3106 5351 3260 5399 sum,
3309 5332 3471 5385 nolite
3523 5334 3591 5385 ti-

2024 5447 2188 5495 mere,
2221 5450 2239 5481 ο
2281 5432 2395 5499 ipse
2438 5416 2714 5483 nobiscum
2746 5438 2825 5482 cst
2860 5442 3021 5495 quem
3065 5425 3381 5493 qna'rimus,
3415 5432 3594 5490 prote-

3090 5614 3107 5642 ⁸
3140 5610 3321 5663 Matth.
3356 5625 3465 5674 ιιν,
3501 5607 3592 5664 27.

1996 5620 2193 5686 Ephcs.
2240 5634 2314 5681 vi,
2358 5617 2440 5671 i7.
2578 5616 2595 5643 ³
2628 5614 2792 5668 Eccli.
2830 5629 2903 5679 vi,
2938 5614 2987 5666 6.
