3994 6206
411 195 546 261 i313

1641 190 1692 251 G
1705 191 1962 250 REGOR
1975 191 2032 249 [Ι
2085 190 2414 252 ΞΙΝΛΙΤιιζ

3511 201 3650 264 1344

401 328 536 382 gens
559 325 654 364 uos
685 324 913 379 semper.
947 307 1057 364 Nec
1096 307 1354 362 debenms
1383 307 1577 364 timere
1605 317 1699 358 aut
1731 321 1972 374 gemere,

2099 337 2116 370 t
2147 319 2432 385 Θαρσεῖτε,
2460 313 2570 382 ἐγώ
2587 315 2726 386 εἰμι,
2760 315 2835 384 μὴ
2863 315 3137 382 φοϐεῖσθε,
3159 333 3177 366 ι
3201 317 3365 383 αὑτός
3395 321 3510 373 ἐστι
3542 325 3660 388 μεθ’

402 403 572 458 Deum
628 403 965 456 invocantes.
1013 400 1166 466 Quod
1218 400 1263 454 si
1315 401 1406 469 qui
1460 400 1700 468 perversi
1751 409 1879 454 sunt
1922 411 1977 452 et

402 496 602 551 mentis
645 495 910 564 jarturam
958 492 1270 562 subierunt,
1311 492 1451 546 scito
1486 491 1535 547 id
1581 505 1647 544 ex
1693 491 1979 562 singulari-

400 596 512 642 tate
539 585 809 640 orationis
839 595 893 641 et
925 582 1180 652 superbia
1211 582 1500 638 accidisse.
1533 582 1635 648 Qui
1668 585 1809 636 enim
1845 583 1976 638 obe-

402 677 616 730 dienter
675 690 797 728 cum
850 673 1276 744 interrogatione
1325 683 1379 726 et
1428 673 1732 727 lmmilitate
1785 673 1977 742 quaerit

398 768 610 829 Deum,
663 773 942 833 utinquam
987 765 1222 836 peribit,
1273 765 1442 834 gratia
1485 764 1690 818 Christi
1740 765 1975 822 volentis

394 872 592 912 omnes
638 857 889 910 homines
942 857 1124 914 salvos
1158 856 1298 912 fieri.
1341 855 1420 910 Ae
1451 857 1554 910 etsi
1585 856 1768 910 veniat
1798 865 1976 910 tenta-

401 947 500 1012 tio,
533 947 599 1001 ad
628 947 1002 1013 probationem
1045 953 1100 999 et
1147 960 1404 1000 coronam
1435 946 1724 1015 contingit,
1758 947 1979 1012 permit-

400 1040 568 1094 tentis
596 1040 690 1094 Dei
725 1049 1032 1107 promptum
1059 1038 1334 1108 accipiens
1362 1038 1622 1093 auxilium
1658 1039 1818 1091 modo
1848 1038 1976 1091 huic

399 1134 639 1200 cognito.
669 1131 802 1186 Nam
825 1141 972 1186 recte
1000 1131 1266 1184 viventem
1294 1144 1820 1199 conversantemque
1849 1133 1980 1184 irre-

401 1224 862 1292 prehensihiliter,
894 1233 949 1279 et
979 1217 1157 1276 studio
1189 1221 1435 1290 placendi
1471 1221 1783 1275 hominibus
1814 1233 1977 1290 atque

401 1317 656 1385 superbia
710 1317 1028 1377 immunem,
1082 1314 1382 1369 innumeris
1431 1313 1752 1381 aggrediens
1799 1321 1978 1372 tenta-

408 1408 650 1465 tionibus
703 1416 816 1462 tota
863 1406 1170 1462 dtrmonum
1226 1405 1458 1473 phalanx
1515 1421 1619 1459 non
1680 1405 1868 1470 laedet,
1918 1414 1978 1465 ut

401 1500 558 1554 aiunt
593 1498 822 1565 Patres;
864 1498 954 1567 qui
997 1512 1126 1552 vero
1159 1503 1479 1566 arroganter
1509 1508 1563 1548 et
1593 1495 1814 1564 praprio
1849 1509 1979 1548 cou-

403 1592 529 1647 silio
576 1591 892 1657 ambulant,
942 1589 995 1643 hi
1042 1590 1294 1644 damnum
1344 1586 1503 1640 facile
1552 1587 1803 1640 subeunt.
1854 1587 1978 1639 Ideo

2095 411 2250 478 ἡμῶν
2297 408 2375 476 (ὃν
2409 405 2702 474 ζητοῦμεν,
2737 405 3124 476 ὑπερασπίζων
3176 409 3331 477 ἡμῶν
3381 413 3662 481 πάντοτε).

2095 501 2204 552 Καὶ
2253 499 2352 550 οὐκ
2384 497 2670 564 ὀφείλομεν
2721 495 2948 565 δειλιᾷν,
2995 497 3027 568 ἢ
3065 497 3342 560 στενάζειν
3394 501 3487 552 τὸν
3528 502 3665 553 Θεὸν

2095 590 2535 656 ἐπικαλούμενοι.
2563 589 2622 640 Εἰ
2657 586 2716 639 δὲ
2749 587 2842 647 καί
2870 604 3014 648 τινες
3066 588 3467 658 ἐξετράπησαν,
3525 592 3663 661 βλα-

2093 683 2278 745 ϐέντες
2329 680 2429 749 τὴν
2460 679 2634 748 φρένα
2659 717 2674 742 ,
2709 679 2812 747 ὅρα
2873 679 2955 730 ὃτι
3001 677 3110 730 ἀπὸ
3157 679 3530 751 ίδιοῤῥυθμίας
3565 684 3664 735 καὶ

2095 771 2543 844 ὑψηλοφροσύνης
2571 769 2728 824 τοῦτο
2757 769 3107 825 πεπόνθασιν.
3153 771 3214 824 '0
3243 771 3351 842 γὰρ
3383 775 3505 827 καθ’
3533 776 3662 828 ὐπο-

2089 866 2263 935 ταγὴν
2299 865 2438 935 μετὰ
2459 863 2778 933 ἐρωτήσεως
2811 863 2904 918 καὶ
2949 865 3449 934 ταπεινοφροσύνης
3478 865 3661 935 ζητῶν

2089 959 2179 1010 τὸν
2205 957 2358 1021 Θεὸν,
2393 956 2644 1008 οὐδέποτε
2677 954 3028 1024 βλαϐήσεται,
3062 956 3244 1025 χάριτι
3276 957 3533 1024 Χριστοῦ,
3559 959 3659 1010 τοῦ

2089 1049 2294 1108 πάντας
2319 1045 2637 1115 ἀνθρώπους
2661 1045 2903 1109 Θέλοντος
2939 1045 3193 1116 σωθῆναι.
3219 1048 3282 1099 El
3309 1048 3366 1100 δὲ
3385 1052 3477 1101 καὶ
3510 1067 3659 1119 συμ-

2088 1141 2155 1210 ϐῇ
2189 1139 2515 1213 πειρασμὸς,
2564 1137 2698 1206 πρὸς
2738 1137 2966 1206 δοκιμὴν
3001 1141 3094 1190 καὶ
3135 1139 3395 1207 στέφανον
3421 1143 3654 1207 γίνεται,

2085 1232 2296 1300 ταχέως
2321 1231 2457 1300 ἔχων
2485 1229 2583 1300 τὴν
2610 1228 2701 1281 τοῦ
2735 1228 3187 1300 παραχωροῦντος
3219 1231 3352 1284 Θεοῦ
3381 1234 3655 1304 βοήθειαν.

2086 1325 2153 1378 δι’
2175 1321 2266 1384 οὒς
2296 1319 2402 1374 οἶδε
2436 1321 2690 1390 τρόπους.
2723 1320 2826 1372 Τὸν
2859 1319 2966 1388 γὰρ
2995 1320 3170 1394 ὀρθῶς
3215 1321 3448 1391 βιοῦντα,
3473 1324 3657 1394 ἀμέμ-

2090 1430 2236 1480 πτως
2271 1427 2328 1470 τε
2381 1410 2891 1479 ἀναστρεφόμενον,
2945 1410 3038 1466 καὶ
3079 1412 3408 1480 ἀπεχόμενον
3443 1414 3658 1484 ἀνθρω-

2091 1501 2421 1570 παρεσκείας
2465 1500 2560 1550 καὶ
2597 1494 3078 1567 ὕψηλοφροσύνης,
3110 1499 3212 1548 κᾶν
3245 1498 3470 1567 μυρίους
3499 1502 3657 1569 κινή-

2089 1610 2170 1645 σει
2209 1591 2327 1650 ma‘
2371 1589 2534 1648 αὑτοῦ
2591 1589 2928 1666 πειρασμοὺς
2978 1590 3128 1643 πᾶσα
3171 1591 3278 1640 τών
3317 1590 3588 1657 δαιμόνων
3617 1594 3655 1660 ἡ

399 1685 608 1752 regiam
659 1682 824 1738 debet
884 1680 1029 1737 viam
1064 1679 1276 1748 quietus
1330 1694 1544 1747 semper
1592 1688 1795 1732 tenere.
1843 1679 1976 1730 Nam

2093 1681 2284 1749 φάλαξ,
2309 1682 2369 1732 οὐ
2407 1680 2618 1750 βλάψει,
2753 1651 2914 1750 φασιν
2939 1680 2988 1733 οἱ
3013 1681 3250 1747 Πατέρες
3271 1697 3283 1708 ·
3318 1681 3368 1732 οἱ
3401 1651 3455 1732 δὲ
3481 1651 3656 1733 auita-

399 1788 617 1826 omnem
644 1784 934 1826 excessum
962 1769 1119 1824 facile
1148 1770 1493 1838 praesumptio
1519 1768 1672 1837 sequi
1704 1771 1861 1836 solet,
1888 1771 1977 1824 cui

398 1879 555 1920 error
571 1866 830 1923 succedit.
849 1865 1051 1920 Cohibe
1067 1867 1354 1922 elationem
1381 1866 1578 1921 mentis
1602 1864 1814 1933 paulum
1832 1881 1978 1919 com-

402 1957 688 2024 primendo
718 1958 768 2014 in
790 1958 1036 2014 oratione
1059 1973 1143 2021 os,
1171 1958 1314 2010 haud
1343 1972 1468 2010 vero
1502 1959 1710 2010 narium
1739 1957 1980 2026 respira~

403 2049 608 2104 tionem
637 2052 779 2104 sicut
808 2050 1066 2120 imperiti,
1103 2061 1160 2103 ut
1193 2066 1300 2104 non
1337 2051 1590 2124 superbia
1625 2052 1808 2105 cadas.
1843 2051 1980 2105 Tres
2010 2119 2016 2123 _

409 2153 586 2196 autem
615 2152 744 2198 sunt
774 2143 1003 2197 virtutes
1033 2143 1253 2212 quietis,
1282 2159 1418 2212 quas
1447 2151 1664 2211 oportet
1692 2142 1980 2212 diligenter

408 2245 650 2298 servare,
681 2242 735 2287 et
763 2232 991 2302 singulis
1025 2233 1173 2286 horis
1200 2235 1431 2286 scrutari
1466 2248 1535 2286 an
1575 2233 1626 2286 in
1656 2233 1734 2287 eis
1766 2249 1981 2302 semper

407 2322 689 2391 degamus,
717 2338 784 2378 ne
811 2324 1083 2380 oblivione
1110 2326 1317 2392 decepti
1341 2337 1495 2379 extra
1521 2341 1613 2380 eas
1639 2326 1976 2396 gradiantur.

409 2411 476 2463 Et
529 2415 609 2466 lue
648 2413 864 2482 quidem
911 2425 1040 2468 sunt
1078 2430 1092 2466 :
1132 2415 1510 2482 temperantia,
1555 2417 1850 2480 silentium,
1898 2417 1981 2471 sui

410 2504 720 2572 despectus,
757 2506 808 2558 id
845 2515 966 2572 est,
1007 2505 1301 2560 humilitas.
1342 2506 1481 2560 Sunt
1522 2508 1666 2562 enim
1706 2509 1985 2578 generales

412 2603 466 2647 et
501 2611 621 2650 sese
655 2596 885 2650 invicem
919 2608 1268 2664 conservant,
1292 2613 1354 2650 ex
1386 2599 1572 2668 eisque
1601 2602 1774 2660 oratio
1805 2601 1986 2654 nasci-

416 2696 503 2740 tur
553 2697 607 2742 et
660 2689 860 2743 crescit
914 2703 1166 2757 semper..
1207 2689 1362 2746 Varie
1411 2701 1590 2746 autem
1655 2694 1984 2763 principium

412 2779 599 2844 gratiae
624 2778 694 2846 ,in
734 2779 985 2832 oratione
1022 2778 1400 2834 manifestatur
1441 2783 1580 2850 apud
1617 2785 1900 2851 quosdam,
1932 2794 1988 2839 et

415 2869 728 2922 multimode
759 2868 1070 2923 distributio
1107 2866 1367 2938 Spiritus,
1396 2872 1471 2924 ait
1500 2872 1785 2938 Apostolus
1815 2872 1856 2936 ί,
1889 2886 1988 2940 pro

2083 1774 2189 1840 δὼς
2246 1774 2341 1828 καὶ
2377 1771 2682 1834 ίδιοϐούλως
2723 1774 3102 1841 πορευόμενοι,
3134 1767 3280 1823 οὗτοι
3321 1773 3415 1824 καὶ
3448 1772 3656 1840 βλάϐην

2084 1865 2324 1934 εὐχερῶς
2355 1863 2694 1932 ὑφίστανται.
2720 1866 2818 1916 Διά
2849 1861 3009 1915 τοῦτο
3033 1862 3315 1932 βασιλικὴν
3351 1863 3467 1914 ὁδλιν
3496 1865 3654 1930 ὀφείο

2082 1956 2164 2008 λει
2198 1959 2225 2008 ὁ
2253 1955 2539 2024 ἡσυχάζων
2582 1942 2668 2007 ἀεὶ
2717 1956 2957 2026 κρατεῖν.
3009 1955 3088 2024 Τῇ
3127 1954 3235 2023 γὰρ
3283 1954 3554 2024 ὑπερϐολῇ
3592 1958 3652 2006 ἐν

2085 2049 2216 2100 πᾶσι
2289 2047 2486 2108 ὁαδίως
2536 2048 2569 2114 ἡ
2617 2046 2790 2114 οἴησις
2840 2046 3220 2099 ἐπακολουθεῖν
3267 2047 3527 2116 πέφυκεν,
3585 2050 3656 2116 ἦν

2085 2152 2260 2219 πλάνη
2292 2146 2620 2216 διαδέχεται.
2649 2143 2858 2214 Κράτει
2906 2141 2998 2194 τὸν
3039 2140 3354 2209 ἀνασασμδν
3400 2139 3494 2193 τοῦ
3537 2139 3672 2205 νοῦ,

2083 2243 2265 2308 ὀλίγον
2325 2239 2571 2308 σφίγγων
2623 2237 2679 2288 ὲν
2723 2235 2995 2306 προσευχῇ
3025 2233 3085 2284 τὸ
3136 2234 3330 2302 στόμα,
3371 2233 3464 2284 καὶ
3485 2232 3547 2284 οὒ
3568 2233 3668 2283 τὸν

2084 2337 2184 2402 τῆς
2217 2332 2389 2403 ῥινὸς,
2435 2330 2510 2392 ὼς
2560 2328 2609 2379 oi
2653 2326 2908 2394 ἀμαθεῖς,
2939 2325 3026 2378 ἵνα
3073 2323 3148 2393 μὴ
3183 2323 3382 2392 βλαϐῇς
3406 2321 3667 2389 ἐξογκοῦ-

2087 2442 2267 2495 μενος.
2291 2423 2451 2488 Τρεῖς
2479 2421 2535 2473 δὲ
2565 2418 2760 2489 ἀρεταί
2797 2419 2904 2469 εἱσι
2945 2417 3041 2485 τῆς
3069 2417 3317 2486 ἡσυχίας,
3357 2416 3420 2478 ἂς
3449 2415 3530 2467 δεῖ
3558 2431 3666 2480 φυ-

2085 2515 2300 2568 λάττειν
2333 2511 2594 2584 ἀκριϐῶς,
2627 2509 2720 2562 καὶ
2765 2507 2885 2561 καθ’
2913 2506 3065 2576 ὥραν
3099 2508 3344 2576 έρευνᾷν,
3377 2507 3422 2558 εἰ
3458 2507 3515 2556 έν
3556 2507 3664 2556 αὖε

2085 2611 2203 2672 ταῖς
2231 2609 2316 2660 ἀεὶ
2349 2604 2716 2674 διατρίϐομεν,
2754 2605 2948 2673 μήπως
2997 2601 3102 2654 ὑπὸ
3133 2600 3303 2670 λήθης
3358 2599 3670 2665 κλεπτόμε-

2088 2719 2190 2760 νοι,
2239 2699 2436 2763 ἔξωθεν
2478 2698 2656 2752 αὐτῶν
2699 2695 3076 2767 πορευώμεθα.
3106 2695 3174 2748 Al
3208 2694 3264 2746 δέ
3301 2695 3437 2745 εἰσιν
3477 2685 3663 2744 αὗταιο

2090 2793 2124 2860 ἠ
2168 2790 2481 2858 ἐγκράτεια,
2521 2789 2554 2857 ἡ
2586 2785 2786 2854 σιωπὴ,
2812 2784 2905 2837 καὶ
2931 2785 2964 2855 ἡ
2992 2781 3360 2852 αὐτομεμψία,
3387 2783 3668 2834 τουτέστιν

2087 2886 2121 2952 ἡ
2169 2881 2516 2942 ταπείνωσις.
2552 2877 2907 2948 ¹Περιεκτικαλ
2935 2875 3042 2946 γάρ
3073 2877 3179 2928 εἱσι
3201 2907 3235 2938 ,-
3268 2875 3360 2926 καὶ
3414 2873 3670 2940 ἀλλήλων

414 2959 590 3027 ipsius
629 2960 909 3011 voluntate
951 2961 1196 3012 cernitur
1229 2975 1293 3015 ac
1327 2961 1694 3029 cognoscitur,
1730 2963 1803 3016 ita
1832 2972 1891 3015 ut
1919 2961 1985 3014 ad

2093 2974 2442 3040 φυλακτικαὶ,
2469 2972 2526 3038 ἐξ
2552 2963 2627 3024 ὧν
2659 2972 2692 3040 ή
2725 2968 3000 3039 προσευχὴ
3031 2967 3273 3020 τίκτεται
3322 2968 3414 3018 καὶ
3438 2965 3668 3028 αὐξάνει

415 3052 704 3120 imaginem
759 3049 886 3104 Elite
931 3049 1202 3104 Theshitaa
1243 3051 1295 3103 in
1345 3051 1500 3106 nobis
1549 3062 1805 3120 appareat
1843 3055 1885 3109 ’.
1921 3054 1981 3108 In

417 3142 687 3195 nonnullis
715 3142 932 3211 quidem
961 3143 1191 3211 spiritus
1224 3142 1456 3206 timoris,
1483 3144 1804 3199 subvertens
1835 3158 1987 3198 mon-

416 3243 498 3288 tes
519 3233 900 3302 cupiditatum,
927 3243 983 3286 et
1007 3241 1298 3288 conterens
1323 3244 1502 3302 petras
1527 3249 1621 3288 seu
1644 3235 1777 3289 dura
1799 3236 1982 3296 corda,

415 3326 758 3393 supervenit;
809 3326 880 3378 ita
937 3333 995 3378 ut
1040 3326 1235 3380 timore
1279 3326 1431 3394 quasi
1478 3327 1646 3381 clavis
1693 3330 1888 3397 ligatur
1933 3339 1989 3384 et

418 3428 628 3472 mortua
665 3418 759 3472 ﬁat
793 3433 943 3474 caro.
975 3419 1035 3472 In
1069 3419 1192 3472 aliis
1225 3429 1404 3472 autem
1441 3423 1728 3474 commotio
1758 3435 1850 3474 seu
1879 3419 1990 3473 ala-

413 3511 602 3575 critas,
634 3526 794 3579 quam
824 3520 878 3565 et
909 3510 1334 3566 exsultationem
1378 3510 1576 3565 clarius
1620 3510 1807 3564 Patres
1836 3512 1988 3566 dixe-

419 3611 572 3670 runt,
601 3604 831 3657 maxime
859 3602 1238 3657 iuunaterialis
1261 3611 1316 3654 et
1339 3601 1713 3657 substantialis
1737 3602 1790 3655 in
1817 3603 1991 3658 visce-

419 3697 571 3749 ribus
602 3696 907 3749 ostenditur
934 3709 949 3748 :
982 3696 1125 3763 quod
1157 3693 1304 3747 enim
1342 3707 1451 3747 non
1488 3703 1569 3746 est
1602 3693 1904 3748 suusisteus
1937 3701 1990 3746 et

414 3787 798 3851 substantiale,
838 3802 947 3841 non
993 3787 1226 3840 exsistit.
1253 3785 1406 3854 Apud
1458 3785 1595 3839 alios
1647 3787 1898 3854 denique,
1939 3795 1993 3839 et

423 3880 694 3949 imprimis
727 3878 869 3946 apud
903 3880 1138 3932 maxime
1169 3880 1223 3932 in
1253 3879 1498 3932 oratione
1525 3891 1859 3946 progressos,
1891 3892 1991 3929 au-

424 3987 536 4025 ram
579 3972 720 4026 lucis
769 3981 989 4025 tenuem
1037 3983 1100 4024 ac
1144 3969 1320 4046 lepem
1368 3969 1515 4023 amat
1558 3967 1734 4033 Deus,
1775 3967 1993 4023 Christo

423 4065 701 4120 habitante
735 4065 788 4116 in
826 4064 1010 4128 corde,
1037 4062 1189 4130 juxta
1225 4061 1567 4132 Apostolum,
1601 4071 1654 4116 et
1685 4063 1908 4131 mystice
1940 4062 1992 4114 in

421 4158 612 4226 spiritu
638 4157 964 4227 refulgente.
986 4157 1284 4226 Propterea
1309 4157 1522 4211 dicebat
1545 4155 1686 4211 Deus
1711 4156 1774 4210 ad
1798 4155 1990 4220 Eliam,

2090 3066 2400 3128 διαπαντός.
2456 3063 2738 3133 Διαφὸρως
2787 3061 2843 3114 δὲ
2897 3061 2930 3130 ὴ
2981 3059 3127 3129 ἀρχὴ
3182 3059 3281 3122 τῆς
3332 3057 3555 3126 χάριτος
3603 3060 3666 3106 ὲυ

2093 3159 2368 3226 προσευχῇ
2403 3154 2757 3221 ἀναφαίνεται
2801 3152 2880 3214 εἷς
2912 3167 3088 3212 τινας,
3129 3149 3222 3201 καὶ
3253 3143 3610 3216 πολυτρόπως
3634 3148 3666 3196 ὁ

2095 3249 2360 3320 μερισμὸς
2397 3247 2492 3301 τοῦ
2521 3245 2850 3316 πνεύματος,
2880 3245 3045 3314 φησιν
3067 3245 3096 3296 ὁ
3149 3241 3487 3303 Ἀπόστολος,
3521 3239 3667 3292 κατὰ

2097 3342 2192 3411 τὴν
2222 3341 2386 3395 αὐτοῦ
2417 3341 2638 3411 θέλησιν
2676 3338 2975 3409 καθορᾶται
3027 3337 3120 3389 καὶ
3150 3333 3496 3402 γινώσκεται,
3521 3332 3665 3384 ὥστε

2094 3435 2236 3488 κατὰ
2285 3434 2374 3486 τὸν
2428 3432 2597 3486 τύπον
2629 3430 2810 3484 Ἠλιοῦ
2854 3429 2948 3482 τοῦ
2982 3427 3262 3488 Θεσϐίτου,
3307 3427 3403 3478 καὶ
3442 3429 3500 3477 ὲν
3532 3427 3665 3493 ἡμῖν

2097 3525 2364 3592 φαίνεται.
2401 3525 2498 3576 Ἐν
2524 3541 2632 3577 τισι
2670 3527 2768 3590 μὲν
2827 3521 3042 3591 πνεῦμα
3073 3521 3260 3589 φόϐου.
3303 3519 3517 3572 διαλύων
3562 3520 3664 3587 ὅρη

2096 3615 2303 3681 παθῶν,
2337 3616 2431 3669 καὶ
2459 3615 2742 3685 συντρίϐον
2770 3613 2994 3682 πέτρας,
3026 3611 3124 3675 τὰς
3154 3611 3390 3682 σκληρὰς
3414 3610 3663 3680 καρδίας.

2096 3709 2337 3778 ἔρχεται,
2363 3707 2504 3763 ὥστε
2537 3708 2645 3762 ἀπὸ
2675 3706 2767 3760 τοῦ
2819 3706 2985 3776 φόϐου
3015 3705 3399 3774 καθηλοῦσθαι,
3433 3707 3524 3757 καὶ
3568 3704 3668 3772 τὴν

2098 3801 2274 3871 σάρκα
2307 3801 2509 3872 νεκρὰν
2543 3799 2808 3868 γίνεσθαιο
2858 3799 2916 3851 ὲν
2967 3799 3173 3868 ἑτέροις
3201 3798 3258 3849 δὲ
3314 3797 3662 3864 συσσεισμδς.

2099 3891 2199 3944 εἴτ’
2223 3888 2314 3946 οὖν
2337 3891 2648 3962 ἀγαλλίαμα
2691 3891 2740 3962 (ὅ
2788 3891 2883 3943 καὶ
2924 3890 3201 3960 σκίρτημα
3242 3888 3589 3959 τρανώτερον
3617 3889 3670 3940 οι

2101 3981 2338 4050 Πατέρες
2365 3982 2666 4052 εἰρήκασι),
2695 3983 2752 4034 έν
2781 3978 3018 4049 πρώτοις
3046 3979 3228 4044 ἆῠλον,
3273 3981 3367 4034 καὶ
3407 3979 3684 4042 οὐσιῶδες

2102 4071 2159 4123 ὲν
2189 4072 2517 4141 σπλάγχνοις
2561 4071 2856 4125 δείκνυται.
2896 4070 2969 4122 Τὸ
3013 4069 3120 4137 γὰρ
3149 4069 3396 4123 ἁνούσιον
3430 4069 3526 4122 καὶ
3567 4071 3671 4121 ἀν-

2102 4159 2424 4223 υπὸστατον,
2467 4159 2558 4214 καὶ
2596 4160 2670 4231 μὴ
2705 4158 2763 4212 ὂν
2805 4159 2972 4211 ἐστίν’
3013 4161 3072 4211 ὲν
3113 4158 3320 4228 ἑτέροις
3359 4158 3452 4223 δὲ,
3483 4159 3672 4210 τελευ-

424 4252 478 4303 iu
503 4261 685 4305 monte
708 4249 888 4306 Horeb
910 4251 929 4281 '
955 4266 970 4304 :
999 4268 1016 4300 ι
1047 4249 1163 4303 Non
1185 4251 1237 4304 in
1260 4251 1621 4306 commotione
1643 4248 1986 4311 Dominum,»

2101 4251 2248 4301 ταῖον
2297 4249 2468 4320 αῦραν
2504 4250 2708 4321 λεπτὴν
2748 4252 2926 4318 φωτὸς
2958 4250 3263 4320 είρηναίαν,
3288 4251 3346 4302 ὲν
3395 4253 3505 4313 τοῖς
3537 4267 3678 4320 πρε-

423 4343 636 4396 scilicet
658 4342 712 4396 in
737 4341 1155 4410 particularibus
1185 4341 1421 4394 tiromuu
1450 4341 1729 4408 operibus,
1756 4339 1849 4394 sed
1885 4357 1903 4389 ι
1939 4340 1994 4394 in

425 4448 558 4486 aura
587 4432 735 4486 tenui
763 4450 780 4481 ι
811 4432 948 4486 lucis
972 4447 1115 4496 esse,
1134 4433 1206 4486 ibi
1237 4433 1524 4485 Dominum
1553 4432 1848 4498 perfectam
1874 4446 1996 4486 esse

329 4584 345 4599 _
424 4527 724 4578 orationem
761 4523 1076 4578 ostendens.

2102 4336 2297 4405 κύψασι
2325 4337 2556 4406 μάλιστα
2601 4339 2657 4390 ὲν
2705 4339 3020 4408 προσευχῇ,
3053 4339 3263 4408 ἐνεργεῖ
3321 4338 3349 4389 ὁ
3382 4337 3534 4399 Θεὸς,
3572 4338 3674 4390 τοῦ

2102 4427 2337 4495 Χριστοῦ
2367 4431 2422 4480 έν
2444 4427 2996 4499 καρδίᾳοίκήσαντος,
3023 4428 3161 4481 κατὰ
3188 4428 3279 4481 τὸν
3321 4427 3673 4496 Ἀπόστολον,

2105 4516 2197 4570 καὶ
2224 4518 2496 4588 μυστικῶς
2529 4519 3045 4606 ἀναφαινομένουφὲν
3077 4517 3367 4589 πνεύματι.
3394 4520 3492 4572 Διὰ
3515 4519 3679 4576 τοῦτο

425 4611 611 4676 ἔλεγεν
636 4611 664 4660 ὁ
704 4608 837 4669 Θεὸς
869 4604 1007 4671 πρὸς
1047 4603 1144 4658 τὸν
1183 4603 1370 4659 Ἠλίαν
1402 4605 1460 4656 ἐν
1500 4604 1618 4674 ὄρει
1651 4603 1879 4674 Χωρὴϐ,
1916 4603 1997 4656 ὅτι
2021 4604 2119 4658 οὐκ
2140 4611 2196 4658 ὲν
2223 4607 2353 4674 τῷδε
2409 4610 2441 4678 ἢ
2494 4609 2628 4680 τῷδε
2659 4611 2884 4682 Κύριος,
2921 4603 3032 4668 τῶν
3072 4611 3358 4682 ἀρχαρίων
3399 4615 3672 4681 ,μερικαῖς

427 4704 738 4772 ἐνεργείας,
767 4701 883 4754 ἀλλ’
912 4705 969 4754 ἐν
992 4700 1138 4774 αὔρᾳ
1169 4701 1340 4772 λεπτῇ
1372 4702 1570 4770 φωτὸς,
1597 4704 1761 4756 κάκεῖ
1785 4702 2008 4768 Κύριος,
2047 4702 2109 4754 τὸ
2143 4704 2349 4758 τέλειον
2371 4705 2658 4773 ὑποδείξας
2685 4709 2788 4778 τῆς
2817 4709 3132 4781 προσευχῆς

505 4796 767 4862 Quaestio.
805 4797 942 4863 Quid
971 4800 1136 4855 faciat
1166 4803 1384 4873 aliquis,
1417 4819 1540 4857 cum
1585 4805 2003 4860 transformatur

431 4888 644 4943 daemon
677 4890 730 4943 in
761 4892 1009 4960 angelum
1044 4894 1202 4957 lucis,
1233 4904 1287 4948 et
1316 4895 1592 4948 hominem
1623 4896 1862 4965 decipit?

503 5061 1046 5137 Responsio.Pr0pter
1063 5069 1167 5128 hoc
1186 5071 1396 5139 indiget
1421 5073 1582 5130 homo
1601 5077 1771 5131 multa
1795 5078 2006 5135 discre-

435 5156 596 5222 tione,
624 5166 680 5210 ut
704 5159 998 5214 discrimen
1025 5163 1151 5216 honi
1181 5178 1245 5218 ac
1276 5166 1402 5219 mali
1433 5176 1714 5236 agnoscat.
1741 5170 1819 5227 Ne
1842 5172 2006 5242 igitur

431 5256 482 5298 te
514 5251 622 5301 cito
655 5256 708 5301 et
743 5249 934 5304 leviter
975 5257 1168 5307 credas
1209 5260 1621 5325 apparentibus,
1655 5261 1751 5314 sed
1786 5276 2006 5319 remane

429 5342 628 5406 gravis,
667 5352 718 5395 et
761 5355 879 5412 post
924 5346 1148 5400 multam
1187 5348 1559 5415 probationem
1589 5353 1788 5410 bonum
1820 5371 2000 5422 serva,

431 5437 630 5491 malum
671 5453 799 5494 vero
826 5441 1002 5510 ahjice
1027 5457 1041 5496 :
1072 5443 1235 5498 debes
1268 5446 1430 5517 igitur
1457 5449 1688 5518 probare
1715 5465 1770 5509 et
1793 5456 2002 5511 discer-

2195 4812 2388 4882 Ἐρώτ.
2436 4813 2500 4865 Τί
2546 4813 2762 4878 ποιήσει
2812 4828 2915 4873 τις,
2964 4811 3052 4863 ὅτε
3084 4808 3620 4878 μετασχηματίζεται
3649 4811 3680 4862 ὁ

2107 4905 2312 4974 δαίμων
2369 4905 2448 4967 εἰς
2493 4903 2590 4972 in
2605 4903 2722 4957 ελον
2777 4902 2978 4970 φωτὸς,
3018 4901 3112 4953 καὶ
3136 4900 3423 4969 ἀποπλανᾷ
3447 4901 3537 4952 τὸν
3573 4902 3680 4953 ἆν-

2109 4999 2328 5067 θρωπον
2349 5014 2364 5060 ;

2191 5089 2428 5155 Ἀπόκρ.
2473 5085 2572 5138 Διὰ
2598 5083 2759 5138 τοῦτο
2799 5083 2989 5153 χρείαν
3035 5081 3148 5152 ἔχει
3175 5084 3203 5134 ὁ
3233 5081 3517 5152 ἄνθρωπος
3539 5083 3682 5135 πολ-

2105 5177 2202 5247 λῆς
2227 5177 2567 5247 διακρίσεως,
2593 5175 2680 5228 ἵνα
2712 5174 2812 5244 τὴν
2844 5173 3108 5242 διαφορὰν
3135 5171 3228 5225 τοῦ
3260 5171 3426 5227 καλοῦ
3462 5173 3558 5223 xa‘t
3580 5175 3681 5225 τοῦ

2107 5267 2277 5321 κακοῦ
2323 5266 2679 5340 ὲπιγινώσκῃ.
2708 5265 2802 5335 Μὴ
2847 5260 2940 5318 οὖν
2980 5263 3202 5317 σεαυτὸν
3243 5264 3382 5332 ταχὺ
3434 5262 3685 5315 ἐπιδίδου

2105 5361 2216 5422 τοῖς
2252 5357 2597 5428 φαινομένοις
2646 5355 2738 5409 διὰ
2786 5355 3115 5422 κουφότητα,
3142 5352 3275 5404 ἀλλὰ
3322 5352 3446 5421 μένε
3480 5351 3688 5422 βαρὺς,

2107 5452 2201 5502 καὶ
2229 5449 2366 5519 μετὰ
2396 5447 2716 5518 δοκιμασίας
2747 5445 2948 5514 πολλῆς
2981 5444 3174 5513 κάτεχε
3225 5444 3284 5496 τὸ
3312 5443 3494 5498 καλὸν.
3525 5444 3602 5495 Τὸ
3624 5444 3686 5496 δὲ

503 5621 516 5649 ¹
552 5620 569 5673 l
601 5621 722 5678 Cor.
759 5639 857 5679 xu.
934 5628 953 5658 ²
988 5624 1053 5680 lll
1084 5628 1215 5699 Reg.
1252 5644 1366 5700 τις,
1399 5635 1483 5689 ll.
1563 5639 1582 5668 ³
1614 5637 1678 5693 ili
1711 5639 1841 5712 Reg.
1872 5659 1982 5711 χιχ,
2032 5647 2116 5712 Η,
2155 5649 2236 5705 l2.
