3994 6206
403 354 541 416 1355

1431 354 1846 423 PRASCEPTA
1892 367 1992 424 AD
2029 366 2603 432 HESYCHASTAS.

2389 199 2398 206 ⁵
2413 211 2420 213 .
2441 201 2541 214 ..ι-ρ..

3500 370 3634 434 1346

386 483 626 553 πονηρὸν
656 483 981 554 άπόρῤιπτεο
1009 482 1242 551 ὀφείλεις
1271 483 1329 538 δὲ
1353 485 1665 555 δοκιμάζειν
1717 487 1808 542 καὶ
1835 489 1945 543 δια--

2059 498 2208 546 nere,
2244 499 2309 538 ac
2356 494 2540 552 postea
2593 482 2839 536 credere.
2889 481 3039 535 Scito
3079 480 3304 550 proinde
3345 485 3633 540 manifesta

387 575 613 645 κρίνειν,
645 575 736 626 καὶ⁵
762 575 883 627 τότε
915 575 1208 627 πιστεύειν.
1250 576 1488 630 Γίνωσκε
1522 577 1698 632 τοίνυν
1745 582 1824 632 ὅτι
1850 598 1952 647 φα-

386 666 518 736 νερά
547 666 652 717 είσι
687 666 757 718 τά
800 668 1149 735 ἐνεργήματα
1171 667 1268 735 τῆς
1298 668 1538 738 χάριτος,
1583 671 1727 739 ἅπερ
1761 674 1788 723 ὁ
1836 671 1951 725 δαί-

389 774 530 826 μων,
560 758 664 809 κᾶν
697 758 1260 826 μετασχηματίζηται,
1296 763 1594 829 παρασχεῖν
1626 763 1686 814 οὐ
1709 763 1947 817 δύναται.

385 847 460 902 Οὺ
504 847 806 916 πραότητα,
863 849 962 900 οὐκ
1008 849 1328 913 ἐπιείκειαν,
1382 851 1441 903 οὐ
1505 854 1849 919 ταπείνωσιν,
1888 855 1950 907 οὐ

388 941 543 1006 μῖσος
571 937 664 990 τοῦ
699 937 926 1005 κόσμου,
955 938 1053 1007 οὐχ
1079 939 1391 1007 ἡδονάς-καὶ
1421 942 1567 1010 πάθη
1588 943 1769 1006 παύει,
1808 945 1950 1014 ἅπερ

385 1031 494 1080 εἰσὶ
534 1029 630 1097 τῆς
671 1030 892 1099 χάριτος
939 1031 1287 1100 ἐνεργήματα
1318 1072 1333 1096 ,
1386 1033 1552 1099 τῦφος
1607 1035 1662 1085 δέ
1729 1036 1875 1087 ἐστιν
1914 1040 1946 1106 ἡ

385 1119 592 1171 ἐκείνου
622 1119 890 1186 ἐνέργεια,
924 1123 1018 1172 καὶ
1041 1121 1476 1191 ὑψηλοφροσύνη,
1517 1125 1610 1174 καὶ
1642 1123 1831 1188 δειλία,
1858 1129 1951 1177 καὶ

385 1209 535 1260 πᾶσα
563 1209 752 1261 κακία.
795 1210 890 1261 Ἐκ
936 1210 1032 1278 τῆς
1077 1210 1357 1279 ἐνεργείας
1385 1211 1672 1280 τοιγαροῦν
1722 1212 1948 1265 δύνασαι

383 1297 585 1365 γνῶναι
607 1296 668 1348 τὸ
687 1298 992 1366 ἐλλαμφοὲν
1015 1300 1127 1367 φῶς
1149 1304 1207 1351 ὲν
1222 1303 1285 1368 τῇ
1304 1301 1444 1370 ψυχῇ
1470 1318 1582 1365 σου,
1603 1301 1795 1373 [εἰ]τοιῖ
1813 1303 1948 1358 Θεοῦ

384 1389 554 1450 ἐστιν,
589 1385 622 1455 ἦ
659 1385 751 1438 τοῦ
787 1388 1018 1440 Σατανᾶ.
1078 1388 1143 1439 Ἥ
1196 1388 1384 1457 θρίδαξ
1435 1391 1589 1458 ὁμοία
1639 1391 1755 1443 ἐστὶ
1809 1393 1946 1445 κατὰ

382 1479 479 1547 τὴν
531 1478 722 1548 ὅρασιν
751 1479 815 1545 τῇ
845 1478 1075 1546 πικρίδι,
1105 1479 1198 1529 καὶ
1229 1479 1290 1530 τὸ
1329 1480 1469 1544 ὅξος,
1505 1481 1686 1550 ὅμοιον
1719 1483 1798 1552 τῷ
1819 1482 1946 1552 οἴνῳ

384 1568 523 1621 κατὰ
545 1568 643 1638 τὴν
678 1570 837 1634 ἰδέαν,
891 1570 1006 1621 ἀλλ’
1047 1571 1109 1622 ἐκ
1142 1573 1237 1640 τῆς
1293 1572 1532 1638 γεύσεως
1567 1577 1594 1625 ὁ
1624 1574 1828 1644 λάρυγξ
1860 1593 1916 1642 γι

384 1667 583 1713 νωσκει
613 1663 705 1714 καὶ
753 1661 1019 1730 διακρίνει
1054 1662 1151 1730 τὴν
1191 1664 1422 1716 ἑκάστου
1461 1665 1760 1735 διαφοράν
1802 1667 1944 1721 οὕτω

385 1751 477 1802 καὶ
511 1751 708 1820 ἡψυχὴ
730 1752 824 1803 ἐὰν
855 1750 953 1822 ἔχῃ
975 1752 1268 1820 διάκρισιν,
1301 1755 1363 1803 ἑκ
1396 1754 1493 1821 τῆς
1536 1757 1725 1822 νοερᾶς
1751 1755 1910 1826 αίσθή
1940 1786 1944 1790 -

288 1861 292 1865 ~
385 1856 522 1901 σεως
553 1843 809 1907 γινώσκει
845 1848 920 1901 ,τὰ
950 1842 1042 1894 τοῦ
1072 1843 1226 1909 ἁγίου
1264 1843 1574 1912 Πνεύματος
1607 1845 1938 1916 χαρίσματα,

383 1931 475 1982 καὶ
498 1932 564 1983 τὰ
591 1931 682 1984 τοῦ
712 1934 924 1986 Σατανᾶ
961 1933 1340 2003 φαντάσματα.

2055 591 2181 630 esse
2230 591 2392 643 Opera
2443 575 2652 642 gratiae,
2689 589 2806 642 qua:
2854 574 3086 637 dzeinon,
3124 573 3372 638 quamvis
3415 575 3632 630 simulet

2055 665 2296 732 praebere
2333 667 2539 733 nequit.
2582 665 2699 717 Non
2753 663 3251 725 mansuetudinem,
3288 679 3393 716 nou
3438 666 3633 719 decen-

2054 760 2220 820 tiam,
2266 772 2374 809 non
2423 755 2834 817 humilitatem...
2865 767 2973 806 non
3026 753 3210 805 mundi
3261 753 3474 816 odium,
3519 770 3627 807 non

2054 851 2390 918 voluptatum
2421 858 2478 902 et
2507 847 2764 901 vitiorum
2795 846 2978 913 fugam
3035 854 3309 912 operatur,
3343 859 3464 911 quae
3502 857 3631 898 sunt

2053 939 2241 1006 gratia:
2274 953 2458 1004 Opera,
2495 937 2588 990 sed
2623 935 2871 1005 operatio
2917 935 3037 1000 ejus
3085 944 3264 986 tumor
3303 944 3405 999 est,
3442 944 3494 988 et
3534 950 3628 988 su-

2054 1029 2260 1096 perliia,
2290 1038 2342 1082 et
2381 1029 2561 1091 timor,
2588 1037 2644 1082 et
2678 1027 2856 1080 omnis
2891 1026 3154 1094 nequitia.
3187 1024 3325 1093 Ergo
3353 1040 3414 1076 ex
3448 1025 3629 1092 operi-

2052 1120 2154 1173 bus
2195 1135 2524 1188 cognoscere
2568 1130 2722 1189 potes
2770 1129 2948 1172 utrum
2993 1117 3256 1185 allulgeus
3296 1118 3486 1169 anima:
3521 1127 3626 1170 tuae

2051 1209 2144 1263 lux
2190 1211 2278 1263 Dei
2318 1212 2409 1273 sit,
2446 1226 2510 1264 an
2566 1211 2803 1264 Satanae.
2854 1209 3086 1262 Lactuca
3134 1208 3250 1260 visu
3299 1207 3491 1259 similis
3543 1214 3628 1259 est

2053 1300 2342 1364 mecouidi,
2375 1309 2429 1353 et
2471 1311 2686 1354 acetum
2737 1310 2958 1367 aspectu
3002 1297 3184 1352 simile
3227 1307 3308 1350 cst
3355 1298 3497 1356 vino,
3531 1297 3624 1350 sed

2051 1402 2207 1460 gustu
2251 1393 2495 1459 agnoscit
2534 1401 2724 1458 guttur
2751 1405 2814 1443 ac
2846 1389 3107 1443 discernit
3141 1390 3405 1456 cujusque
3435 1387 3626 1441 discri-

2052 1500 2174 1536 men
2214 1501 2227 1536 :
2262 1488 2338 1536 sic
2372 1494 2427 1536 ct
2464 1487 2666 1544 anima,
2703 1483 2751 1537 si
2789 1481 2985 1534 habent
3030 1481 3430 1538 discretionem,
3466 1475 3624 1530 intel-

2051 1571 2261 1625 lectuali
2294 1587 2456 1627 sensu
2483 1573 2690 1639 judicat
2722 1569 2896 1624 sancti
2928 1566 3168 1644 Spiritus
3200 1572 3525 1622 elt:u‘is:i:ata
3567 1577 3623 1618 et

2053 1662 2268 1718 Salamu
2301 1666 2698 1733 plnmtasmata.

1761 3927 2207 3948 -Ἥνιεεί--ρ-ο
