3960 6190
337 376 472 439 Γίθ

1651 393 2130 452 PROSOPOPCEI
2147 395 2226 454 ΑΞ.

3422 393 3560 458 1350

343 495 433 560 τῆς
491 495 600 546 ἅνω
648 495 924 560 εὐγενείας
981 498 1244 568 ἀποῤῥοὴ,
1289 500 1360 559 ώς
1419 500 1712 567 ἕμπνευσις
1746 500 1896 556 οὖσα
1928 509 1969 561 Α
2001 525 2088 560 ται
2116 505 2472 575 δριμύτερον·
2529 510 2950 578 συναισθάνομαι
2997 512 3061 580 δὴ
3105 512 3198 564 καὶ
3250 512 3389 580 αὕτη
3443 517 3552 566 τῶν

339 583 493 643 Θεοῦ,
532 585 623 633 καὶ
669 584 830 639 εἰκὼν
861 587 1080 652 ἀρχικὴ,
1112 589 1204 638 καὶ
1232 588 1442 656 βασιλὶς
1469 589 1577 639 τῶν
1600 591 1772 658 χαμαὶ
1804 593 1892 658 ἐρ-

339 677 577 744 χομένων
609 675 842 728 πάντων.
879 678 951 729 Οὐ
976 676 1082 743 γὰρ
1118 678 1278 729 δείσω
1333 679 1505 732 ταῦτα
1533 682 1890 747 σεμνολογεῖν,

338 768 413 836 μὴ
438 770 528 819 καὶ
559 768 695 831 δόξω
719 768 1020 835 κομπάζειν
1045 769 1176 838 παρ’
1213 770 1360 838 ύμῖν,
1391 772 1464 834 ὡς
1497 772 1670 834 ἄλλως
1725 791 1891 840 μεγα-

339 862 585 929 λήγορος,
618 856 676 912 εὖ
705 861 868 911 εἰδόσι
899 861 994 911 καὶ
1039 861 1424 930 σεϐασαμένοις
1482 864 1681 932 τούμὸν
1705 864 1780 926 ώς
1803 864 1887 917 θέ-

339 969 428 1020 μις
453 952 689 1019 ἀξίωμα.
731 950 884 1003 Ἐπεὶ
905 953 1012 1019 γὰρ
1041 954 1071 1022 ἡ
1103 954 1407 1022 ἀρχέτυπος
1436 955 1594 1023 ἡμῶν
1623 955 1894 1023 ἀγαθότης

338 1039 395 1094 εὖ
418 1045 589 1093 ποιεῖν
620 1043 914 1106 πεφυκυῖα,
937 1041 1205 1111 ὑπέστησε
1233 1044 1421 1113 νοητὸν
1451 1047 1546 1097 καὶ
1567 1046 1752 1114 νοερὸν
1799 1048 1894 1096 κό-

341 1147 492 1198 σμον,
524 1130 794 1198 ὑπέστησε
818 1134 1028 1183 τουτονὶ
1065 1133 1156 1184 τὸν
1181 1133 1472 1202 σύμπαντα
1504 1135 1753 1201 οὐρανὸν,
1800 1136 1896 1187 καὶ

338 1219 411 1274 ὧν
468 1223 695 1289 οὐρανὸς
752 1222 992 1290 σύνοχος,
1042 1223 1183 1290 ἔγνω
1225 1225 1490 1278 τελευτῶν
1519 1228 1804 1296 συντεμεῖν
1834 1243 1893 1277 τε

338 1315 429 1366 καὶ
461 1313 700 1364 συνελεῖν
725 1313 900 1364 πάντα
937 1314 996 1364 ἐν
1044 1314 1124 1368 ἐνὶ
1173 1314 1366 1384 βραχεῖ
1416 1316 1660 1385 κράματί
1709 1334 1766 1368 τε
1803 1317 1896 1370 ταὶ

338 1403 634 1467 πλάσματι,
667 1402 741 1463 ὡς
773 1403 836 1453 ἂν
863 1402 1102 1472 κρατῆρί
1128 1423 1234 1457 τινι
1259 1406 1546 1474 παμμιγές
1596 1426 1647 1459 τι
1707 1407 1896 1476 χρῆμα

339 1497 430 1547 καὶ
458 1493 852 1559 πολυδύναμον,
887 1492 1046 1546 τοῦτο
1076 1495 1139 1562 δὴ
1164 1495 1193 1547 ὃ
1237 1497 1455 1563 λέγεταί
1495 1515 1554 1548 τε
1611 1500 1705 1550 καὶ
1749 1498 1896 1550 ἔστιν

338 1588 640 1654 ἄνθρωπος.
688 1585 966 1638 Ἐντεῦθεν
1024 1587 1178 1654 κάγὼ
1223 1590 1254 1658 ἡ
1302 1591 1463 1658 νοερὰ
1505 1593 1599 1643 καὶ
1634 1591 1898 1652 ἀθάνατος

341 1679 631 1745 συνεδέθην
651 1679 892 1748 αἰσθητῷ
927 1682 1020 1732 καὶ
1047 1664 1247 1750 θνητῷ,
1301 1684 1395 1734 καὶ
1444 1683 1743 1751 συνεζύγην
1808 1684 1898 1735 οὖ-

338 1772 495 1839 ρανία
519 1770 728 1838 γεώδει,
761 1771 858 1823 καὶ
894 1771 1197 1842 θεράπαίνῃ
1229 1773 1481 1826 δέσποινα
1501 1791 1515 1806 ο
1544 1776 1644 1827 οὐκ
1672 1773 1789 1826 οἶδα
1818 1771 1898 1836 οἷς

339 1878 446 1912 τισι
479 1861 657 1927 λόγοις
681 1859 823 1914 οὕτω
847 1860 1007 1926 δόξαν
1054 1862 1172 1931 Θεῷ
1199 1879 1214 1893 ο
1254 1863 1384 1925 ῖσως
1437 1863 1505 1916 ἵν’
1555 1867 1721 1932 ἄμφω
1761 1865 1898 1934 ὁμοῦ

337 1953 428 2005 τὸν
479 1953 566 2006 ἐπ’
617 1953 848 2021 ἐργασία
893 1953 1299 2020 καλοκαγαθίας
1347 1955 1512 2022 ζυγὲν
1559 1956 1776 2008 ἕλκοντε
1807 1957 1901 2008 καὶ

343 2046 701 2112 συμπνέοντε,
741 2045 1000 2114 ἑκάτερον
1033 2045 1134 2113 τῆς
1169 2046 1432 2115 ἐκατέρου
1479 2046 1755 2114 ώναίμεθα
1805 2047 1904 2114 φύ-

340 2153 475 2198 σεως
511 2136 677 2187 ἀὐτὸ
717 2136 814 2204 μέν
846 2135 1239 2188 ἐπενδύσασθαι
1297 2136 1621 2205 ἀφθαρσίαν,
1685 2138 1760 2198 ὡς
1813 2137 1903 2188 εύ-

340 2227 583 2292 γενισθὲν
612 2228 677 2295 τῇ
717 2225 991 2294 συμπνοίᾳ
1011 2225 1104 2278 τοῦ
1135 2226 1466 2295 κρείττονος,
1496 2227 1590 2278 καὶ
1618 2233 1904 2291 κοινωνίας

341 2317 606 2368 ἀθανάτου
637 2318 972 2384 γευσάμενον
1012 2332 1026 2346 °
1057 2316 1167 2384 ἐγὼ
1203 2316 1259 2367 δὲ
1313 2318 1451 2386 αὐτῇ
1507 2316 1602 2368 τοῦ
1658 2318 1902 2386 χείρονος

344 2409 590 2473 συζεύξει
620 2409 980 2477 καμπτομένη
1002 2408 1103 2460 ὅσα
1126 2408 1222 2460 καὶ
1255 2409 1497 2476 κύφωνι,
1518 2411 1904 2477 μετριοπαθεῖν

343 2502 434 2552 καὶ
474 2499 798 2566 καθυφιέναι
824 2497 918 2551 τοῦ
954 2500 1046 2552 ἐπὶ
1096 2497 1176 2566 τῷ
1227 2499 1501 2567 ἀξιώματι
1543 2503 1641 2569 τῆς
1698 2500 1904 2562 εἰκόνος

343 2591 804 2661 φρονήματος,καὶ
830 2589 903 2660 μὴ
931 2589 1229 2658 τυφοῦσθαι
1256 2593 1349 2644 καὶ
1375 2593 1702 2644 ἀποστατεῖν
1747 2592 1904 2653 Θεοῦ,

343 2685 477 2736 κατά
506 2684 597 2735 τὸν
625 2684 755 2752 πρῖν
783 2683 1058 2750 ἑωσφόρον
1088 2697 1102 2712 ο
1159 2681 1540 2734 ταπεινοῦσθαι
1591 2682 1649 2735 δὲ
1705 2684 1905 2751 μᾶλλον

343 2773 444 2824 ὑπὸ
481 2773 578 2841 τὴν
623 2771 890 2841 κραταιὰν
921 2769 1084 2822 αὐτοῦ
1113 2773 1292 2840 χεῖρα,
1323 2771 1418 2822 καὶ
1437 2769 1609 2832 οὕτως
1662 2771 1903 2840 ἔχεσθαι,

343 2866 444 2931 ἐμὲ
504 2865 601 2930 μὲν
657 2863 816 2926 Θεοῦ,
855 2863 990 2929 ἐμοῦ
1032 2863 1088 2914 δὲ
1130 2863 1190 2914 τὸ
1234 2862 1411 2929 σῶμα,
1442 2864 1537 2915 καὶ
1575 2864 1709 2932 μηδὲ
1772 2865 1905 2932 πρὸς

345 2953 518 3022 βραχὺ
554 2954 584 3020 ἢ
613 2953 712 3021 ἐμὲ
735 2953 832 3020 τῆς
851 2952 1098 3019 ζωούσης
1123 2952 1321 3013 αἰτίας,
1352 2953 1385 3021 ἢ
1417 2952 1562 3004 τοῦτ’
1618 2954 1752 3021 ἐμοῦ
1807 2957 1906 3022 τῆς

342 3045 616 3113 ψυχούσης
650 3044 1056 3112 ἀπερρωγέναι.
1080 3041 1248 3096 Ταῦθ’
1278 3044 1326 3094 οἱ
1351 3044 1733 3112 δημιουργικοὶ
1759 3044 1904 3110 λόγοι

1993 599 2263 669 ὀδυνηρῶν
2290 601 2616 668 ἀλγηδόνωνέ
2663 601 2944 656 Ἐντεῦθεν
2979 605 3070 655 καὶ
3091 603 3549 674 κλαυθμυρισμοῇ

1993 687 2100 740 τῶν
2156 688 2441 754 γενεθλίων
2493 690 2751 760 ᾀσμάτων
2810 692 3195 760 ἀντίφθογγοι,
3252 697 3345 746 καὶ
3396 710 3556 762 περι-

1997 777 2321 844 σφίγγουσαι
2340 782 2556 833 ,ταινίαι
2587 783 2681 834 καὶ
2715 783 2917 850 κειρίαι
2949 786 3298 851 σπαργάνων,
3360 801 3556 850 συγγε-

1994 873 2100 930 νεῖς
2126 871 2393 938 ἐνταφίων
2438 874 2672 941 δεσμῶν,
2703 879 2795 926 καὶ
2823 875 3094 942 σκίμπους
3133 876 3164 944 ῆ
3214 876 3416 934 λίκνον,
3470 879 3556 927 ἐν-

1993 963 2167 1030 αργὴς
2198 964 2362 1015 εἰκὼν
2393 965 2696 1032 μνήματος,
2725 964 2801 1024 ὡς
2848 964 3126 1016 κάνταῦθα
3161 965 3557 1017 ἐπαναδιπλοῦ-

1995 1052 2117 1103 σθαί
2149 1069 2238 1120 μοι
2264 1052 2332 1104 τὰ
2361 1053 2619 1123 δυσχερῆ,
2657 1054 2752 1106 az:
2784 1055 2876 1106 καὶ
2933 1056 3197 1125 δευτέρων
3247 1056 3557 1124 ἐπιτιθεμέ-

1994 1156 2100 1191 νων
2129 1140 2329 1193 τούτων
2359 1143 2450 1194 ἐπὶ
2496 1143 2696 1212 πρώτῳ
2723 1143 2957 1212 δεσμῶν.
3005 1147 3116 1196 Οὐκ
3152 1146 3412 1214 ἀκόμψως
3451 1149 3558 1216 γὰρ

1997 1231 2146 1300 παρά
2192 1235 2302 1293 τοῖς
2365 1237 2546 1299 σοφοῖς
2618 1235 2988 1304 πολυωνύμως
3063 1236 3150 1287 καὶ
3214 1236 3556 1305 παρωνύμως

1996 1320 2153 1372 τοῦτο
2187 1320 2428 1371 καλεῖται
2463 1322 2554 1372 καὶ
2580 1321 2768 1386 τάφος,
2805 1323 2895 1373 καὶ
2929 1323 3161 1391 φρουρὰ,
3225 1321 3320 1376 καὶ
3371 1323 3556 1392 χιτὼν,

1998 1410 2090 1461 καὶ
2114 1409 2284 1476 σῆμα,
2317 1409 2411 1460 καὶ
2439 1409 2607 1476 δέμας
2635 1409 2782 1477 παρὰ
2838 1410 2930 1462 τὸν
2961 1410 3176 1479 δεσμὸν,
3225 1411 3318 1462 καὶ
3366 1414 3559 1479 σκῆνος

1999 1500 2148 1566 παρά
2171 1500 2271 1566 τὴν
2302 1501 2358 1550 ἐν
2386 1499 2534 1567 αύτῷ
2591 1499 2846 1567 παρόδιον
2894 1500 3182 1568 σκήνωσιν.
3236 1497 3368 1553 Εἶτα
3432 1500 3561 1551 αὐτὸ

2002 1587 2100 1653 μὲν
2123 1585 2293 1646 οὕτως
2319 1587 2618 1656 δεδεμένον,
2643 1588 2875 1652 γάλακτι
2924 1589 3202 1654 τρέφεται,
3243 1589 3336 1640 καὶ
3393 1606 3576 1649 κατατ

1999 1677 2174 1746 ϐραχὺ
2198 1677 2418 1742 αὒξεται
2441 1694 2454 1707 ·
2481 1678 2592 1744 ἐγὼ
2622 1678 2677 1731 δὲ
2705 1680 2842 1733 ἀλλὰ
2877 1681 2971 1732 καὶ
2995 1681 3133 1747 αὑτὴ
3159 1678 3232 1740 ῶς
3263 1697 3365 1731 τινι
3392 1697 3560 1730 ποτα-

2007 1768 2092 1836 μῷ
2123 1768 2474 1835 τελματώδει,
2506 1769 2780 1822 ἐνὸεθεῖσα
2803 1771 2880 1837 τῷ
2903 1770 3162 1840 πλαδαρῷ
3220 1770 3413 1838 τούτῳ,
3466 1770 3562 1821 καὶ

1928 1827 1971 1880 Β
2000 1827 2073 1912 in;
2097 1827 2381 1930 ἐπιρροίας
2401 1827 2496 1912 καὶ
2522 1862 2820 1930 ἀπορροίας
2846 1827 3072 1915 ἀεννάου
3085 1827 3298 1931 ’ῥέοντα
3322 1827 3560 1930 φέρομαι

2001 1945 2112 2001 οἷον
2150 1951 2453 2020 ὑπόϐρυχα,
2507 1953 2596 2003 καὶ
2636 1951 2783 2021 βυθῷ
2822 1953 3058 2020 ἐσχάτης
3105 1953 3289 2014 ἀνοίας
3342 1952 3565 2018 ἐγκυὸι-

2005 2042 2136 2106 στῶ,
2189 2043 2284 2094 καὶ
2341 2043 2438 2111 οὐχ
2490 2043 2576 2094 οἵα
2632 2044 2695 2095 τέ
2753 2046 2866 2112 εἰμι
2911 2043 3098 2095 ἔννουν
3129 2044 3180 2094 τί
3208 2045 3302 2096 καὶ
3324 2044 3563 2111 ἐμαυτῆς

2003 2133 2134 2186 ἴδιον
2158 2134 2421 2200 ἐνεργεῖν,
2458 2135 2718 2203 πλῖησμίῳ
2738 2134 3084 2201 ἐγκαταδῦσα
3109 2133 3281 2202 ὑγρῷ.

2075 2222 2221 2291 Πλὴν
2252 2224 2410 2273 ταυτὶ
2443 2222 2540 2290 μὲν
2569 2225 2617 2275 εἰ
2669 2225 2762 2275 καὶ
2808 2223 2981 2284 ἄλλως
3018 2223 3254 2290 σχέτλια,
3298 2223 3566 2291 ἀνάσχετα
3595 2220 3612 2238 ⁸

2001 2312 2048 2364 δ’
2068 2313 2236 2376 ὅμως,
2269 2312 2362 2378 καὶ
2387 2311 2483 2380 οὐχ
2507 2309 2594 2364 οἷα
2626 2313 2718 2364 καὶ
2746 2312 3078 2380 μέμφεσθαι,
3107 2313 3200 2364 ἆτε
3232 2312 3414 2378 νόμοις
3455 2312 3568 2379 φύ-

2005 2419 2142 2462 σεως
2165 2405 2259 2454 καὶ
2298 2403 2476 2470 είρμῷ
2527 2404 2799 2469 γενέσεως
2856 2405 3100 2472 ἀκινήτῳ
3153 2401 3563 2470 διεξαγόμενα·

2004 2496 2180 2547 ἐκεῖνο
2229 2495 2286 2546 δὲ
2341 2495 2748 2564 σχετλιώτερον,
2814 2497 2894 2548 ὅτι
2958 2497 3052 2548 καὶ
3084 2496 3178 2547 τοῦ
3239 2496 3401 2563 βυθοῦ
3466 2496 3567 2563 τῆς

2003 2587 2187 2649 ἀνοίας
2213 2588 2594 2656 ἀνανηχομένη
2627 2589 2779 2653 ποτε,
2810 2592 2900 2641 καὶ
2933 2589 3092 2656 λόγου
3119 2590 3259 2656 φωτὶ
3301 2589 3568 2657 περιλάμ-

2007 2676 2202 2729 πεσθαι
2227 2677 2529 2746 ἀρχομένη,
2562 2677 2661 2746 τῆς
2685 2681 3000 2747 σωματικῆς
3029 2680 3384 2749 όργανώσεως
3412 2685 3570 2749 προῖ-

2005 2767 2172 2834 ούσης
2199 2768 2293 2820 ἐπὶ
2317 2768 2377 2819 τὸ
2398 2767 2796 2837 ἐντελέστερον,
2845 2770 2953 2821 οὐδ’
2989 2770 3223 2822 ἐνταῦθα
3273 2773 3369 2822 τοῦ
3410 2773 3572 2840 ἀνοη-

2005 2861 2208 2911 ταίνειν
2238 2859 2489 2926 καθαρῶ,
2523 2861 2956 2928 ἀπαλλάττομαι,
2990 2861 3178 2928 ῶσπερ
3236 2862 3354 2913 οὐδὲ
3414 2863 3460 2914 οἱ
3506 2865 3570 2914 ἐκ

2010 2952 2200 3019 μέθης,
2235 2952 2267 3020 ἢ
2309 2953 2500 3020 κάρον,
2537 2952 2571 3020 ἦ
2619 2953 2872 3020 κώματος
2899 2954 3280 3023 ἀναφέροντες,
3301 2955 3392 3005 τοῦ
3429 2955 3575 3005 ἐκεῖ-

2011 3045 2099 3095 θεν
2138 3043 2344 3110 ἰλίγγου
2376 3045 2470 3095 καὶ
2499 3047 2596 3111 τῆς
2630 3045 2960 3106 σκοτοδινίας
2985 3045 3229 3114 ἀκριϐῶς
3259 3045 3421 3108 εὐθὺς
3474 3063 3571 3098 κα-

342 3135 714 3203 ὲννοήσαντες,
741 3133 800 3184 οὐ
831 3133 972 3185 λίνον
1005 3133 1133 3200 λίνῳ
1165 3135 1544 3196 συνάπτουσιν,
1598 3136 1902 3204 ἀεικίνητον
1935 3154 1978 3210 c
2012 3134 2321 3202 θαρεύουσι.
2358 3134 2502 3203 Πλὴν
2531 3135 2623 3186 καὶ
2651 3136 2749 3197 τὰς
2778 3137 2956 3205 κῆρας
2992 3141 3221 3192 ταυτασὶ
3259 3139 3358 3208 τῆς
3392 3140 3575 3203 ἀνοίας

343 3228 416 3289 δὲ,
452 3227 524 3287 ὡς
553 3226 707 3292 ἐφην,
745 3224 1124 3293 ἐτεροκινήτῳ,
1164 3226 1260 3276 καὶ
1286 3223 1523 3291 συνθέτῳ
1570 3225 1750 3294 ἁπλῆν
1785 3229 1907 3278 ἐπι-

343 3314 623 3368 πλέκουσι.
691 3315 756 3365 Τί
812 3315 921 3381 γάρ
986 3313 1169 3370 αὐτοῖς
1229 3314 1682 3383 ἁπειροδυνάμοις
1732 3315 1906 3379 οὖσιν,

345 3406 754 3473 ἀσύγκλωστονς
788 3403 878 3456 καὶ
899 3405 999 3456 ὅσα
1055 3405 1153 3472 μὲν
1192 3403 1354 3466 εὐθὺς
1377 3407 1436 3458 ἐν
1475 3406 1610 3476 αὐτῇ
1659 3409 1724 3477 τῇ
1761 3409 1914 3473 γενέ-

347 3515 428 3550 σει
461 3498 761 3565 ὑφίσταμαι
791 3497 1047 3565 δυσχερῆ,
1083 3495 1143 3546 οὐ
1168 3493 1261 3546 τοῦ
1313 3495 1577 3563 παρόντος
1626 3497 1909 3565 τραγῳδῆ-

353 3605 441 3640 σαι
491 3588 681 3656 καιροῦ
710 3603 726 3616 ·
750 3586 889 3656 πλὴν
934 3586 1052 3639 δότε
1093 3602 1182 3653 μοι
1212 3585 1346 3654 πρὸς
1373 3585 1544 3655 βραχὺ
1568 3587 1911 3639 ἀνακλαύσα-

347 3679 492 3734 σθαι.
784 3687 789 3691 “

414 3772 488 3823 υύ
522 3770 707 3838 φθάνω
743 3771 1057 3839 συμφυῆναι
1090 3770 1167 3840 τῷ
1203 3769 1382 3838 θνητῷ
1413 3768 1572 3838 τῷδε,
1629 3769 1722 3822 καὶ
1780 3771 1911 3838 πρὶν

347 3863 560 3926 ζωῶσαι
585 3862 908 3929 κυούμενον,
946 3863 1004 3913 ἐν
1035 3863 1214 3931 μήτρα
1248 3861 1645 3930 τυμϐευομένῳ
1716 3862 1912 3915 συνθά-

347 3967 569 4018 πτομαι,
603 3951 697 4001 καὶ
723 3949 797 4011 ὡς
837 3950 894 3999 ἐν
922 3947 1092 4014 διπλῷ
1153 3947 1398 4015 σπηλαίῳ
1448 3947 1537 3998 τὸν
1573 3947 1764 4016 νεκρὸν
1814 3947 1912 4014 τῆς

347 4045 559 4114 Σάρρας
588 4043 839 4111 Ἀϐραὰμ
869 4042 1087 4110 ἔθαψεν,
1115 4040 1257 4092 οὕτω
1300 4044 1393 4091 καὶ
1430 4039 1565 4106 αὐτὴ
1608 4038 1779 4105 διπλῷ
1827 4040 1915 4104 ἐγ-

348 4135 765 4204 κατορύττομαι
825 4135 1094 4202 μνήματι,
1127 4134 1189 4184 Εἰ
1220 4131 1326 4200 γὰρ
1353 4129 1496 4184 κατά
1543 4130 1668 4191 τοὺς
1718 4128 1913 4194 σοφοὺς

348 4225 407 4275 τὺ
429 4225 602 4292 σῶμα
630 4223 784 4290 σῆμα
811 4221 968 4288 ἐμοῦ,
996 4219 1154 4273 τοῦτο
1195 4220 1250 4272 δὲ
1278 4222 1342 4288 τῇ
1377 4219 1560 4288 μήτρα
1607 4216 1915 4286 ἐνσοριάςε-

347 4333 459 4379 ται,
484 4316 598 4376 πῶς
633 4315 692 4364 οὑ
725 4317 874 4382 διττῂ
900 4313 1066 4382 θήκῃ,
1099 4310 1176 4379 τῷ
1209 4309 1432 4380 ἐμϐρύῳ
1459 4311 1552 4360 καὶ
1611 4311 1676 4378 τῇ
1709 4310 1913 4377 μήτρᾳ,

348 4403 788 4473 ὲντνμόεύομαι;
826 4403 1102 4464 Τοιούτοις
1138 4402 1274 4470 μετά
1313 4400 1505 4469 πρῶτα
1536 4415 1914 4471 προσπτυσσο-

353 4500 520 4566 μένην
555 4499 648 4547 καὶ
675 4494 1146 4563 περιπλεκομένην
1177 4491 1236 4544 τὸ
1262 4491 1412 4559 φίλον
1433 4491 1595 4557 σῶμα
1645 4489 1914 4554 δεξιοῦται
1946 4480 1991 4536 ι)
2019 4496 2184 4550 αὐτοῦ
2211 4498 2344 4548 πολὺ
2372 4497 2636 4564 πρότερον
2687 4497 2912 4566 περιῆτε
2952 4495 3044 4547 τοῦ
3106 4497 3355 4566 σώματος
3387 4513 3400 4527 ο

350 4587 781 4654 φιλοφρονήμασι
808 4601 822 4615 ο
843 4584 1120 4645 τοιαύταις
1153 4582 1504 4644 είσοικίζεται
1534 4582 1912 4650 ξεναγήσεσιν.

349 4670 449 4727 Οἷα
461 4677 515 4726 δὲ
535 4677 624 4728 καὶ
646 4677 712 4728 τὰ
732 4674 817 4726 ἐπ’
836 4675 1039 4737 αὐτοῖςς
1065 4673 1286 4739 ἀδελφὰ,
1307 4675 1462 4738 φασὶ,
1480 4672 1572 4723 καὶ
1587 4672 1912 4740 ὁμόχρωμα,

352 4768 444 4818 καὶ
493 4767 593 4830 τῆς
623 4766 788 4818 αὐτοῦ
822 4764 1143 4834 κεραμείας,
1189 4763 1288 4815 εἴτ’
1331 4758 1424 4815 οῦν
1475 4762 1917 4831 πηλοπλαστικῆς

354 4857 588 4922 φύσεως.
613 4853 852 4909 Ἐκεῖθεν
881 4856 986 4924 γὰρ
1020 4856 1113 4908 τοῦ
1156 4855 1312 4918 ξυνοῦ
1342 4854 1503 4923 ὴρίου
1560 4853 1918 4912 ἐκπίπτοντες

353 4949 401 4998 οἱ
431 4948 749 5016 ὀμόθαπτοι,
777 4948 875 5015 τῆς
904 4947 1002 5016 μὲν
1036 4949 1093 4998 ἐν
1123 4947 1308 5014 μήτρᾳ
1335 4945 1509 5012 ταφῆς
1537 4945 1702 5012 ἄμφω
1745 4942 1918 4995 ἀπαλ-

352 5035 656 5104 λαττόμεθα
686 5055 698 5066 ο
737 5039 848 5104 ἐγὼ
874 5037 930 5088 δέ
964 5040 1029 5106 τῇ
1055 5039 1112 5087 ἐν
1144 5035 1288 5102 αὐτῷ
1309 5037 1474 5086 εἰσέτι
1523 5035 1617 5086 καὶ
1658 5033 1754 5086 νῦν
1812 5034 1918 5084 ἐνί-

355 5143 549 5195 σχομαι
574 5142 586 5156 ’
614 5128 707 5178 καὶ
731 5127 805 5188 ὼς
851 5126 1114 5194 τλήμονες
1143 5125 1236 5177 τοῦ
1273 5125 1433 5176 αὐτοῦ
1486 5123 1600 5192 βίου
1647 5123 1919 5192 ξυνέμπο-

358 5234 460 5286 ροι,
491 5218 770 5286 ἀρχόμεθα
809 5220 907 5284 μὲν
935 5216 1273 5284 ταλαιπώρου
1301 5216 1468 5284 ζωῆς,
1491 5217 1550 5266 οὐ
1587 5215 1768 5282 μέντοι
1800 5215 1919 5283 χαί-ο

357 5325 542 5377 ρομεν,
573 5311 646 5371 ώς
681 5310 744 5360 ἂν
776 5315 839 5360 ἐκ
869 5309 1090 5369 σκότους
1122 5311 1197 5369 είς
1252 5307 1366 5373 φῶς
1410 5307 1760 5374 ἐκραγέντες,
1823 5308 1919 5356 καὶ

356 5398 597 5458 σπῶντες
634 5399 767 5465 ἀέρα
800 5397 1107 5465 φερέσϐιον,
1139 5399 1231 5447 καὶ
1255 5398 1519 5464 ζωογόνον
1545 5395 1919 5462 ἀσπαζόμενοι

353 5487 502 5554 ἥλιον
527 5505 540 5519 ο
571 5487 692 5540 οῦτε
727 5488 1172 5557 περισκιρτῶμεν
1201 5488 1298 5555 τὴν
1329 5487 1675 5552 γειναμένην,
1713 5486 1785 5545 ὡς
1820 5485 1919 5553 ἆρ-

353 5595 458 5639 νες,
499 5578 530 5647 ἢ
566 5581 776 5646 μόσχοι,
805 5577 836 5646 ἣ
869 5578 1048 5646 νεϐροὶ
1074 5578 1172 5637 τὰς
1215 5579 1490 5645 μητέρας·
1527 5576 1661 5628 ἀλλά
1698 5577 1758 5626 τὸ
1795 5577 1915 5639 μὲν,

352 5669 445 5719 ἆτε
483 5669 540 5730 ἐξ
574 5670 808 5736 ἀγγείων
843 5668 1122 5738 ἐνθέρμων
1183 5669 1396 5735 αῖφνης⁶
1434 5667 1626 5736 ψυχρῷ
1684 5669 1918 5734 προσπί-

353 5773 484 5808 πτον
539 5761 612 5828 τῷ
646 5761 973 5829 περιέχοντι,
1004 5760 1158 5827 ἀλγεῖ
1185 5762 1248 5828 τῇ
1293 5760 1560 5828 μεταϐολῇ
1593 5760 1685 5810 καὶ
1731 5760 1916 5811 ὀδυνᾶ-

2010 3223 2113 3278 οῐδε
2137 3228 2230 3278 καὶ
2247 3227 2461 3294 χρόνος,
2489 3227 2583 3280 καὶ
2617 3227 2955 3296 μαθημάτων
3001 3229 3266 3298 ἀνάληψις
3320 3232 3576 3294 ἀποξύειν

2007 3313 2098 3366 τοῦ
2119 3315 2402 3384 λογισμοῦ,
2435 3317 2528 3367 καὶ¹
2560 3317 3026 3386 μετεγχαράττειν
3060 3319 3262 3384 γνῶσιν
3321 3321 3414 3371 καὶ
3450 3321 3576 3372 σύν-

2009 3421 2124 3456 εσιν
2149 3422 2163 3434 ·
2196 3406 2294 3475 τὴν
2327 3407 2381 3458 δέ
2408 3424 2470 3474 γε
2502 3407 2802 3476 θρεπτικὴν
2842 3409 3153 3476 τυραννίδα,
3183 3413 3272 3461 καί
3297 3411 3576 3465 ἄπαυστον

2009 3495 2377 3564 δασμολογίαν
2407 3497 2516 3548 τῶν
2551 3499 2880 3566 ἐσθιομένων
2912 3499 3172 3551 ἑκάστοτε
3217 3501 3310 3550 καὶ
3351 3502 3576 3568 πινομέ-

2011 3604 2139 3650 νων,
2170 3587 2202 3655 ἢ
2232 3587 2330 3648 τὰς
2383 3588 2821 3655 ἐπιτρεφομένας
2870 3588 3003 3655 παρ’
3039 3589 3208 3656 αὐτῆς
3257 3592 3379 3641 κατ’
3442 3591 3577 3658 ἐμοῦ

2011 3677 2296 3744 δυνάμεις,
2327 3677 2426 3743 τὴν
2455 3677 2861 3745 ἐπιθυμητικὴν
2891 3680 2987 3730 καὶ
3013 3679 3293 3746 θυμοειδῆ,
3334 3680 3416 3742 τίς
3448 3684 3576 3750 χρό-

2012 3768 2162 3836 νοςῆ
2221 3769 2306 3828 τίς
2362 3768 2638 3836 ἐπιστήμη
2681 3767 2993 3835 παραλῦσαι
3038 3768 3098 3820 τὸ
3146 3773 3404 3837 παράπαν
3427 3771 3578 3840 ἴσχυ-

2015 3875 2075 3911 σε
2108 3878 2120 3922 ;
2164 3858 2260 3920 Τίς
2282 3858 2380 3927 τὴν
2409 3858 2654 3911 δουλείαν
2683 3858 2887 3910 τούτων
2930 3859 3273 3912 ἐκδεδυκέναι
3305 3863 3571 3930 καυχήσε-

2014 3968 2103 4002 ται
2140 3951 2266 4014 ,Τίς
2291 3949 2603 4017 ἀδδηφάγον
2626 3950 2867 4018 γαστέρα
2897 3951 2990 4002 καὶ
3006 3951 3200 4020 λαιμὸν
3233 3953 3573 4020 μαινόμενον,

2013 4043 2071 4093 ἐν
2109 4040 2273 4107 κημῷ
2305 4041 2582 4107 νηστείας,
2616 4041 2708 4091 καὶ
2731 4040 2930 4109 χαλινῷ
2953 4041 3275 4110 ἐγκρατείας
3306 4038 3439 4111 ῆγξε
3469 4062 3575 4110 χω-

2018 4133 2102 4199 ρὶς
2136 4129 2312 4198 ὑμῶν,
2346 4129 2394 4181 οἳ
2418 4131 2661 4198 κρεῖττον
2694 4129 2725 4197 ἢ
2795 4131 2916 4180 κατ’
2947 4129 3235 4198 ἄνθρωπον
3264 4129 3363 4198 τὴν
3410 4130 3573 4196 φύσιν

2020 4223 2538 4292 ὑπερεφρονήσατε;
2574 4221 2683 4273 Καὶ
2705 4223 2752 4272 εί
2777 4222 2889 4282 τοῖς
2941 4221 3194 4289 ἀγγέλοις
3233 4222 3580 4292 παρημιλλή-

2019 4313 2169 4381 θητε,
2199 4313 2368 4382 θνητὰ
2391 4313 2590 4380 σαρκία
2623 4313 3019 4381 περικείμενοι,
3051 4314 3146 4365 καὶ
3179 4313 3581 4382 καθυπέρτεροι

2017 4405 2304 4474 δαιμονίας
2335 4403 2550 4472 φύσεως
2571 4403 2923 4472 διεδείχθητε,
2975 4405 3163 4456 καινὸν
3195 4405 3366 4468 οὐδὲν,
3407 4409 3454 4457 εί
3489 4407 3582 4458 καὶ

3447 4495 3578 4548 ὥσθ’

2022 4587 2384 4658 ὑπεξαιρετέα
2413 4605 2502 4655 μοι
2532 4587 2626 4639 τοῦ
2660 4587 2823 4655 λόγου
2855 4587 2922 4640 τὰ
2947 4588 3213 4657 ὑμέτερα.
3257 4588 3378 4638 Τῶν
3410 4587 3454 4635 δ’
3483 4588 3582 4640 άλο

2021 4679 2127 4731 λων
2160 4680 2209 4730 οἳ
2242 4678 2335 4732 νῦν
2366 4678 2547 4747 βροτοί
2585 4680 2714 4742 είσι,
2749 4679 2833 4740 τίς
2861 4677 2937 4739 ώς
2990 4677 3148 4739 ἄλλος
3205 4679 3345 4746 ἀνὴρ
3394 4679 3588 4729 ἐπιθυ-

2024 4767 2184 4835 μιῶν,
2215 4769 2458 4834 ἐφίμωσε
2487 4766 2655 4835 θυμὸν
2683 4766 3166 4836 βρυχώμενονςΤίς
3201 4766 3362 4833 σοφοῦ
3402 4767 3582 4833 σοφώο

2021 4875 2178 4926 τερος
2233 4857 2310 4910 ὣν
2380 4859 2800 4926 ἐφαρμάκευσεν
2871 4857 3208 4923 ἐπιθυμίαν,
3269 4857 3366 4925 οὐχ
3421 4852 3591 4926 ἦττονὸ

2021 4950 2250 5010 ἀσπίδος
2279 4947 2558 5016 θανατώδη
2586 4948 2661 4998 ἰὸν
2683 4948 3144 5017 ἐγχρίμπτουσαν,
3185 4947 3276 4998 καὶ
3312 4949 3449 5019 πρὸς
3482 4947 3580 5017 τὴν

2022 5040 2324 5108 ἐπᾴδουσαν
2346 5039 2528 5108 φωνὴν
2553 5040 2834 5106 κακοήθως
2860 5038 3232 5107 κωφεύουσαν,
3278 5040 3310 5108 ἢ
3343 5042 3483 5091 κατά
3519 5042 3580 5091 τὸ

2025 5129 2215 5188 σκεῦος
2245 5129 2343 5193 τῆς
2369 5127 2621 5193 ἐκλογῆς,
2673 5127 2749 5188 ὡς
2801 5127 2916 5194 ἔχιν
2964 5126 3357 5196 καθαψαμένην
3393 5131 3577 5181 ἀπετι-

2024 5219 2218 5283 νάξατο
2248 5235 2262 5283 ;
2293 5219 2334 5269 Τ
2343 5218 2390 5280 ίς
2414 5219 2640 5285 τραφεὶς
2670 5216 2764 5270 καὶ
2791 5219 3076 5285 γενόμενος
3105 5218 3471 5284 εύαγγελικῶς
3503 5217 3580 5278 ὡς

2024 5309 2092 5360 τὰ
2152 5311 2280 5375 περὶ
2327 5309 2414 5359 τὶν
2464 5307 2722 5376 Ἀζαρίαν
2752 5307 2962 5368 παιδία,
3020 5307 3082 5357 οὐ
3109 5305 3483 5373 προσεκύνησε
3511 5308 3580 5374 τῇ

2023 5397 2206 5460 όπαδῴ
2234 5396 2343 5448 τῶν
2369 5394 2695 5463 σωματικῶν
2733 5393 2951 5463 ἡδονῶν,
2991 5393 3236 5461 πολυύλῳ
3282 5393 3376 5444 καὶ
3423 5391 3582 5443 πολυ-

2025 5489 2313 5558 χρημάτῳ,
2367 5487 2440 5549 ώς
2465 5477 2784 5539 οὐδ”ἐκεῖνα
2814 5487 2891 5554 τῷ
2939 5487 3001 5538 ἐκ
3029 5486 3230 5554 χρυσοῦ
3274 5485 3367 5535 καὶ
3413 5483 3586 5552 ἀργύ-

2027 5596 2142 5648 ρου,
2163 5577 2360 5644 χαλκοῦ
2388 5594 2444 5628 τε
2472 5578 2566 5628 καὶ
2607 5577 2823 5645 σιδήρου
2852 5577 3195 5645 χειροκμήτιρ
3253 5575 3537 5644 ἰνδάλματι
3566 5591 3586 5640 ;

2027 5671 2141 5731 Τίς,
2171 5669 2256 5721 ἵνα
2279 5667 2508 5730 συνέλω,
2539 5665 2635 5735 τὴν
2695 5668 2884 5734 σειρὰν
2933 5665 3398 5736 γαστριμαργίας,
3454 5683 3587 5734 πορ-

2027 5763 2195 5824 νείας,
2225 5760 2655 5828 φιλοχρηματίας
2703 5759 2978 5822 διέσπασε,
3029 5761 3121 5810 καὶ
3155 5760 3252 5810 οὐκ
3293 5759 3583 5814 ἐσαιγκται
