3960 6190
309 311 325 376 l
338 306 440 371 353

1628 316 2215 387 PROSOPOPCEUE.

3408 318 3547 391 135$

311 427 472 481 θίοπα
524 430 902 495 λευκαίνουσα,
961 436 1132 504 φλόγα
1191 438 1466 503 ξαίνουσα,
1515 444 1635 496 καθ’
1693 445 1873 513 ὑγρῶν
1901 445 1947 498 Α
1979 464 2185 510 κουσιν,
2225 445 2254 513 ἢ
2287 445 2555 498 ἕλκονται.
2592 445 2699 498 Καί
2728 460 2816 511 μοι
2858 442 3131 512 σκέψασθε
3159 445 3374 516 πρῶτον
3433 440 3546 499 ὦτα

312 519 617 592 γράφουσα,
646 526 704 591 ἐξ
733 528 917 597 ἄμμου
955 531 1184 598 σχοινίον
1216 532 1514 589 πλέκουσα,
1581 538 1644 589 ’Ὤ
1696 541 1871 606 πράγ-

316 626 494 684 ματος.
535 618 764 672 ἀπίστου
807 621 820 675 ι
891 618 1072 691 διττῆς
1121 624 1344 693 ἀλογίας
1407 628 1656 692 ἐξουσίαν
1710 632 1875 683 πεπί-

315 722 543 776 στευμαι
576 728 592 743 ⁸
626 712 723 782 τῆς
766 717 862 781 μὲν
893 713 1040 768 ἔνδον
1070 720 1160 771 καὶ
1192 722 1470 790 προσεχῶς
1532 719 1874 792 ὑπεζευγμέ-

313 813 410 869 νης
443 812 552 869 μοι,
603 802 702 872 τῆς
729 804 784 857 δέ
816 802 1148 880 πορρωτέρω
1182 811 1275 863 καὶ
1333 810 1584 882 Θύραθεν.
1645 807 1786 866 ⁴Ᾱλλ⁹
1844 815 1875 883 ἡ

317 897 414 963 μὲν
441 888 678 961 ἐξωτέρα
704 893 1047 962 δεδούλωται,
1082 903 1175 955 καὶ
1206 903 1403 969 νόμους
1429 898 1708 972 ὑποταγῆς
1734 907 1873 973 ἡγάο

315 1006 504 1058 πησεν.
563 988 725 1043 Οὐδὲν
784 992 891 1059 γάρ
942 990 1049 1047 τῶν
1099 996 1310 1063 ἀλόγων
1378 994 1475 1067 τὴν
1528 990 1878 1065 ἁρμόζουσαν

312 1078 615 1152 ὑπηρεσίαν
641 1088 937 1149 ἀναίνεται,
965 1088 1098 1142 ἀλλά
1133 1093 1224 1141 καλ⁵
1270 1088 1395 1157 βοῦς
1447 1092 1609 1159 ςυγδν
1642 1095 1877 1163 ἐπαυχε-

312 1172 537 1241 νίζεται,
567 1177 662 1232 καὶ
686 1179 857 1249 πάχος
894 1182 998 1249 γῆς
1026 1184 1290 1251 ῥήγνυσιν
1317 1187 1554 1256 ἀρότρῳ,
1585 1189 1680 1240 καὶ
1705 1187 1875 1240 ταῦτα

314 1269 760 1339 προϐεϐλημένος
792 1274 852 1325 ἐν
882 1276 997 1336 τοῖς
1036 1277 1331 1344 κροτάφοις
1361 1280 1614 1346 κεράτων
1665 1280 1871 1349 ἀκμάς,

311 1362 384 1423 ὡς
417 1362 582 1426 ἄλλας
603 1366 808 1433 αἰχμάς

313 1456 437 1521 γίαν
464 1456 847 1526 διαπέφευγεν,
894 1460 1031 1514 ἀλλά
1057 1462 1261 1534 καίπερ
1290 1464 1569 1535 ἀγέρωχος
1599 1466 1696 1521 ὢν.
1728 1468 1879 1536 δέχε-

312 1566 397 1601 ται
462 1546 562 1618 μὲν
619 1550 811 1620 χαλινά
853 1550 929 1618 τῷ
992 1555 1240 1622 στόματι,
1286 1558 1443 1627 φέρει
1494 1558 1551 1610 δὲ
1578 1559 1875 1627 ἀναϐάτην,

316 1640 542 1707 εἰρήνην
566 1642 768 1708 ἄγοντα
810 1643 903 1695 καὶ
939 1645 1265 1713 μαχόμενον.
1304 1645 1559 1699 Πείθεται
1609 1650 1702 1700 καὶ
1754 1648 1877 1710 δνος

313 1731 471 1796 φύσει
509 1732 683 1801 νωθής
717 1735 809 1785 ἐπὶ
835 1734 933 1802 τὴν
966 1736 1293 1804 ἀχθοφορίαν
1338 1738 1673 1805 καλούμενος
1707 1756 1721 1770 ο

312 1819 385 1882 ὡς
418 1820 507 1874 τὸν
534 1820 763 1890 ἔκφορον
792 1815 957 1877 ἵππον
987 1826 1217 1895 ἐπέσχον
1256 1826 1331 1895 τῷ
1358 1828 1581 1898 χαλινῷ,
1611 1822 1754 1880 οὑτω
1782 1827 1872 1880 τὸν

312 1912 644 1965 νωθέστατον
666 1912 786 1966 δνον
811 1914 1003 1968 ἔπεισα
1039 1918 1309 1986 παιδαρίῳ
1337 1918 1431 1970 καὶ
1470 1916 1689 1988 ῥοπάλῳ
1743 1916 1871 1972 θᾶτ-

311 2018 401 2055 τον
441 2004 791 2071 πορεύεσθαι.
828 2000 892 2059 Τί
913 2007 1054 2071 λέγω
1086 2009 1319 2062 τιθασσὰ
1366 2012 1526 2064 ταυτὶ
1560 2013 1727 2078 κτήνη
1779 2014 1873 2066 καὶ

314 2095 579 2165 ὑποζύγια
606 2115 620 2161 ;
657 2098 757 2150 οὐκ
784 2099 1007 2167 ἄρκτος,
1041 2101 1099 2152 οὑ
1132 2100 1395 2167 πάρδαλις
1435 2103 1501 2155 τὰ
1535 2103 1643 2155 τῶν
1668 2100 1872 2172 θηρίων

311 2184 751 2259 ἀμειλικτότερα,
794 2189 893 2242 οὐκ
941 2192 1103 2253 αὐτὸς
1157 2190 1353 2257 ἐλέφας
1425 2196 1531 2247 τῶν
1581 2196 1871 2263 γεωλόφων

313 2276 661 2345 ὑπερανέχων
697 2277 773 2345 τῷ
799 2278 1039 2347 μεγέθει,
1096 2280 1155 2333 οὐ
1186 2282 1323 2335 λέων
1347 2283 1374 2335 ὁ
1399 2285 1507 2336 τῶν
1540 2286 1873 2356 ἀγρίωνιβα-

314 2368 513 2433 σιλεὺς,
548 2367 917 2422 ἀποστατοῦσι
977 2371 1076 2440 τῆς
1128 2372 1407 2443 ἡμετέρας
1457 2375 1632 2445 ἀρχῆς
1663 2393 1678 2408 ·
1738 2379 1872 2445 ἀγα-

313 2460 455 2511 πῶσι
502 2460 555 2511 δὲ
604 2459 671 2512 δι’
695 2461 901 2529 ἀγορᾶς
962 2460 1056 2515 καί
1090 2462 1336 2532 θεάτρων
1388 2466 1446 2518 ἐν
1490 2470 1608 2529 ταῖς
1656 2467 1873 2522 πόλεσιν

310 2551 573 2621 ἀγόμενα,
597 2552 690 2603 καὶ
722 2552 1007 2621 διατριϐὴν
1032 2555 1384 2625 παρεχόμενα
1414 2560 1527 2621 τοῖς
1580 2559 1872 2628 θεωμένοις

312 2645 406 2697 σῦν
439 2644 696 2711 ἐκπλήξει
740 2645 835 2696 καὶ
875 2644 1114 2714 θαύματι
1143 2662 1159 2679 ο
1228 2647 1347 2701 οὑδέ
1407 2653 1518 2713 τοῖς
1579 2652 1871 2722 μετεώροις

309 2734 511 2803 ὄρνισιν
574 2735 885 2805 ἀπέχρησεν
957 2738 1038 2799 εἰς
1112 2738 1463 2810 ἀποδρασμὸν
1523 2741 1655 2813 ὕψος
1713 2746 1872 2815 ἀέρος

308 2828 636 2895 ἀμέτρητον,
663 2827 850 2898 ὥσπερ
876 2830 994 2883 οὐδὲ
1022 2834 1131 2895 τοῖς
1163 2833 1373 2902 ἰχθύσιν
1429 2838 1510 2900 εἰς
1550 2839 1870 2908 ἀποκρυϐὴν

310 2919 467 2988 βυθὸς
507 2920 781 2988 Θαλάσσης
810 2922 1126 2989 βαθύτατος.
1163 2924 1274 2976 Καὶ
1335 2925 1433 2996 τὴν
1484 2927 1581 2997 μὲν
1631 2928 1867 3000 θηριώδη
1971 2925 2167 2993 ραμνῖς
2193 2922 2294 2991 τῆς
2318 2921 2523 2991 Λιϐύης
2546 2920 3067 2991 ἐμπεφωλεύκασιν.
3120 2922 3184 2984 ἃς
3216 2934 3322 2989 περ
3354 2908 3557 2974 τιθασλ

309 3013 404 3066 καὶ
438 3013 669 3080 θυραίαν
708 3013 930 3078 ἀλογίαν
956 3013 1097 3066 οὕτω
1123 3013 1543 3087 τιθασσεύομεν,
1591 3020 1667 3082 ὡς
1723 3021 1865 3086 ἐξὸν,

1979 538 2074 591 καὶ
2102 538 2348 606 ὄμματα.
2385 538 2531 593 ὅπως
2583 537 2649 589 τά
2692 534 2791 604 μὲν
2840 536 2941 589 οὑκ
2985 536 3349 606 ἐμπίπλαται.
3405 540 3545 591 κατά

1978 629 2070 681 τὸν
2091 629 2543 698 Ἐκκλησιαστὴν,
2566 626 2658 680 τοῦ
2688 628 2930 691 ἀκούειν,
2964 629 3028 681 τά
3047 626 3101 679 δὲ
3124 626 3218 681 τοῦ
3242 630 3394 699 όρᾷν,
3425 644 3499 680 κα
3526 657 3536 667 ·

1980 721 2092 773 οότι
2121 724 2234 783 τοῖς
2269 721 2363 788 μὲν
2393 720 2502 774 οὐδ’
2534 718 2875 788 ἐπιζυγῶσαι
2898 714 3067 790 θύρας
3124 710 3353 784 ἔξεστιν,
3413 714 3549 773 ἀνα-

1981 806 2351 879 πεπταμένοις
2409 806 2499 864 ἀεί
2530 829 2545 844 °
2613 814 2726 874 τοῖς
2774 811 2831 866 δὲ
2868 811 3297 882 ,παραπέτασμα
3345 813 3406 865 τὸ
3441 814 3550 866 τῶν

1980 898 2266 974 βλεφάρων
2291 896 2548 972 ἐπίθεμα,
2583 904 2682 957 καὶ
2710 906 2743 974 ή
2776 905 3117 973 ἀποστροφὴ.
3159 905 3256 957 καὶ
3283 904 3423 958 κατὰ
3457 906 3548 956 τὸν

1982 996 2154 1065 μέγαν
2194 994 2313 1048 Ἰὼϐ
2342 995 2574 1064 διαθήκη
2608 994 2702 1048 τοῦ
2781 996 2855 1064 μὴ
2916 996 3208 1063 καταθρεῖν
3256 997 3545 1065 περίεργα.

1975 1088 2139 1141 Ἀ).λά
2170 1088 2417 1144 τίταῦτα
2445 1092 2583 1157 πρὸς
2614 1089 2713 1159 τὴν
2746 1088 3178 1158 προχειροτάτην
3227 1088 3408 1141 αὑτῶν
3453 1088 3547 1139 καὶ

1983 1179 2213 1250 ἄχρονον
2242 1182 2442 1251 μικροῦ
2482 1184 2648 1254 ριπὴν
2677 1184 2771 1236 καὶ
2810 1182 3119 1251 ἀπληστίαν
3156 1180 3552 1249 πολυπράγμο-

1979 1293 2044 1327 να
2069 1293 2081 1338 ;
2114 1269 2245 1326 Είτα
2264 1274 2359 1327 καὶ
2388 1274 2655 1341 γλῶτταν.
2700 1272 2774 1325 Τὸ
2795 1274 3167 1342 ἀκατάσχετον
3205 1262 3396 1337 κακὸν,
3454 1270 3546 1324 τὸν

847 1383 862 1399 ο
898 1367 1017 1420 οὐδὲ
1044 1367 1209 1430 ῖππος
1238 1370 1495 1433 ὠκύπους
1529 1373 1628 1441 τὴν
1668 1374 1883 1441 ὑπουρρ
1977 1369 2182 1437 κόσμον
2212 1368 2307 1432 τῆς
2338 1367 2555 1428 ἀδικίας
2581 1366 2723 1420 κατά
2750 1363 2842 1419 τὸν
2873 1359 3197 1434 ἀδελφόθεον
3237 1364 3496 1420 Ἰάκωϐον
3528 1383 3543 1397 ο

1975 1460 2010 1526 ἥ
2047 1476 2109 1525 γε
2142 1460 2235 1512 καὶ
2266 1462 2395 1528 πρὶν
2426 1460 2637 1525 ἐφεῖναι
2660 1456 2751 1511 τὸν
2770 1458 3056 1528 λογισμὸν,
3108 1456 3202 1510 καὶ
3252 1458 3319 1512 τὰ
3352 1452 3546 1512 λεκτέα

1977 1551 2301 1619 ἐπισκῆψαι,
2336 1551 2722 1621 προεξάλλεται
2743 1548 3078 1617 αὐτάγγελος
3115 1552 3417 1622 προπετὴς,
3456 1554 3548 1604 ἐκέ

1979 1636 2368 1712 φερομυθοῦσα
2396 1644 2492 1699 ὅσα
2520 1642 2595 1712 μὴ
2623 1641 2752 1711 χρὴ,
2780 1643 2877 1694 καὶ
2912 1640 3085 1694 ταῦτα
3114 1642 3391 1703 τοσούτοις
3415 1644 3568 1711 ἀποσ,

1781 1739 1876 1793 καί
1913 1760 1953 1818 Β
1978 1736 2363 1806 ταφρευομένη
2396 1736 2653 1802 φυσικοῖς
2685 1735 2877 1803 ἕρκεσι
2904 1750 2918 1767 ·
2957 1734 3090 1786 τίδὲ
3146 1737 3173 1787 ό
3233 1736 3547 1804 οἰσοφάγος,

1978 1828 2006 1880 ό
2040 1821 2306 1895 πανδεχὴς
2334 1828 2552 1892 ἀγωγός
2578 1842 2592 1857 ·
2627 1825 2678 1878 τί
2726 1824 2782 1878 δέ
2836 1828 2868 1893 ἡ
2900 1828 3200 1894 μαινομένη
3231 1822 3322 1879 καὶ
3354 1828 3547 1894 ἐκμαί-

1973 1935 2137 1971 νουσα
2170 1917 2280 1988 ἁφή
2313 1937 2325 1982 ;
2363 1913 2510 1985 Ἀρα
2569 1915 2897 1969 κατακούειν
2929 1911 3039 1968 οἵδε
3096 1916 3256 1983 λόγου
3308 1916 3404 1969 καὶ
3450 1916 3549 1984 τῆς

1973 2008 2213 2075 ἐφέσεως
2243 2004 2488 2061 ἵστασθαι
2522 2025 2538 2071 ;
2567 2006 2781 2075 Καρδία
2818 1996 2874 2058 δέ
2916 2006 2992 2066 τί,
3050 2002 3177 2059 ὅταν
3218 2002 3355 2073 πρὸς
3411 2003 3549 2074 ἀμυ·

1973 2120 2069 2154 ναν
2093 2101 2336 2168 καχλάζῃ
2369 2100 2433 2168 τῇ
2475 2097 2622 2161 ζέσει
2664 2096 3090 2164 μαιμάσσουσα;
3154 2098 3219 2168 ἢν
3276 2096 3547 2164 θαυμάζω

1972 2191 2090 2249 πῶς
2119 2186 2151 2260 ή
2180 2190 2426 2261 ῥαψῳδία
2468 2182 2701 2258 κυνηδὸν
2751 2188 3094 2243 ὑλακτοῦσαν
3144 2185 3451 2251 ποιεῖ,’ἀλλ’
3485 2187 3547 2243 οὗ

1975 2283 2180 2352 μᾶλλον
2216 2281 2576 2351 βρυχωμένην
2607 2280 2876 2336 λεόντεια,
2924 2281 3049 2332 Ἑπὶ
3084 2275 3217 2333 πᾶσι
3272 2281 3330 2333 τὸ
3378 2281 3549 2350 θυμο-

1972 2372 2164 2432 πλεκές
2191 2370 2291 2440 τῆς
2322 2370 2615 2439 ἐπιθυμίας
2646 2369 2834 2437 μόριον
2900 2369 3011 2423 τίνι
3046 2370 3112 2449 ἂν
3158 2372 3547 2440 προσεικάζομ-

1970 2482 2064 2529 το;
2099 2465 2336 2531 Πότερον
2358 2463 2614 2532 ἀθανάτῳ
2636 2462 2793 2532 κακῷ
2831 2466 2895 2533 τῇ
2919 2461 3154 2534 Σκύλλῃ,
3186 2458 3217 2534 ἦ
3252 2466 3316 2532 τῇ
3348 2465 3549 2532 παλιμο

1972 2557 2098 2624 φυεῖ
2137 2555 2333 2626 ”Υδρᾳ,
2370 2555 2402 2622 ἢ
2439 2554 2516 2624 τῷ
2573 2554 2996 2623 ἐκατογκεφάλῳ
3058 2555 3278 2622 Τυφῶνι
3311 2554 3550 2619 ;Τοσούο

1969 2665 2081 2709 τοις
2119 2647 2365 2716 ὀργάνων
2390 2644 2689 2716 βαράθροις
2713 2646 2807 2699 καὶ
2843 2646 3049 2714 μορίων
3097 2645 3297 2716 χάραξι
3349 2646 3549 2715 τούμὸν

1970 2741 2300 2807 ἐνδιαίτημα
2320 2739 2764 2809 κεχαράδρωται,
2792 2730 2872 2799 οἷς
2899 2737 3180 2791 ἀλλόκοτοι
3224 2737 3319 2791 καὶ
3366 2738 3549 2802 ἄλογοι

1968 2834 2225 2901 δυνάμεις
2282 2831 2355 2893 ὡς
2385 2832 2538 2898 ὄφεις
2572 2828 2912 2884 παντοδαποὶ
2956 2827 3072 2893 τοῖς
3114 2824 3409 2900 θηριώδεσι
3448 2848 3551 2900 χη-

1971 3018 2150 3068 σεύειν
2186 3014 2284 3083 μὲν
2313 3014 2405 3066 καὶ
2435 3010 2743 3082 ἐξημεροῦν
2773 3012 3176 3079 ἐπαγγέλλεται
3235 3010 3295 3064 τδ
3326 3011 3427 3079 τῆς
3475 3015 3552 3064 εἰο

308 3107 401 3157 καὶ
439 3104 757 3173 δαμάζομεν
784 3124 795 3135 ·
824 3104 924 3171 τὴν
948 3105 1005 3157 δέ
1038 3106 1304 3170 σύνοικον,
1362 3109 1457 3162 καὶ
1580 3113 1866 3182 προσεχῶς
1893 3094 1937 3151 ο
1970 3110 2127 3167 κόνος
2159 3102 2379 3173 ἀξίωμα
2412 3123 2426 3137 ο
2451 3106 2516 3157 τὰ
2576 3100 2687 3159 ἄνω
2740 3105 2797 3158 δὲ
2858 3105 3008 3158 κάτω
3061 3103 3507 3173 μετακυλίνδεται
3529 3116 3549 3134 ⁸

307 3195 622 3263 ἐποχεῖσθαι
674 3195 1003 3262 τετάγμεθα,
1067 3198 1160 3249 καὶ
1205 3197 1348 3251 κατά
1400 3198 1573 3267 λόγον
1621 3206 1865 3270 κοσμεῖν,

306 3286 403 3337 ούκ
436 3285 630 3355 ἔχομεν
660 3287 774 3347 πῶς
821 3287 1326 3357 ἀπομειλιξὼμεθα,
1375 3290 1471 3343 καλ⁵
1524 3292 1870 3361 διαπραΰνω-

308 3396 408 3447 μεν
442 3381 574 3447 πρὶς
608 3378 668 3430 τὸ
698 3379 982 3445 κατήκοον-
1021 3380 1211 3433 Καίτοι
1240 3381 1422 3452 ἐκείνη
1469 3383 1567 3453 μὲν
1630 3386 1871 3438 ἐκκεκώ-

308 3485 470 3535 φηται
495 3466 803 3535 φύσειπρὸς
853 3469 943 3520 τὸν
970 3469 1125 3535 Λόγον
1166 3483 1180 3497 ·
1236 3469 1375 3539 αὕτη
1415 3472 1473 3524 δὲ
1514 3470 1716 3536 ἐπαΐει,
1775 3477 1870 3530 καί

310 3574 421 3618 τως
462 3561 830 3625 ἐπέστραπται
860 3576 874 3589 ο
909 3559 1043 3611 ἀλλά
1073 3559 1133 3613 τὸ
1178 3562 1465 3630 ἀλόγιστον
1513 3565 1688 3635 πάντη
1751 3568 1870 3618 ἐπι-

314 3648 548 3700 πειθέστι
563 3665 654 3717 ρον
685 3650 758 3716 τῷ
791 3651 932 3719 λόγῳ
965 3650 1185 3719 μᾶλλον,
1227 3651 1258 3716 ἢ
1309 3651 1370 3704 τὸ
1398 3655 1647 3721 πεφυκὸς
1679 3654 1870 3721 λογοῦ·

306 3737 429 3790 σθαί
448 3757 519 3807 πη
541 3742 633 3791 καὶ
654 3740 1011 3811 ρυθμίζεσθαι
1030 3758 1043 3772 °
1066 3744 1288 3797 κάκεῖνο
1319 3746 1419 3814 μὲν
1455 3745 1721 3815 ὑπουργεῖ
1773 3746 1869 3798 καὶ

305 3832 626 3881 συνεκπονεῖ
667 3831 736 3883 τά
760 3832 1074 3885 συνοίσοντα
1113 3833 1328 3903 σώματι
1358 3851 1374 3867 ’
1403 3836 1561 3905 σῶμα
1592 3837 1645 3889 δὲ
1674 3854 1872 3907 συνερ-

307 3918 402 3984 γδν
443 3921 564 3988 ἐμοὶ
592 3920 744 3974 δοθὲν
770 3924 849 3985 εἰς
875 3924 1076 3993 ἀρετῆς
1108 3925 1247 3993 ἔργα
1276 3926 1561 3991 κάλλιστα,
1595 3929 1676 3991 εἰς
1722 3930 1871 3984 ἀντί-

305 4010 429 4073 ξουν
462 4012 553 4063 καὶ
582 4012 741 4065 πλέον
774 4014 1139 4086 ἀντιπράττον
1171 4018 1478 4087 ἐλέγχεται,
1527 4023 1621 4074 καὶ
1677 4021 1871 4075 θᾶττον

307 4100 405 4169 ἐμὲ
432 4102 835 4168 συναλογιστεῖν
866 4105 1014 4174 αὑτῷ
1043 4107 1465 4177 παραϐιάζεται,
1510 4109 1543 4177 ἦ
1575 4109 1705 4162 αὐτὸ
1749 4111 1872 4178 ἐμοὶ

307 4190 783 4257 συλλογικεύεσθαι
845 4196 1112 4248 πείθεται.
1168 4198 1279 4250 Καὶ
1340 4198 1401 4251 τὸ
1455 4199 1630 4251 αἴτιον
1658 4199 1871 4269 εἴρηται

304 4280 557 4348 πρόσθεν,
590 4283 672 4335 ὃτι
726 4285 846 4335 ἐπεὶ
880 4286 1148 4354 γενομένη
1196 4288 1289 4340 ἐπὶ
1346 4291 1482 4357 τιμῇ
1545 4289 1605 4341 ού
1649 4289 1871 4359 ξυνίημι

304 4373 369 4424 τά
399 4373 615 4440 πρῶτα,
651 4375 745 4427 ἅτε
772 4376 850 4447 τῷ
883 4378 1087 4448 νεογνῷ
1137 4379 1348 4449 σαρκίῳ
1402 4382 1865 4452 συννηπιάζουσα,

303 4463 401 4516 εἴτ’
431 4462 523 4518 οὖν
564 4467 817 4537 σκυϐἀλῳ
848 4467 978 4539 ὕλης
1008 4470 1318 4538 χαλδαῖκῶς
1350 4474 1546 4537 εἰπεῖν,
1584 4491 1861 4541 συγκατα-
1895 4445 1941 4501 D

302 4556 471 4622 δῦσα,
521 4560 620 4611 καὶ
693 4560 993 4631 ὀπρεῶδες
1062 4564 1452 4633 ἀμπισχομένη
1509 4568 1865 4638 περίϐλημα,

304 4650 843 4721 πλρασυμϐάλλομαι
885 4655 976 4706 καὶ
1010 4655 1303 4723 ὀμοιοῦμαι
1328 4660 1444 4719 τοῖς
1497 4658 1721 4728 κτήνεσι
1774 4659 1869 4711 καὶ

302 4740 553 4809 ἀνοήτοις
639 4744 932 4813 δυνάμεσιν
965 4761 978 4775 ·
1027 4746 1124 4816 ὀψὲ
1183 4747 1239 4798 δὲ
1282 4748 1521 4802 συνιέναι
1568 4751 1601 4819 ἡ
1655 4748 1868 4820 ἄφρων,

304 4832 399 4882 καί
422 4834 455 4902 ή
489 4834 646 4903 μωρά
672 4852 801 4888 ποτε
826 4840 1042 4907 φρονεῖν
1082 4838 1382 4908 ἀρχομένη,
1434 4838 1710 4891 ἐπιϐάλλω
1771 4838 1871 4908 μὲν

307 4925 726 4986 μεταποιεῖσθαι
750 4926 849 4995 τῆς
881 4926 1230 4995 καθηκούσης
1267 4928 1466 4996 ἀρχῆς,
1498 4930 1595 4981 καὶ
1650 4929 1871 5000 σώματι

302 5013 400 5065 καὶ
427 5014 638 5082 μορίοις
686 5014 938 5084 σώματος
980 5016 1121 5068 κατά
1168 5014 1323 5082 λόγον
1375 5017 1711 5081 ἐπιστατεῖν,
1772 5017 1871 5071 καὶ

305 5104 444 5175 προς
473 5104 534 5157 τὸ
578 5104 786 5174 πρέπον
846 5104 1059 5174 ἑκάστῳ
1118 5104 1411 5169 ἐπανάγειν
1452 5102 1827 5175 λειτούργημα
1852 5120 1867 5134 °

298 5194 443 5248 αὐτὰ
502 5195 559 5248 δὲ
612 5197 749 5249 ἀλλά
795 5199 890 5249 καὶ
942 5195 1357 5267 προλαλοῦντα,
1420 5199 1568 5268 ὅμως
1626 5199 1869 5269 ἀτεχνῶς

301 5288 487 5340 ἐκεῖνα
512 5289 695 5357 ἔργοις
723 5290 1075 5358 κεκράγασιν,
1107 5290 1207 5342 ὅσα
1235 5290 1283 5341 οἰ
1314 5291 1526 5342 πολῖται
1570 5291 1664 5344 τοῦ
1716 5293 1873 5360 εὐγε-

302 5377 431 5438 νοῦς
469 5378 761 5448 ἀνθρὼπου
810 5380 951 5433 κατά
998 5381 1097 5450 τὴν
1147 5382 1508 5452 εὑαγγελικὴν
1552 5384 1870 5453 παραϐολὴν

307 5472 620 5535 στείλαντος
653 5473 972 5543 πρεσϐείαν,
1012 5473 1218 5540 ελεγον,
1248 5473 1322 5525 Οὑ
1355 5474 1582 5543 θέλομέν
1614 5493 1673 5526 σε
1712 5475 1869 5545 βασι·

305 5558 496 5614 λεῦσαι
524 5563 607 5629 ἐφ’
659 5565 825 5632 ἡμᾶς.
858 5564 1081 5631 Ἀγουσι
1133 5564 1236 5633 γὰρ
1271 5564 1489 5625 θᾶττον,
1535 5564 1565 5633 ἢ
1621 5566 1865 5633 ἄγονται,

305 5652 405 5704 καὶ
430 5653 867 5707 ἀντεπισπῶνται
894 5656 1027 5724 πρὸς
1052 5655 1116 5707 τὰ
1152 5655 1356 5724 συνήθη
1389 5658 1539 5723 σφίσι
1575 5658 1670 5709 καὶ
1717 5660 1866 5727 φίλα,

303 5742 341 5808 ἢ
367 5744 704 5799 ἐπισπῶνται
751 5748 883 5808 πρὸς
914 5747 979 5798 τὰ
1008 5744 1255 5807 βέλτιστα
1292 5767 1303 5778 ’
1344 5749 1431 5799 καὶ
1473 5748 1631 5801 πλέον
1678 5750 1869 5803 ἀνθέλ-

595 5831 831 5893 l‘nam
854 5878 867 5893 .
906 5832 1021 5891 Gn.
1049 5826 1165 5894 CL.

1972 3197 2156 3251 ἐκεῖνα
2187 3198 2297 3264 γὰρ
2330 3198 2530 3263 μᾶλλον
2556 3187 3122 3263 συναγριαίνουσι⁸καί
3157 3194 3552 3265 ἀποθηριοῦσι)

1969 3281 2044 3349 ὡς
2086 3288 2155 3340 τὰ
2215 3285 2406 3341 πολλά.
2460 3286 2640 3356 Ὅπερ
2687 3288 2781 3341 καὶ
2834 3285 2993 3356 ὑμεῖς
3056 3284 3391 3353 ὑπιδόμενοι,
3454 3289 3554 3341 καλ⁵

1974 3377 2169 3431 παθεῖν
2230 3376 2626 3446 φυλαξάμενοι,
2686 3366 2731 3431 ὦ
2784 3377 3065 3449 μακάριοι,
3118 3377 3319 3445 ἔγνωτε
3359 3380 3415 3443 ἐξ
3457 3380 3551 3431 ἀν-

1972 3460 2210 3536 θρώπων
2238 3467 2629 3537 ἀφανισθῆναι,
2678 3467 2887 3537 λόχμας
2936 3468 3328 3535 κατειληφότες
3382 3470 3545 3537 θηρο-

1972 3559 2231 3627 τρόφους,
2282 3559 2376 3610 καὶ
2425 3557 2597 3627 ἄντρα
2620 3558 2920 3627 αὑτόροφα.
2984 3558 3078 3610 καὶ
3142 3562 3242 3627 γῆς
3298 3558 3553 3625 ἀνηλίους

1976 3652 2179 3719 μυχοὺς
2229 3648 2543 3711 ὑποδύντες,
2593 3651 2689 3701 καὶ
2732 3648 2801 3700 δι’
2830 3650 3049 3717 ἐρήμης
3094 3651 3354 3718 ἀοικήτου
3411 3651 3546 3702 πλα-

1972 3737 2191 3808 ζόμενοι
2228 3734 2450 3808 αῖθριοι,
2495 3733 2579 3790 ἵνα
2632 3734 2752 3799 ταῖς
2816 3740 3089 3807 πονηραῖς
3144 3737 3379 3800 εἰσόδοις
3437 3738 3549 3789 τῶν

1974 3828 2306 3898 σωματικῶν
2335 3828 2773 3896 ἐπεζυγωμένων
2822 3827 3154 3894 αἰσθήσεων,
3200 3829 3260 3880 τὸ
3298 3828 3395 3896 μὲν
3451 3829 3550 3897 τῆς

1970 3921 2168 3987 ἀλόγου
2211 3918 2389 3989 ψυχῆς
2427 3918 2900 3988 ἀποθηριούμενον
2952 3922 3163 3989 ἀτρεμῇ
3220 3921 3493 3989 ἀτροφοῦν
3530 3964 3543 3985 ,

1970 4016 2030 4068 τὸ
2061 4013 2119 4067 δέ
2152 4015 2341 4083 νοερὸν
2370 4015 2472 4080 τῆς
2503 4013 2731 4081 λογικῆς
2763 4013 2940 4083 ψυχῆς
2972 4014 3236 4083 σχολάζον
3280 4015 3389 4067 τῶν
3424 4016 3551 4084 περὶ

1970 4107 2037 4159 τὰ
2080 4106 2317 4174 αἰσθητά
2361 4102 2731 4175 τυρϐασμῶν,
2790 4098 3016 4173 ἄσχολον
3069 4106 3382 4179 προσανέχῃ
3439 4109 3551 4169 τοῖς

1972 4193 2101 4265 περὶ
2157 4196 2226 4248 τὰ
2270 4196 2436 4265 νοητά
2486 4195 2859 4265 θεωρήμασιν.

2042 4283 2188 4341 Εἶεν.
2211 4286 2354 4355 Ἐγὼ
2374 4288 2473 4356 μέν
2491 4283 2630 4340 οὕτω
2656 4288 2745 4340 διὰ
2775 4287 3026 4357 βραχέων
3044 4288 3362 4356 παρέδειξα,
3390 4290 3550 4357 ἡλίκα

1970 4374 2030 4431 τὸ
2079 4379 2414 4448 ὑπηρετικὸν
2442 4379 2600 4445 σῶμα
2633 4376 2753 4431 κατ’
2782 4374 2915 4448 ἐμοῦ
2948 4380 3291 4433 νεανιεύεται
3320 4396 3334 4410 ·
3368 4382 3426 4432 τὸ
3469 4382 3547 4444 δὲ,

1970 4466 2172 4535 καίπερ
2224 4467 2450 4520 τοιαῦτα
2502 4467 2805 4537 ἐνυϐρίζειν
2864 4468 3106 4538 ἐναργῶς
3166 4468 3544 4539 ἐλεγχόμενον,

1971 4559 2120 4627 ὅμως
2149 4558 2247 4611 οὑκ
2278 4558 2530 4622 ἀνέξεται
2574 4559 2647 4628 μὴ
2682 4559 2803 4628 οὑχί
2828 4559 2923 4611 καὶ
2945 4560 3039 4611 νῦν
3076 4561 3347 4629 ἀντερεῖν,
3384 4563 3549 4613 ὁποῖα

1974 4649 2233 4709 πολλάκις
2282 4646 2529 4719 θρασέως
2590 4648 3112 4719 ἐλευθεροστομοῦν,
3167 4651 3228 4702 οὑ
3280 4651 3548 4713 δουλικῶς

1973 4740 2390 4810 ύποτονθορίζον
2420 4739 2784 4804 αὑθαδίξεται,
2823 4737 2919 4792 am
2976 4739 3064 4794 διά
3126 4741 3347 4793 πάντων
3376 4743 3546 4793 κάντι-

1977 4830 2189 4886 κεῖσθαί
2224 4847 2315 4900 μοι
2338 4830 2693 4893 ἐσπουδακὸς,
2726 4825 2800 4892 ὡς
2832 4828 3025 4897 ἐχθρὸν
3056 4829 3241 4898 φύσει,
3282 4832 3338 4882 ἐν
3368 4829 3551 4900 ἔργοις

1971 4924 2363 4993 ἀντιπρᾶττον,
2395 4925 2452 4975 ἐν
2479 4922 2661 4989 λόγοις
2694 4920 3037 4989 ἀντιλογοῦν,
3067 4922 3162 4974 καὶ
3192 4922 3329 4984 ὅλως
3388 4922 3549 4991 μηδέ-

1974 5033 2106 5071 ποτε
2138 5015 2489 5085 συμϐατικῶς
2528 5016 2625 5068 καὶ
2650 5014 2954 5076 ἐνσπόνδως
3009 5014 3158 5084 ἕχον.
3208 5017 3376 5085 Φήσει
3436 5018 3548 5067 τοί-

1972 5128 2064 5164 νυν
2102 5110 2268 5180 μηδέν
2301 5108 2662 5179 πλημμελεῖν,
2714 5107 2899 5159 ποιοῦν
2930 5108 3042 5172 ξκαὶ
3088 5107 3317 5175 πάσχον,
3372 5106 3408 5158 ἃ
3452 5104 3546 5157 νῦν

1972 5202 2305 5270 ἐγκαλεῖται,
2342 5202 2434 5253 καλ¹
2480 5200 2680 5267 μᾶλλόν
2714 5214 2776 5259 γε
2807 5198 2907 5260 τάς
2935 5198 3062 5267 περὶ
3104 5198 3203 5264 τὴν
3233 5197 3546 5265 ἀπολλυμέ-

1974 5312 2073 5363 νην
2104 5294 2305 5363 βρῶσιν
2356 5290 2635 5361 μοχθηρὰς
2668 5289 2953 5359 ἐργασίας,
2999 5290 3093 5340 καὶ
3134 5288 3230 5356 τὴν
3266 5288 3544 5341 ἄπαυστον

1973 5388 2290 5457 εἴσπραξινο
2349 5384 2599 5438 σύνθετον
2655 5384 2762 5449 γάρ
2793 5382 2851 5435 ὃν
2884 5370 2975 5433 καί
3030 5379 3152 5449 ῥέον
3206 5378 3294 5432 ἀεὶ
3343 5380 3429 5432 διά
3485 5396 3543 5431 τε

1974 5478 2181 5548 ἀδήλων
2214 5477 2307 5530 καὶ
2354 5474 2649 5546 προφανῶν
2694 5474 2897 5543 πόρων,
2948 5470 3259 5537 ἀναγκαίως
3296 5471 3547 5524 ἀπαιτεῖν

1974 5570 2072 5639 τὴν
2128 5568 2391 5635 ἀνάλογον
2443 5570 2508 5637 τῇ
2566 5564 2797 5619 κενώσει
2861 5563 3385 5632 ἀνταναπλήρωσιν·
3445 5565 3545 5618 οὑκ

1974 5660 2145 5722 ἄλλως
2174 5660 2231 5712 δέ
2259 5656 2773 5729 διαμεμηχανῆσθαι
2801 5656 2960 5710 τοῦτο
2989 5656 3091 5723 τὴν
3137 5654 3320 5724 φύσιν,
3353 5656 3434 5709 ὃτι
3471 5658 3547 5725 μὴ

1974 5750 2059 5803 διὰ
2096 5750 2279 5803 σιτίων
2309 5750 2401 5803 καὶ
2431 5749 2609 5801 ποτῶν
2635 5765 2647 5779 ·
2681 5746 2873 5801 ούκονν
2897 5745 3049 5798 οὐδὲν
3076 5745 3431 5816 ἁμαρτάνειν,
3464 5748 3545 5799 v6-

3022 5833 3096 5894 43

3574 4198 3581 4251 Ι
