3994 6206
441 317 575 390 13υὸ

1680 339 2078 403 GREGORI]
2141 342 2466 403 PALAMA!

3553 353 3687 417 13ὂῦ

438 455 560 505 μοις
586 441 831 505 φυσικοῖς
879 440 1164 510 ἑπόμενον,
1205 445 1360 514 εἴπερ
1409 445 1594 514 μέλλει
1639 451 1884 521 διαρκεῖν
1912 455 2004 506 ἐπὶ
2035 464 2078 518 Α
2108 475 2229 518 την.
2261 456 2324 530 ἧς
2376 464 2476 514 οὑκ
2537 463 2685 515 ἔστιν
2721 463 3017 526 ὑπόστασις
3063 466 3402 534 ἐμπαγεῖσα,
3452 474 3546 523 καὶ
3600 475 3678 532 εἰς

432 531 643 598 χρόνον,
675 531 767 583 καὶ
811 531 883 600 μὴ
931 533 1178 602 πονήρως
1212 534 1376 605 ἔχειν.
1426 539 1519 592 καὶ
1551 540 1757 595 δεῖσθαι
1788 544 1880 596 τοῦ
1923 563 2008 598 νο-

433 620 768 690 σηλεύοντος,
796 621 830 690 ἢ
863 623 955 674 καὶ
979 624 1238 692 παράπαν
1277 631 1462 680 πεσεῖν
1495 631 1885 704 ἀποκεκμηκὸς
1913 637 2008 689 καὶ

430 711 636 781 ζημίαν
680 713 1069 783 ἐπενηνοχέναι
1101 717 1211 770 τῶν
1243 717 1312 770 δι’
1343 721 1508 774 αὑτοῦ
1555 725 1906 794 πονουμένων
1937 729 2003 798 τῇ

429 801 574 871 ψυχῇ
616 801 906 871 πράξεωνο
960 797 1121 858 αὗται
1179 807 1235 860 δὲ
1289 803 1468 874 αὗται,
1513 805 1558 865 ὦ
1614 815 1894 885 μακάριοι,

427 893 672 946 εἰωθυῖαι
708 893 786 965 τῷ
835 894 953 966 ἐμῷ
1007 897 1220 968 σώματι
1253 902 1503 971 σκήψεις,
1547 905 1600 957 εί
1634 923 1763 959 ποτε
1800 907 2006 980 χαλινῷ

429 985 768 1055 τραχυτέρας
809 987 1031 1056 ἀγωγῆς
1065 991 1386 1060 ἀνακρούσω
1422 994 1515 1048 ἐπὶ
1548 997 1606 1050 τὸ
1649 997 1876 1066 ἀσελγὲς
1909 1017 2008 1053 κα-

430 1077 822 1147 ταφερόμενον,
861 1078 893 1147 ἢ
944 1081 1330 1150 ἐκφερόμενον.
1372 1086 1460 1147 Ὠς
1490 1088 1598 1159 γὰρ
1646 1090 1712 1142 τά
1746 1092 2006 1147 ὑπότιτθα

434 1165 610 1235 βρέφη
660 1167 754 1220 τοῦ
814 1170 1024 1237 μαστοῦ
1077 1172 1454 1244 ἀποσπώμενα
1515 1179 2001 1253 κλαυθμυρίζεται,

430 1254 576 1309 οὕτω
603 1258 696 1309 καὶ
743 1259 874 1312 αὑτὸ
903 1261 1079 1327 κλάει,
1118 1264 1228 1317 τῶν
1261 1266 1476 1331 οίκείων
1507 1269 1644 1324 ἐθῶν
1671 1273 2000 1344 ἀπειργόμεα

431 1366 541 1409 νον,
561 1349 656 1400 καὶ
673 1349 1022 1420 δυσχεραῖνον
1043 1355 1495 1424 μορμολύττεται,
1525 1361 1716 1426 νόσους
1734 1365 2004 1432 φαντάζον

427 1444 521 1492 καὶ
554 1440 708 1510 ῥῆξιν
739 1442 833 1494 τοῦ
880 1443 1007 1496 καθ’
1047 1446 1194 1516 ἡμᾶς
1240 1447 1464 1518 δεσμοῦ,
1502 1454 1596 1505 καὶ
1639 1453 2003 1526 ὑπεξαγωγὴν

427 1533 526 1585 οὐκ
558 1533 872 1603 ἀνεύθυνον,
921 1538 1015 1590 καὶ
1051 1540 1248 1611 σχολὴν
1291 1543 1386 1596 τοῦ
1435 1549 1752 1614 πρακτικῶς
1790 1551 2005 1617 (9:10:30-

429 1625 550 1689 φεῖν
580 1623 855 1680 τολοιπόν.
899 1628 1036 1682 Ἀλλ’
1067 1631 1149 1685 ὅτι
1182 1634 1280 1702 μὲν
1313 1636 1564 1706 εἰρωνεία
1595 1640 1764 1693 ταῦτα
1797 1643 2000 1712 σαφὴς.

429 1716 522 1765 καὶ
551 1714 748 1785 θρύψις
778 1717 1056 1790 βλακώδης
1082 1723 1174 1776 καὶ
1197 1724 1488 1794 ἀκκισμὸς,
1526 1730 1625 1782 οὑκ
1647 1730 1839 1802 ἄδηλον
1875 1735 2002 1803 ὑμῖν

426 1807 542 1867 τοῖς
569 1807 734 1880 πείρᾳ
775 1810 1118 1879 μεμαθηκόσι
1164 1815 1258 1894 καὶ
1302 1815 1694 1891 διδαξαμένοις,
1726 1825 1802 1889 ώς
1841 1827 2002 1894 φύσις

431 1895 684 1965 σώματος
728 1899 786 1952 ἐν
819 1902 930 1964 τοῖς
960 1901 1099 1975 ὑπέρ
1132 1904 1226 1958 τοῦ
1268 1909 1433 1962 καλοῦ
1484 1912 1667 1976 πόνοις
1719 1932 2004 1986 γυμνασαο

433 1986 591 2057 μένη,
654 1989 712 2050 ἐς
761 1989 1032 2044 ἀπάθειαν
1080 1994 1450 2069 ἀδαμαντίνην
1503 2003 1993 2071 μεταχαλκεύεται.

426 2077 629 2133 Ὅτιδέ
658 2079 732 2152 μὴ
784 2083 924 2137 κατά
977 2083 1146 2157 θύραν
1177 2089 1209 2158 ἠ
1246 2089 1518 2158 ἔνστασις,
1578 2098 1852 2164 προφανὲς
1904 2083 2034 2168 μὲν,

427 2172 521 2222 καὶ
553 2171 732 2236 τοῦτο,
773 2175 921 2245 ὅμως
977 2177 1182 2246 ἐλέγξω
1233 2184 1327 2235 καὶ
1365 2182 1560 2254 εὔηθες
1603 2187 1890 2257 ἀποφανῶ.
1924 2190 2000 2245 Ού

423 2263 493 2332 δὴ
518 2263 580 2317 τὸ
609 2265 812 2352 ῌάπλῶς
841 2268 1160 2338 τρέφεσθαι,
1209 2271 1338 2326 οὔτε
1378 2280 1486 2345 μὴν
1511 2278 1850 2349 τρεφόμενον
1878 2280 2004 2352 ἥδε·

428 2354 573 2416 σθαι,
602 2346 648 2409 ὦ
679 2356 968 2426 ἀϐέλτερον
999 2361 1088 2427 σὺ,
1125 2363 1430 2433 αἰτιώμεθα
1476 2346 1557 2420 ὧν
1599 2346 1916 2441 κακούμεθα
1964 2371 1998 2442 ἢ

427 2447 798 2516 κακυνόμεθα.
836 2449 934 2513 Τίς
960 2453 1066 2524 γάρ
1101 2453 1226 2509 νοῦν
1255 2456 1414 2527 ἔχων,
1439 2461 1532 2513 καὶ
1564 2460 1756 2528 λόγους
1787 2461 1998 2532 φύσεως

427 2535 837 2608 ἐπεσκεμμένος
872 2541 963 2594 ἐπὶ
1021 2543 1207 2610 ποσὸν,
1237 2547 1423 2610 κακῶς
1474 2549 1588 2616 ἐρεῖ
1620 2550 1786 2615 ἄλλας
1821 2570 1878 2606 τε
1911 2551 2001 2605 δυ-

425 2628 643 2696 νάμεις,
674 2631 767 2683 καὶ
796 2632 976 2700 μέντοι
1004 2637 1098 2689 καὶ
1121 2636 1418 2707 θρεπικάς
1446 2658 1460 2705 ;
1495 2643 1716 2714 Τροφῆς
1742 2645 1797 2697 δὲ
1831 2645 2003 2716 παρά-

428 2739 621 2791 χρησιν
667 2725 758 2777 ἐπὶ
808 2725 1084 2800 ἀπληστία
1121 2732 1212 2783 καὶ
1261 2739 1437 2802 τρυφῇ
1503 2739 1999 2808 παρανομουμένην

429 2815 779 2884 μεμφόμεθα.
819 2817 933 2871 Ούκ
971 2819 1168 2874 ἔστιδὲ
1214 2825 1394 2896 τρυφὴ
1423 2832 1517 2880 καὶ
1545 2829 1721 2898 τροφὴ
1759 2829 1956 2883 ταυτόν
1983 2844 1996 2859 ⁶

429 2910 788 2979 μακροτέροις
817 2911 870 2963 δὲ
898 2911 1021 2981 ﬁci
1057 2914 1262 2968 Μυσῶν
1327 2920 1420 2970 καὶ
1475 2919 1703 2988 Φρυγῶν
1731 2921 2002 2991 ὁρίσματα

424 3000 714 3070 διεστητην
771 3001 1037 3071 ἀλλήλων,
1071 3006 1118 3057 εί
1164 3008 1258 3058 καὶ
1297 3011 1409 3070 τοῖς
1459 3010 1718 3078 ὀνόμασιν
1770 3011 1999 3080 ἀγχιθυ-

2109 552 2169 604 τὸ
2196 552 2454 620 ὑφιζάνον
2484 555 2571 605 ἀεὶ
2598 557 3012 625 καταφερομένη
3060 557 3154 608 καὶ
3189 558 3525 625 ἀπύθμενον.
3571 563 3670 624 Τίς

2109 641 2217 711 γάρ
2246 641 2563 711 ὑποστάθμη
2611 643 2810 713 ἐσχάτη
2853 645 2958 696 τῶν
2987 645 3096 699 σῶν
3131 645 3367 715 ὀρέξεων
3394 650 3676 717 ἐπινενόη-

2107 750 2218 800 ται,
2251 734 2373 804 ἥτις
2405 734 2690 804 ύφίσταιτο
2717 735 2779 788 ἂν
2808 737 3114 800 τελευταία,
3140 738 3235 791 καὶ
3263 741 3325 808 τῇ
3358 743 3673 813 προσωτέρᾳ

2109 826 2250 895 φορᾷ
2301 842 2395 877 σου
2435 828 2821 895 προσίσταιτο;
2861 829 2973 881 υύκ
3007 828 3119 881 ἐστι
3165 847 3218 883 τι
3251 830 3460 899 ἕτερον,
3501 833 3549 885 εί
3600 835 3672 904 μὴ

2107 917 2254 985 λέγει
2283 934 2366 980 τις
2391 919 2483 972 τὸν
2517 921 2932 991 κατευναστῆρα
2981 921 3182 985 παντὸς
3217 912 3674 979 κακοῦθάνατον.

2107 1007 2524 1078 Τλημονεστέρα
2556 1009 2613 1062 δέ
2657 991 2833 1078 πολλῷ
2879 1011 3075 1075 ἄλλως,
3108 1008 3190 1074 οἷς
3235 1014 3334 1066 οὒκ
3386 1009 3486 1068 οἷδ’
3528 1015 3676 1076 ὅπως

2107 1098 2353 1168 ἐμαυτὴν
2401 1099 2649 1153 λανθάνω
2707 1101 2893 1171 θηρίον
2943 1103 3002 1154 σὲ
3055 1105 3293 1172 πονηρὸν
3343 1106 3449 1159 ὑπὸ
3478 1106 3677 1158 κόλπον

2107 1190 2406 1254 θάλπουσα,
2438 1191 2532 1244 καὶ
2569 1191 2748 1244 πῶλον
2799 1193 3061 1264 ὑϐριστὴν
3093 1196 3185 1247 ἐπὶ
3210 1196 3367 1264 κακῷ
3395 1197 3470 1266 τῷ
3507 1201 3675 1267 ἐμαυ·

2109 1281 2203 1352 τῆς
2248 1283 2557 1338 πιαίνουσα.
2589 1280 2665 1339 Ἦ
2698 1286 2806 1355 γὰρ
2857 1287 2977 1356 ούχὶ
3025 1290 3254 1358 τραφὲν,
3289 1290 3380 1342 καὶ
3418 1290 3672 1354 θαλφθέν,

2106 1374 2348 1444 πονηρὰς
2379 1375 2611 1438 ἐκτίνεις
2649 1393 2736 1444 μοι
2771 1378 2995 1447 χάριτας
3022 1395 3036 1443 ;
3071 1381 3273 1433 Δάκνον
3306 1381 3382 1440 ὡς
3415 1381 3554 1449 δφις.
3581 1383 3676 1434 καὶ

2105 1465 2204 1531 λάξ
2234 1466 2670 1538 καθαλλόμενον·
2705 1469 2968 1536 ἀτιμάζον
3003 1469 3343 1533 ἀτασθάλως.
3378 1472 3473 1524 καὶ
3494 1472 3678 1524 ούκέτι

2046 1607 2058 1624 κ
2105 1556 2384 1619 καθεκτῶς
2409 1557 2528 1627 ἕχον
2546 1572 2560 1588 ·
2596 1559 2656 1610 οὑ
2687 1558 2907 1623 πειθοῦς
2935 1562 3292 1629 ποππυσμοῖς
3319 1561 3678 1631 ὑποσαινόμε-

2105 1665 2197 1701 νον
2223 1666 2237 1714 ;
2268 1648 2329 1701 ού
2365 1648 2457 1720 βίᾳ
2477 1649 2862 1718 χαλινούμενον
2887 1666 2900 1680 ·
2936 1650 2996 1703 οὑ
3025 1651 3134 1703 τῶν
3170 1653 3262 1704 ἐπὶ
3295 1653 3678 1724 καλοκαγαθία

2039 1789 2077 1843 Β
2108 1740 2325 1810 μόχθων
2353 1740 2749 1810 ἐφαπτόμενον.
2777 1741 2842 1793 Τί
2865 1739 3032 1808 λέγω,
3068 1742 3128 1794 οὑ
3155 1744 3332 1796 πόνων
3363 1744 3678 1813 ἐφαπτόμε-

2106 1847 2231 1895 νον;
2280 1830 2514 1897 ἠγάπων
2545 1828 2632 1894 ἂν,
2679 1831 2728 1882 εί
2779 1829 2853 1900 μὴ
2881 1831 3252 1898 ἀντέπραττες
3279 1848 3293 1863 ο
3331 1834 3380 1884 εί
3413 1833 3491 1902 μὴ
3539 1835 3676 1903 πρὸς

2106 1919 2174 1972 τὰ
2207 1919 2337 1987 φίλα
2377 1920 2474 1988 μέν
2505 1935 2609 1980 σοι,
2641 1919 2862 1988 ἔχθιστα
2907 1919 2964 1973 δέ
2993 1921 3141 1989 ἐμοὶ,
3176 1921 3361 1990 βιαίως
3392 1925 3672 1993 συνήρπαο

2103 2009 2196 2073 ζες
2221 2025 2235 2040 ⁸
2270 2011 2318 2062 εί
2348 2009 2422 2078 μὴ
2445 2009 2647 2080 τούμδν
2671 2012 2932 2079 ἐράσμιον
2955 2011 3148 2074 κάλλος
3173 2014 3530 2077 ἐνεκαλίνδεις
3550 2016 3673 2086 βορ-

2105 2099 2265 2172 ϐόρῳ,
2298 2102 2373 2164 ώς
2407 2103 2440 2172 ἡ
2487 2102 2639 2173 παρά
2667 2102 2747 2173 τῷ
2783 2103 3086 2174 Σολομῶντι
3109 2099 3172 2167 ῦς
3200 2104 3261 2157 τὸ
3291 2107 3352 2158 ἐν
3407 2109 3514 2177 ῥινὶ
3546 2124 3665 2176 χρυο

2104 2194 2232 2247 σοῦν
2259 2190 2498 2246 ἐνώτιον.
2543 2190 2704 2246 Ἀλλά
2735 2210 2825 2262 μοι
2860 2193 3024 2262 μηδὲν
3061 2192 3391 2263 ἀχθεσθῆτε,
3435 2197 3671 2265 μακαρία

2101 2284 2400 2354 ὁμήγυρις,
2433 2283 2482 2336 εί
2528 2280 2702 2345 οὕτως
2751 2284 2828 2354 τῷ
2859 2283 3155 2355 ἀδαμάστῳ
3199 2283 3374 2352 τούτῳ
3401 2285 3494 2338 καὶ
3524 2284 3678 2353 κακῷ

2103 2374 2381 2443 θρέμματι
2416 2373 2876 2443 ἐμπικραίνομαι,
2907 2366 2968 2426 οὗ
3022 2375 3120 2442 τὴν
3163 2375 3497 2444 τυραννικὴν
3537 2377 3678 2427 ἐπα-

2103 2466 2363 2519 νάστασιν
2397 2465 2492 2519 καὶ
2536 2463 2744 2527 Παῦλος
2776 2465 2807 2517 ὁ
2854 2461 3128 2528 τοσοῦτος,
3182 2467 3211 2519 ό
3259 2467 3676 2534 ἐσταυρωμένος

2100 2558 2178 2627 τῷ
2208 2557 2420 2628 κόσμῳ,
2443 2558 2471 2610 ό
2509 2557 2704 2627 μηκέτι
2733 2555 2863 2622 ζῶν,
2895 2560 2950 2611 ἐν
2987 2557 3165 2626 ἐαυτῷ
3198 2557 3254 2610 δέ
3286 2559 3466 2628 φέρων
3495 2558 3675 2621 ζῶντα

2102 2651 2196 2703 καὶ
2232 2649 2493 2702 λαλοῦντα
2542 2650 2632 2703 τὸν
2674 2651 2930 2720 Χριστὸν,
2969 2650 3316 2717 ἐφυλάττετο,
3363 2649 3456 2703 καὶ
3482 2649 3675 2702 δυσκο-

2100 2741 2299 2795 λαίνων
2327 2736 2438 2794 οἷον
2489 2737 2843 2810 ὠλοφύρετο,
2873 2740 3220 2810 ταλαίπωρον
3272 2741 3467 2795 ἑαυτὸν
3495 2740 3676 2792 καλῶς.

2101 2831 2412 2902 ἄνθρωπον,
2443 2835 2540 2887 καὶ
2568 2831 2996 2901 διαπορούμενος
3029 2833 3125 2884 καὶ
3157 2830 3334 2901 ζητῶν
3359 2831 3452 2884 τὸν
3490 2829 3677 2883 ἐκ¹τοῦ

2103 2924 2354 2994 σώματος
2395 2921 2490 2976 τοῦ
2543 2921 2774 2976 θανάτου
2807 2921 2996 2975 τούτου
3045 2922 3364 2992 ῥυσάμενον,
3485 2921 3550 2990 δὴ
3583 2922 3676 2973 καὶ

2101 3015 2175 3079 ώς
2203 3015 2444 3085 ἀθλητὴς
2473 3015 2720 3081 γενναῖος
2753 3013 2848 3065 καὶ
2884 3011 3208 3081 στεφανίτης
3241 3011 3529 3082 ἐμπίπτων
3549 3027 3679 3077 ago-

430 3090 623 3158 ροῦντα
666 3091 992 3165 συνηλθέτην
1023 3097 1372 3167 παραδραχύ,
1406 3099 1476 3150 Σὺ
1527 3100 1583 3153 δὲ
1632 3100 1707 3163 ὡς
1737 3102 1928 3168 εῠηθες
1962 3101 1994 3173 ἢ
2025 3126 2068 3182 c
2099 3100 2375 3175 δρότερον,
2411 3105 2512 3159 οὐκ
2557 3105 2712 3174 ἔληξε
2749 3104 3034 3174 πρότερον,
3069 3104 3178 3167 πὺξ
3224 3103 3538 3162 πατάσσων,
3585 3102 3677 3154 καὶ

427 3181 694 3251 κακόηθες
742 3184 839 3252 τὴν
886 3187 1221 3257 κατηγορίαν
1279 3189 1377 3258 τῆς
1444 3197 1993 3262 παρακαταχρήσεως

427 3276 507 3337 είς
537 3273 789 3346 διαϐολὴν
821 3280 916 3348 τῆς
960 3281 1195 3351 φυσικῆς
1227 3281 1559 3352 μετείληφας
1591 3285 1867 3353 χρήσεως·
1903 3289 1996 3340 καὶ

425 3365 620 3418 ταυτόν
650 3385 700 3419 τι
756 3369 1035 3439 ἠγνόηκας
1083 3371 1116 3442 ἢ
1167 3374 1646 3443 πεπανούργηκας,
1692 3374 1882 3444 ὥσπερ
1946 3379 1993 3430 εί

427 3459 811 3531 γραψαμένους
857 3463 1099 3533 μοιχείας
1140 3465 1171 3534 ἢ
1217 3465 1386 3536 μέθης
1413 3469 1554 3535 τινὰ,
1605 3471 1993 3540 ἐσυκοφάντεις

427 3555 577 3622 ἡμᾶς
606 3554 791 3617 κακῶς
822 3556 1001 3624 λέγειν
1042 3557 1134 3610 τὸν
1165 3558 1417 3629 σώφρονα
1464 3560 1664 3630 γάμον,
1695 3564 1790 3615 καὶ
1836 3565 1994 3616 πόσιν

426 3647 568 3702 οίνου
602 3647 876 3717 νηφάλιον.
910 3647 1119 3703 θῦκουν
1154 3651 1275 3704 ούδέ
1309 3669 1390 3717 σε,
1438 3645 1482 3705 ὧ
1518 3654 1720 3724 σκόλοψ
1747 3653 1867 3724 ἐμὲ,
1901 3657 1995 3709 ἐπὶ

426 3738 580 3808 δίκην
611 3740 816 3810 ἄγομεν
849 3741 936 3794 διὰ
981 3743 1078 3813 τὴν
1108 3744 1304 3812 χρῆσιν
1343 3743 1449 3798 τῶν
1495 3746 1832 3814 ἀναγκαίων,
1882 3745 1996 3800 ἀλλ’

427 3831 510 3881 ὅτι
539 3830 835 3900 λαϐόμενον
861 3832 1196 3902 εὐσχήμονος
1227 3835 1430 3905 ταύτης
1456 3837 1735 3906 ἀφορμῆς,
1770 3837 1828 3890 τὸ
1854 3840 1995 3892 ἀπο-

427 3921 672 3975 στολικὺν
703 3924 796 3976 καὶ
819 3920 976 3987 αὖθις
1010 3927 1204 3992 εἰπεῖν,
1241 3929 1301 3980 ού
1354 3925 1504 3997 παύῃ
1535 3929 1714 3981 πᾶσαν
1755 3927 1842 3982 ἐπ’
1871 3929 1996 3997 ἐμοὶ

426 4014 722 4086 ἐπιθυμίαν
772 4017 1263 4086 κατεργαζόμενον,
1327 4018 1515 4086 πρώτα
1571 4020 1668 4088 μὲν
1714 4020 1997 4091 χρώμενον

427 4105 768 4177 ξηρᾷ’τροφῇ
817 4109 909 4160 καὶ
957 4108 1131 4180 ὑγρᾷ,
1163 4103 1281 4162 εἶτα
1322 4108 1778 4180 παραχρώμενον,
1827 4130 1997 4166 κατα-

425 4199 729 4268 χρώμενον,
779 4199 1217 4269 ἐκδιαιτώμενον,
1251 4202 1329 4265 είς
1381 4202 1501 4256 ὅλον
1537 4203 1633 4255 καὶ
1659 4203 1768 4256 πᾶν
1796 4205 1856 4257 τὸ
1903 4221 1993 4270 φι-

425 4291 643 4360 λήδονον
692 4294 1154 4363 καταφερόμενον,
1200 4295 1292 4347 καὶ
1321 4295 1705 4363 ἐκφερόμενον,
1741 4296 1830 4347 καὶ
1871 4312 1996 4350 συν-

425 4381 658 4450 εκφέρον
713 4383 856 4452 κάμέ
890 4383 984 4436 καὶ
1024 4385 1264 4454 παρέχον
1310 4385 1632 4454 πράγματα.
1681 4385 1854 4456 Διττῷ
1882 4387 1991 4458 γὰρ

425 4473 700 4541 πνεύματι
743 4472 820 4541 τῷ
858 4471 969 4537 ,τῆς
1017 4471 1356 4542 λαιμαργίας
1413 4476 1504 4525 καὶ
1553 4475 1994 4544 γαστριμαργίας

423 4563 799 4632 ἐλαυνόμενον,
833 4563 1031 4632 μᾶλλον
1059 4563 1114 4616 δὲ
1143 4564 1344 4634 τριττῷ
1368 4581 1383 4596 ο
1409 4567 1466 4617 ἐν
1498 4568 1835 4637 πλησμοναῖς
1862 4567 1991 4636 γὰρ,

424 4656 578 4727 φησὶ,
645 4656 861 4725 Κύπρις
893 4674 904 4685 ·
958 4655 1196 4727 παρίημι
1225 4658 1334 4727 γὰρ
1372 4658 1432 4710 τό
1480 4659 1616 4722 τέως
1659 4658 1994 4728 ἐφεπόμενον

423 4748 635 4813 τούτοις
683 4749 925 4817 λεγεῶνα
949 4765 963 4781 ο
1001 4750 1122 4802 τίνα
1175 4749 1282 4803 τῶν
1335 4752 1582 4821 μογερῶν
1611 4753 1703 4804 καὶ
1739 4751 1993 4822 σχετλίων

422 4843 523 4894 οὐκ
582 4842 882 4911 ἐπιτρίϐεις
933 4858 1065 4911 μοῑ;
1116 4842 1204 4894 Ἐν
1259 4843 1363 4911 μὲν
1416 4845 1526 4914 γὰρ
1570 4844 1646 4911 τῷ
1701 4842 1992 4896 κενοῦσθαι

423 4931 870 5003 ἀναπληροῦσθαι
925 4935 1140 5004 ζητεῖς*
1180 4933 1331 4988 οῦπω
1381 4935 1434 4986 δὲ
1487 4935 1656 5004 ἔφθης
1709 4935 1997 5006 πεπληρῶ-

423 5024 568 5088 σθαι,
608 5026 702 5078 καὶ
747 5024 903 5087 αὖθις
944 5025 1270 5090 κεκένωσαι,
1310 5028 1403 5080 καὶ
1466 5023 1623 5090 αὖθις
1658 5025 1993 5096 πληροῦσθαι

422 5115 727 5186 ἐζήτησας·
763 5119 856 5168 καὶ
887 5118 973 5169 ὅτε
1035 5119 1131 5186 μὲν
1176 5120 1495 5190 κατατρύχῃ
1537 5118 1699 5187 λιμῷ,
1737 5119 1994 5188 πλησμίῳ

420 5206 632 5277 χαίρεις
656 5208 827 5278 τροφῇ
860 5223 872 5236 ·
902 5207 988 5259 ὅτε
1039 5206 1095 5259 δὲ
1123 5209 1355 5278 πάρεστι
1405 5208 1775 5278 πίμπλασθαι,
1804 5209 1894 5261 καὶ
1925 5212 1994 5261 τὰ

423 5303 558 5366 πρὶς
615 5299 808 5370 ἡδονὴν
847 5301 1058 5362 αἰτεῖς’
1130 5299 1331 5370 μᾶλλον
1389 5300 1446 5353 δέ
1497 5301 1589 5353 καὶ
1647 5300 1848 5354 πεινῶν
1902 5302 1994 5352 καὶ

427 5389 830 5458 πιμπλάμενον,
879 5389 1001 5443 οὕτε
1042 5391 1166 5462 ὅρον
1214 5391 1399 5461 κόρου,
1436 5391 1558 5445 οὔτε
1605 5392 1764 5462 κόρον
1801 5391 1993 5462 ἡδονῆς

421 5477 588 5545 οἶδας.
635 5482 722 5534 Ἐν
750 5481 924 5552 τούτῳ
962 5479 1017 5535 δέ
1069 5484 1290 5552 τλήμων
1340 5482 1440 5552 μὲν
1481 5481 1616 5551 ἐγὼ,
1645 5479 1848 5552 ἀδελφά
1890 5500 1991 5535 κα-

422 5573 744 5644 τακριθεῖσα
796 5576 915 5639 ταῖς
973 5574 1232 5644 μυθικαῖς
1277 5574 1530 5628 Δαναΐσιν
1562 5577 1641 5637 είς
1687 5575 1993 5645 ἀπέραντον

424 5665 705 5719 ἐπαντλεῖν
733 5684 813 5720 σοι
843 5666 917 5730 ὡς
949 5667 1153 5720 ἐκεῖναι
1182 5665 1259 5737 τῷ
1289 5669 1610 5739 τετρημένῳ
1648 5667 1810 5738 πίθῳ.
1845 5669 1990 5736 ἦκα).

423 5755 502 5818 τῷ
528 5756 657 5822 θείῳ
687 5759 849 5812 Δαϐὶδ
884 5759 1054 5814 ταυτά
1081 5759 1386 5821 πάσχουσα,
1421 5762 1501 5824 είς
1529 5762 1643 5815 ἰλὺν
1673 5759 1833 5822 βυθοῦ
1864 5761 1991 5815 ταύ-

2102 3199 2314 3264 συχνοῖς
2341 3197 2730 3265 ύπωπιασμοῖς
2779 3197 3130 3266 κατατήκων,
3173 3195 3303 3266 πρὶν
3332 3194 3674 3248 καταδουλώ-

2104 3288 2322 3349 σασθαι,
2352 3291 2446 3340 καὶ
2475 3288 2748 3356 κατήκοον
2779 3286 3259 3356 παραστήσασθαι.

2169 3379 2296 3442 Ναὶ,
2333 3379 2520 3446 φησίν·
2555 3377 2670 3429 ἀλλ’
2696 3376 2820 3444 ἐξῆν
2853 3376 2947 3428 καὶ
2981 3376 3065 3428 σοὶ
3085 3375 3148 3429 τὸ
3179 3375 3317 3429 κατά
3357 3374 3515 3442 φύσιν
3539 3375 3680 3426 ὑπο-

2097 3470 2426 3538 τεταγμένον
2483 3469 2583 3538 ἐμὲ
2615 3467 2926 3520 δουλοῦσθαι
2955 3467 3297 3531 ὑπωπιάζειν
3349 3466 3683 3537 βουλομένῃ,

2098 3563 2240 3615 κατά
2287 3561 2378 3615 τὸν
2425 3558 2784 3613 ἀποστολικδν
2834 3557 3026 3622 τύπον,
3058 3559 3151 3610 καὶ
3200 3557 3261 3608 1:2-
3299 3557 3462 3625 σοφὸν
3501 3559 3683 3609 ἐκεῖνο

2099 3655 2487 3724 παράγγελμαθ
2531 3653 2673 3717 Ὀνῳ
2707 3650 2899 3720 χόρτος
2939 3651 3036 3703 καὶ
3068 3647 3285 3720 ῥάδδος,
3316 3649 3490 3717 δούλῳ
3519 3649 3680 3715 ἄρτος

2097 3748 2190 3799 καὶ
2223 3745 2502 3814 μάστιγες.
2533 3742 2636 3794 Φεῦ
2671 3742 2769 3810 τῆς
2803 3740 3037 3810 χλεύηςί
3077 3735 3166 3793 οἷα
3215 3738 3678 3808 κατειρωνεύεται

2099 3855 2200 3908 μου
2228 3838 2241 3891 ι
2269 3835 2381 3889 Νῦν
2407 3832 2688 3904 ὁμολογεῖς
2717 3823 3020 3908 ὑποτακτδν
3049 3826 3190 3883 εἷναί
3218 3845 3321 3898 μου
3348 3830 3506 3897 φύσει
3539 3844 3553 3856 ·
3581 3827 3679 3878 νῦν

2097 3907 2301 3999 χαρίζῃ
2341 3945 2429 3997 μοι
2458 3926 2637 3993 λόγοις
2676 3923 2737 3978 τδ
2767 3907 2964 3988 ἐξεῖιῗαι
2997 3921 3348 3983 ὑποτάσστιν,
3378 3919 3554 3988 ἔργοις
3581 3918 3674 3970 ἀεὶ

2101 4020 2516 4089 ἀνθιστάμενον.
2566 4017 2708 4086 Ἐγὼ
2757 4017 2813 4069 δέ
2859 4017 2952 4068 καὶ
2980 4015 3117 4084 αὑτὴ
3172 4014 3256 4067 ὅτι
3307 4013 3404 4081 μὲν
3436 4012 3510 4072 ὡς
3549 4011 3679 4063 ὄνον

2097 4112 2358 4181 ὑϐριστὴν
2383 4109 2691 4162 κόπτεσθαι
2723 4107 2981 4177 ῥοπάλοις
3019 4108 3212 4176 ἐχρῆν,
3259 4107 3355 4158 καὶ
3381 4105 3453 4164 ὡς
3485 4103 3680 4156 δοῦλον

2095 4203 2332 4272 πονηρὸν
2367 4200 2586 4272 μάστιξι
2619 4198 2924 4266 ξαίνεσθαι,
2956 4197 3056 4267 ὀψὲ
3102 4197 3329 4268 μαθοῦσ⁹
3361 4196 3466 4266 ἔχω
3493 4213 3506 4227 °
3533 4195 3680 4264 πλὴν

2094 4295 2254 4363 δεῦρο
2304 4293 2597 4365 ἀπόκριναί
2630 4308 2743 4360 μοι,
2796 4290 3006 4358 πηνίκα
3050 4293 3144 4342 καὶ
3178 4291 3234 4341 ἐν
3262 4289 3369 4341 τίνι
3415 4288 3526 4340 τῶν
3555 4287 3682 4357 ηλι-

2097 4386 2230 4438 κιῶν
2256 4384 2432 4450 ἔξεστί
2461 4401 2550 4454 μοι
2597 4381 2913 4435 δουλοῦσθαι
2972 4398 3055 4444 σε,
3105 4381 3162 4432 τὸ
3216 4381 3490 4449 μηδέποτε
3523 4379 3684 4431 δυνά·

2025 4458 2071 4515 θ
2103 4493 2259 4547 μενον
2289 4474 2663 4536 ἀποστολικῶς
2714 4474 2880 4544 ἐρεῖν,
2922 4471 3261 4539 ὑποταγῆναι
3288 4467 3366 4541 τῷ
3392 4470 3545 4540 νόμῳ
3580 4469 3677 4521 τοῦ

2097 4568 2443 4638 πνεύματος;
2476 4567 2711 4635 Πότερον
2739 4565 2878 4618 κατά
2917 4564 3014 4634 τὴν
3050 4560 3306 4631 παιδικὴν
3337 4561 3433 4615 καὶ
3481 4579 3666 4631 μειρα-

2099 4660 2266 4731 κιώδη
2294 4678 2307 4726 ;
2344 4659 2506 4712 Ἀλλὰ
2551 4657 2665 4711 τόθ’
2696 4657 2788 4711 ὑπ’
2819 4657 3000 4720 ἀνοίας
3051 4656 3414 4726 ἀφραίνουσα,
3457 4656 3554 4723 οὐχ
3584 4653 3676 4704 οἵα

2095 4754 2155 4806 τέ
2207 4755 2322 4820 εἰμι
2373 4750 2608 4821 χρῆσθαι
2661 4751 2896 4819 ἐμαυτῇ,
2947 4746 3042 4800 καὶ
3089 4745 3332 4799 συνιέναι
3381 4747 3502 4798 ὅσον
3563 4745 3677 4809 ἐγὼ

2098 4844 2192 4896 σοῦ
2228 4843 2489 4912 διήνεγκα
2515 4858 2528 4870 ·
2561 4840 2675 4894 ἀλλ’
2712 4842 2768 4892 ἐν
2803 4841 2869 4909 τῇ
2902 4839 3126 4908 νεανικῇ
3163 4854 3225 4890 τε
3259 4838 3356 4889 καὶ
3405 4836 3626 4901 ἀνδρικῇ
3655 4851 3671 4895 ;

2097 4934 2204 4987 Καὶ
2237 4933 2342 5003 μὴν
2371 4931 2672 5001 τηνικαῦτα
2706 4932 2813 4984 πᾶν
2861 4930 3030 4982 κακδν
3060 4928 3362 5001 ἀνέρρωγε,
3390 4928 3482 4979 καὶ
3518 4929 3546 4978 ό
3575 4929 3666 4977 πὺο

2095 5026 2260 5094 λεμος
2293 5024 2502 5078 ἐνθένδε
2531 5023 2891 5094 σφοδρότερον
2922 5022 3178 5093 ἄρχεται,
3212 5019 3347 5087 ἐμοῦ
3384 5019 3478 5088 μὲν
3507 5018 3683 5085 ἐμαυο

2095 5115 2344 5185 τὴννᾶρτι
2386 5115 2762 5183 γινωσκούσης
2792 5153 2807 5178 ,
2835 5113 2931 5165 καὶ
2966 5112 3064 5181 τῆς
3105 5109 3450 5178 καθηκούσης
3497 5105 3682 5176 ἀρχῆς

2095 5205 2622 5274 ἐπιλαμϐανομένης,
2653 5205 2747 5256 καὶ
2771 5203 3084 5272 δικαιούσης
3106 5201 3250 5271 ἄλλῳ
3282 5199 3381 5270 βίῳ
3403 5201 3495 5252 καὶ
3539 5197 3684 5269 ἄλλῃ

2092 5298 2270 5369 διαίτῃ
2293 5296 2529 5367 χρῆσθαι
2557 5295 2821 5364 ἀμείνονι,
2845 5294 2940 5347 καὶ
2963 5292 3042 5362 τῷ
3071 5293 3221 5362 νόμῳ
3245 5290 3339 5344 τοῦ
3369 5289 3507 5344 Θεοῦ
3554 5305 3656 5340 συν

2095 5390 2360 5460 ήδεσθαιο
2421 5387 2516 5441 τοῦ
2569 5389 2624 5442 δὲ
2676 5388 2776 5441 οὑκ
2826 5385 3155 5458 ἀνεχομένου
3204 5387 3306 5453 τῆς
3367 5382 3528 5452 φίλης
3583 5381 3681 5433 καὶ

2096 5484 2378 5554 συνήλικος
2411 5482 2700 5552 συνηθείας
2733 5478 3096 5550 ἀποσχέσθαι,
3131 5478 3224 5532 ac;
3263 5475 3372 5529 ἀπὸ
3400 5473 3677 5544 γενέσεως

2092 5577 2197 5639 ἕως
2236 5574 2668 5644 εἰκοσαετηρίδος
2707 5573 3000 5642 αὐτονομίᾳ
3029 5570 3402 5630 ἐννεάταντος,
3442 5569 3536 5618 καὶ
3579 5582 3678 5630 γα-

2097 5669 2410 5739 στρίζεσθαι
2469 5665 3020 5736 παιδοτριϐηθέντος,
3083 5667 3176 5718 καὶ
3254 5661 3448 5733 ἡδονὴν
3509 5660 3669 5728 μόνην

2097 5764 2472 5822 ἀσκήσαντοςο
2512 5760 2604 5814 καὶ
2635 5761 2733 5812 οὑκ
2771 5761 2915 5812 ἔστιν
2952 5757 3127 5810 εἰπεῖν
3170 5757 3320 5816 ὅπως
3356 5751 3664 5808 ἁνθίσταταί
