3960 6190
333 226 468 290 1275
1424 300 1433 307 _
1701 241 1906 300 ORDO
1952 241 2227 304 BERUM
2493 257 2498 266 '
3432 244 3575 310 I376

379 347 828 403 TIIBOPIIANES
861 355 1098 405 ΝισΛῐΝ
1114 355 1196 405 US
1233 356 1855 408 ARCIIIEPISCOPUS.
2074 360 2187 411 CAP.
2215 361 2340 413 XIX.
2373 389 2431 399 —
2459 365 2806 426 Interpretatio
2837 364 2998 415 tertiae
3030 366 3326 429 antiphonze.
3479 365 3579 415 sto

399 431 634 482 Monimm
663 437 930 486 Etlitorum.
1100 535 1133 536 Π
1815 441 1907 490 2⁷9
2067 466 2179 514 tiae.
2213 467 2305 517 XX.
2330 495 2390 506 —-
2423 469 2498 520 De
2548 472 2835 521 ostensione
2875 471 3152 536 Evangelii,
3203 479 3256 521 et
3297 471 3360 522 de
3391 473 3576 532 hymno

328 523 639 579 TIIEOPHANIS
684 535 1049 582 Ancuteetscoet
1098 535 1282 585 Nucem
1318 550 1428 592 oua:
1465 550 1678 586 exsnrtr
1729 550 1902 593 onem,
2003 544 2078 586 ter
2101 545 2276 590 sancti.
2900 534 2902 537 ’
3012 523 3042 536 υ
3139 523 3151 531 ’
3425 523 3441 532 ’
3479 547 3566 594 lli

421 616 510 650 unc
545 619 752 650 primum
792 622 854 650 pm
884 616 1164 650 biblinlhnnn
1194 616 1427 650 Viuit/mn
1469 616 1535 650 {Ir

385 615 510 685 nunc
541 609 752 665 primum
792 622 854 658 ea:
884 609 1164 661 bibliotheca
1194 610 1428 695 Vaticana
1469 615 1636 662 erce
1665 619 1710 696 et
1741 611 1904 663 Latine
2065 641 2180 692 Cm
2213 644 2330 694 χχι.
2356 672 2412 685 _
2435 648 2506 697 De
2530 647 2752 699 οηιίοηε
2779 650 2826 698 in
2852 649 3031 712 hymno
3075 655 3130 700 ει
3150 649 3212 699 (ιε
3236 651 3382 700 εδει-ι,
3407 652 3575 699 accta-

381 681 1030 775 fit"f-‘i:fi’.’"i‘f‘_‘.‘35°?!“
1051 690 1114 768 de.
1139 689 1673 775 ιερηβηιειννέιεηξιαξ
1999 718 2313 767 τηειίοηίδυε-
3037 687 3050 708 ’
3478 726 3574 775 ⁴¹⁴

381 750 531 802 tiones
549 754 692 804 etiam
725 756 918 808 addidit
936 766 980 808 et
1009 761 1170 810 varias
1189 762 1410 812 lectiones
1438 774 1500 810 ex
1528 760 1731 811 alterius
1761 760 1898 810 codi-

380 827 449 874 ris
471 829 742 890 collatione,
780 847 843 883 ex
883 833 1112 897 facultate
1129 842 1175 886 et
1194 835 1536 900 approbatione
1565 835 1896 898 superiorum.

384 916 560 972 Ilomm.
627 921 752 980 apud
801 909 1107 972 I'ranciscum
1137 924 1464 985 Zannettum.,
1501 922 1620 972 1590
1809 921 1894 969 281

385 1001 603 1056 Epistula
637 1005 955 1054 dedicatoriu.
1805 1005 1892 1053 281

381 1082 686 1133 'I'ueoptusts
709 1102 1052 1136 mercennurius
1088 1089 1268 1138 Nicazst
1293 1103 1548 1138 εριςτοιις.
1805 1089 1890 1139 287

386 1167 539 1215 Εριδτ.
580 1169 613 1216 l.
647 1196 706 1206 --
736 1173 806 1219 Ad
833 1172 1076 1229 Νῐοιρηοε,
1101 1176 1286 1223 docens
1316 1174 1510 1235 qualem
1534 1187 1647 1223 esse
1669 1179 1896 1234 oporteat

321 1251 491 1286 verum
517 1244 843 1292 Christianum
885 1254 1278 1308 contemptorem
1316 1261 1486 1295 rerum
1506 1246 1727 1296 oznnium
1765 1259 1895 1307 pm-

317 1315 554 1374 seutium,
585 1321 686 1362 sive
730 1319 939 1366 tristium
983 1323 1089 1369 sive
1137 1322 1496 1380 jucundarum;
1540 1333 1693 1382 prope
1745 1323 1894 1368 linem

320 1400 437 1436 vero
473 1391 767 1451 prmeipiens
789 1407 935 1440 omne
981 1409 1179 1455 prorsus
1205 1395 1504 1443 consortium
1539 1395 1893 1442 haereticorum
1984 1444 1986 1446 ,

315 1464 604 1524 Iugiendum
630 1481 759 1514 esse.
799 1471 938 1518 Missa
969 1469 1091 1529 fuit,
1121 1484 1232 1518 cum
1263 1461 1472 1532 primum
1499 1469 1780 1518 declaratus
1813 1477 1895 1516 est

315 1537 460 1597 huius
496 1541 629 1587 urh's
653 1549 833 1602 pastor.
1804 1542 1894 1589 389

389 1623 545 1671 EPIST.
577 1626 636 1673 II.
658 1651 718 1661 --
746 1626 1058 1686 Doctrinalis,
1072 1631 1132 1676 de
1168 1627 1405 1690 patientia
1431 1635 1485 1677 et
1517 1629 1893 1689 longanimitate

327 1699 387 1746 ad
419 1712 592 1748 omnes
622 1701 922 1751 Christianos
972 1708 1056 1765 qui
1079 1711 1138 1752 ab
1173 1718 1234 1754 eo
1260 1706 1608 1767 pascebantur.
1802 1702 1894 1750 299

393 1802 554 1852 EI'IST.
599 1804 686 1854 III.
715 1833 770 1842 -—
811 1805 1127 1863 Doctrinalis,
1152 1807 1211 1855 ad
1245 1806 1550 1862 sacerdotes,
1585 1811 1638 1852 et
1667 1803 1894 1865 reliquos

332 1888 512 1927 sanctae
557 1879 791 1929 ECCIesize
832 1895 934 1929 suae
977 1881 1218 1939 clericos;
1245 1882 1534 1935 ostendens,
1569 1886 1805 1940 quantum
1828 1881 1894 1926 sit

318 1954 584 2002 sacerdotii
620 1968 820 2012 munus.
859 1954 1119 2017 qualisque
1166 1968 1277 2004 esse
1322 1955 1505 2003 debeat
1530 1953 1576 2002 in
1612 1953 1892 2002 sacerdotio

316 2033 636 2079 constitutus.
1794 2031 1888 2080 519

373 2112 557 2161 Oumo
587 2129 680 2174 qua
718 2113 925 2162 Domino
959 2121 1128 2164 nostro
1154 2114 1272 2163 Jesu
1307 2114 1502 2165 Christo
1535 2117 1708 2178 gratim
1732 2129 1892 2176 agun-

315 2193 396 2235 tur
432 2201 520 2247 pro
549 2189 844 2238 liberatione
870 2189 1024 2248 pestis
1045 2202 1098 2237 uc
1123 2192 1314 2238 mortis.
1795 2188 1884 2238 351

310 2309 651 2360 NICOLAUS
688 2310 1006 2359 CABASILA
1051 2312 1722 2387 THIJSSAIONICENSIS
1771 2314 1889 2361 MB-

899 2395 1304 2446 TROPOLITA.

311 2493 561 2621 “galina
607 2510 670 2546 ea:
696 2498 893 2550 Fabric.
923 2498 1064 2549 Harl.
1111 2497 1408 2551 Bibliodteca
1442 2505 1632 2559 Graeca,
1669 2509 1705 2551 t.
1744 2501 1800 2558 X,
1835 2516 1883 2562 p.

409 2611 420 2621 .
1794 2578 1883 2621 355

409 2611 420 2623 .
1794 2578 1888 2626 355

375 2681 574 2730 NICOLM
594 2683 838 2733 Cinastca;
885 2685 947 2732 de
989 2671 1155 2734 divino
1176 2682 1342 2734 altaris
1361 2683 1616 2735 sacriﬁcio.
1645 2685 1887 2735 Praecedit

314 2759 540 2810 Bentiani
567 2761 790 2823 Herveti,
814 2762 1118 2825 interpretis,
1145 2762 1204 2812 ad
1230 2765 1465 2811 lectorem
1488 2763 1773 2812 admonitio.
1794 2763 1886 2812 563

372 2892 486 2942 CAP.
513 2893 551 2941 Ι.
590 2917 650 2928 -
673 2891 800 2952 Quid
837 2892 932 2942 sibi
970 2891 1076 2941 vult
1100 2891 1151 2940 in
1185 2905 1370 2942 summa
1398 2893 1688 2942 universum
1725 2889 1884 2940 sacri-

313 2969 497 3014 licium.
1788 2968 1880 3018 367

372 3076 484 3120 (Tu.
513 3072 659 3122 II.—
689 3071 787 3122 Cur
835 3072 932 3122 non
986 3085 1012 3120 a
1057 3073 1300 3135 principio
1357 3073 1502 3122 altari
1559 3072 1884 3136 imponuntur

312 3161 447 3196 sacra
469 3152 614 3199 dona.
1791 3151 1884 3200 375

375 3234 485 3280 tiae.
516 3232 598 3280 Ill.
637 3257 689 3266 -
719 3233 857 3291 Quod
898 3233 1005 3282 haec
1044 3231 1171 3282 dona
1195 3214 1475 3284 otl'eruntur
1508 3239 1734 3297 tanquam
1771 3234 1884 3283 vitm

312 3308 535 3356 humana».
560 3307 808 3370 primitiis.
1790 3311 1882 3361 578

372 3393 486 3440 tiae.
521 3391 599 3440 IV.
633 3416 692 3426 —
713 3391 810 3440 Cur
833 3397 1226 3442 consentaneum
1247 3399 1303 3443 ut
1329 3395 1442 3446 vita
1461 3394 1688 3443 humanm
1708 3392 1883 3455 primi-

314 3470 394 3516 lim
417 3473 588 3516 essent
613 3469 716 3517 haec
740 3469 887 3519 dona.
1789 3471 1883 3520 378

371 3577 486 3628 Car.
522 3577 579 3626 V.
613 3603 671 3612 —
705 3578 800 3630 Cur
834 3591 927 3626 non
949 3583 1080 3628 totus
1101 3576 1237 3641 panis
1268 3579 1494 3639 oﬂ'ertur,
1520 3579 1609 3628 sed
1639 3593 1752 3641 pars
1769 3591 1882 3640 quzn

312 3655 464 3701 scissa
501 3659 575 3703 est
592 3689 606 3702 .
1789 3652 1882 3701 579

375 3763 488 3810 CAP.
512 3760 595 3811 VI.
628 3787 689 3798 -
713 3759 810 3812 Cur
857 3761 905 3810 in
946 3773 1072 3822 pane
1097 3760 1289 3824 efﬁngit
1328 3761 1559 3810 sacerdos
1602 3762 1883 3884 passionem;

375 3839 510 3884 tristi.
1790 3837 1846 3884 57

314 3837 510 3886 Christi.
1790 3837 1846 3885 57

377 3943 490 3993 CAP.
515 3940 622 3991 VII.
647 3967 708 3978 --
743 3939 872 4001 Quid
896 3947 976 3990 est
1001 3941 1195 3990 Domini
1219 3940 1514 3991 recerdalio.
1789 3939 1884 3989 382

375 4051 488 4102 Car.
515 4049 638 4099 VIII.
662 4073 722 4086 -—
745 4048 819 4098 De
843 4046 905 4097 iis
930 4061 1040 4110 qum
1062 4047 1110 4096 in
1133 4061 1262 4110 pane
1286 4050 1429 4100 ﬁunt.
1791 4048 1884 4097 583

376 4159 488 4209 (In.
526 4158 608 4208 IX.
633 4182 691 4193 —
715 4157 811 4206 Cur
850 4155 1088 4205 Dominus
1109 4156 1203 4205 hoc
1229 4156 1378 4219 jussit
1402 4155 1568 4204 facere
1611 4154 1664 4204 in
1697 4153 1772 4204 sui
1797 4168 1882 4203 re-

315 4258 669 4308 cordationem.
1789 4253 1885 4304 386

376 4364 491 4415 Car».
519 4364 580 4412 X.
611 4388 672 4398 —
694 4361 926 4419 Quaenam
969 4363 1078 4420 post
1113 4358 1629 4407 commemorationem
1657 4356 1706 4407 in
1741 4358 1884 4408 obla-

317 4444 451 4491 tione
477 4440 733 4494 dicuntur;
769 4443 821 4484 et
839 4436 970 4497 quod
991 4436 1231 4484 donorum
1271 4434 1472 4493 oblatio,
1497 4435 1666 4483 eadem
1694 4440 1746 4482 et
1768 4448 1882 4497 gra-

318 4518 408 4568 tias
428 4519 548 4581 agit,
582 4521 632 4562 et
655 4511 864 4574 supplex
904 4510 1049 4574 petit.
1789 4509 1883 4557 386

375 4623 494 4674 Cn.
517 4621 600 4673 XI.
631 4647 688 4656 —
716 4619 814 4672 Cur
860 4621 987 4667 dona
1028 4619 1416 4680 cooperiuntur;
1451 4619 1505 4664 et
1553 4613 1616 4663 de
1668 4615 1730 4663 Iis
1773 4626 1884 4675 quae

317 4698 568 4748 dicuntur.
1324 4721 1340 4735 .
1790 4686 1882 4736 390

377 4801 495 4852 Cae.
531 4798 634 4849 XII.
663 4825 722 4835 -
752 4797 827 4848 De
858 4794 1220 4860 gloriﬁcatione
1241 4797 1290 4844 in
1314 4792 1576 4856 principio.
1792 4793 1874 4842 39I

380 4906 492 4952 (tae.
521 4902 646 4953 XIII.
673 4928 732 4938 —
752 4901 878 4962 Quid
925 4897 1020 4948 sibi
1063 4900 1165 4948 vult
1207 4897 1553 4948 misericordiae
1586 4898 1767 4962 ubique
1793 4913 1886 4962 pe-

320 4980 448 5029 titio.
1793 4977 1887 5026 595

381 5085 492 5132 (.ae.
522 5079 642 5130 XIV.
669 5104 713 5113 -
751 5077 822 5127 De
845 5077 1275 5126 commendatione
1295 5090 1385 5126 seu
1409 5077 1656 5140 deposito.
1793 5081 1886 5132 598

378 5191 491 5239 Cap.
530 5188 629 5238 XV.
653 5213 714 5224 -
735 5186 808 5240 De
845 5185 1127 5247 antiphonis
1171 5199 1282 5247 quae
1303 5186 1553 5250 dicuntur,
1579 5197 1630 5238 et
1658 5191 1886 5251 precibus

316 5279 428 5329 qua:
449 5265 495 5313 in
530 5264 647 5324 ipsis
672 5262 813 5310 ﬁunt.
1794 5267 1886 5314 599

377 5371 490 5419 (ΣΑν.
519 5367 642 5418 XVI.
663 5393 724 5403 —
747 5365 1046 5426 Signiﬁcatio
1070 5363 1292 5416 sacrificii
1325 5369 1373 5416 in
1401 5380 1606 5418 summa.
1798 5371 1886 5418 ωδ

377 5472 489 5522 CAP.
527 5471 675 5522 XVII.
701 5495 758 5505 -
787 5469 1137 5531 Interpretatio
1159 5472 1330 5531 prima:
1351 5473 1648 5534 antipitonaa.
1795 5475 1886 5524 i06

377 5575 849 5627 Cn.—XVIII.—
891 5575 1017 5634 Quid
1077 5574 1351 5638 signiﬁcant
1399 5577 1447 5626 in
1500 5581 1756 5644 principiis
1801 5598 1881 5630 s-t-

316 5649 486 5698 critic-ii
509 5662 617 5710 quae
647 5658 891 5700 canuntur
913 5651 1220 5716 prophetica.
1791 5661 1880 5710 407

2057 822 2170 872 Car.
2228 825 2371 874 XXII.
2398 852 2455 862 -
2487 829 2557 878 De
2603 830 2821 878 lectione
2875 830 3236 893 Scripturarum
3281 836 3336 881 et
3379 831 3561 880 ordine

1996 907 2187 958 earum,
2225 907 2278 948 et
2312 899 2690 962 signiﬁcatione.
3476 905 3569 950 “5

3472 1008 3569 1056 4’8

2021 1108 2441 1230 dCﬁf.XXlV.-—
2472 1115 2547 1164 De
2593 1115 2963 1167 introductione
3017 1130 3266 1168 sacrorum
3315 1115 3564 1236 donarit";

2073 1196 2097 1230 a
2142 1196 2244 1234 are.
3502 1191 3548 1236 1ι

1992 1191 2050 1228 aa
2073 1191 2244 1234 altare.
3467 1191 3548 1238 Mt”

2049 1287 2164 1338 CAP.
2191 1292 2332 1342 XXV.
2371 1319 2424 1330 -
2448 1293 2522 1343 De
2549 1296 2775 1355 precibus
2800 1304 2904 1356 post
2947 1300 3276 1358 pretiosorum
3316 1298 3559 1344 donorum

1990 1361 2428 1426 introductionem,
2451 1377 2498 1415 et
2523 1369 2785 1431 praeceptis
2809 1373 3077 1419 sacerdotis
3099 1372 3158 1419 ad
3179 1370 3428 1433 populum.
3465 1369 3562 1419 419

2052 1002 2168 1052 (ἶΑρ.
2202 1004 2513 1057 XXIII.—De
2539 1009 2867 1070 petitionibus
2889 1014 3004 1072 post
3027 1009 3371 1072 Evangelium.

1993 1538 2004 1548 .
2051 1465 2166 1515 Cu».
2191 1467 2361 1548 XXVI.
2378 1495 2438 1506 —-
2463 1471 2532 1548 pe
2553 1473 2862 1521 confessione
2897 1473 3030 1532 ﬁdei,
3055 1479 3108 1521 et
3125 1473 3188 1522 de
3219 1473 3280 1524 iis
3303 1485 3412 1534 qua
3445 1480 3562 1534 post

1991 1545 2143 1600 ipsam
2191 1545 2420 1593 sacerdos
2465 1546 2690 1596 ﬁdelibus
2724 1549 2902 1598 suadet
2943 1553 2996 1596 et
3025 1555 3277 1610 precatur.
3303 1555 3356 1597 et
3402 1549 3465 1597 de
3488 1549 3554 1598 iis

1989 1625 2097 1673 quae
2122 1614 2190 1662 illi
2219 1615 2309 1678 ipsi
2333 1621 2659 1680 respondent.
3459 1624 3556 1670 ‘22

2049 1718 2161 1769 Cae.
2189 1722 2380 1772 XXVII.
2402 1750 2462 1760 —
2489 1727 2558 1774 De
2608 1725 2996 1778 sanctiﬁcatione
3040 1729 3292 1789 donorum,
3349 1735 3402 1779 et
3437 1742 3556 1792 qua

1989 1804 2094 1842 eam
2127 1798 2361 1856 praecedit
2383 1799 2647 1858 gratiarum
2673 1803 2884 1852 actione.
3309 1805 3317 1812 '
3454 1805 3556 1854 426

2047 1899 2163 1951 CAP.
2219 1903 2781 1957 XXVIII.—Undenam
2822 1912 3179 1959 sacramentum
3240 1911 3448 1959 ﬁrmiter
3497 1915 3558 1959 et

1985 1987 2162 2027 secure
2193 1979 2460 2030 credimus.
3459 1985 3556 2034 £26

2045 2058 2160 2110 CAP.
2183 2059 2346 2111 XXIX.
2370 2089 2429 2098 —
2458 2064 2529 2112 De
2553 2063 2613 2113 iis
2645 2066 2692 2114 in
2721 2065 2902 2127 quibus
2942 2067 3102 2117 Latini
3154 2080 3244 2118 nos
3265 2070 3548 2132 reprehen-

1984 2132 2128 2193 dnnt,
2158 2142 2208 2182 et
2232 2137 2290 2183 ad
2316 2137 2754 2197 reprehensionem
2781 2145 3056 2202 responsio.
3453 2144 3550 2192 427

2043 2241 2158 2293 CAP.
2188 2243 2330 2294 XXX.
2356 2272 2415 2282 —
2439 2245 2577 2304 Quod
2614 2246 2762 2296 etiam
2809 2251 2856 2298 In
2881 2249 3165 2299 Latinorum
3202 2250 3420 2300 Ecclesia
3453 2264 3546 2298 eo-

1983 2317 2096 2366 dem
2137 2331 2235 2380 quo
2281 2322 2407 2382 apud
2432 2334 2520 2369 nos
2539 2322 2683 2371 modo
2716 2335 2906 2372 sacrum
2929 2323 3212 2373 celebratur
3235 2329 3548 2385 mysterium.

3463 2399 3558 2447 43$

2043 2476 2156 2526 CAP.
2179 2478 2348 2528 XXXI.
2373 2505 2432 2514 —
2453 2479 2670 2538 Quanam
2690 2482 2752 2531 de
2772 2495 2914 2531 causa
2953 2485 3180 2531 sacerdos
3211 2483 3269 2530 ad
3307 2484 3548 2531 donorum

1981 2554 2411 2603 sanctiﬁcationem
2435 2568 2532 2602 non
2571 2556 2766 2613 Filium.
2797 2558 2884 2606 sed
2913 2558 3104 2606 Patrem
3129 2556 3356 2608 invocat?
3459 2561 3557 2607 438

2042 2650 2154 2700 Cse.
2209 2649 2398 2702 XXXII.
2427 2649 2578 2699 —De
2621 2651 2859 2702 sacriﬁcio
2884 2654 3010 2714 ipso,
3055 2660 3108 2701 et
3145 2656 3265 2714 quid
3313 2659 3393 2701 est
3415 2656 3553 2714 quod

1979 2723 2271 2774 sacriﬁcium
2300 2723 2526 2788 suscipit.
3453 2729 3547 2777 459

2040 2825 2156 2876 Cu.
2181 2825 2396 2877 XXXIII.
2430 2852 2491 2862 —
2517 2826 2589 2875 De
2632 2827 2938 2877 orationibus
2981 2833 3089 2889 post
3133 2827 3442 2886 sacriﬁcium,
3496 2837 3552 2878 et

1977 2913 2201 2961 quaenam
2229 2907 2306 2949 est
2339 2903 2515 2960 oratio,
2551 2909 2754 2962 propter
2791 2917 2936 2964 quam
2961 2903 3042 2952 hic
3082 2904 3311 2954 meminit
3349 2913 3552 2954 sancto-

1981 2988 2108 3036 rum,
2142 2982 2188 3023 et
2213 2977 2459 3037 praecipue
2485 2976 2832 3027 Sanctissimae.
3054 3021 3056 3023 .
3456 2983 3550 3030 412

2039 3074 2154 3124 CAP.
2180 3074 2385 3124 XXXIV.
2411 3103 2471 3111 —
2497 3077 2566 3125 Ile
2610 3079 2684 3127 eis
2705 3092 2814 3138 quze
2840 3081 3072 3128 sacerdos
3106 3093 3192 3137 pro
3214 3093 3270 3130 se
3292 3087 3422 3142 orat,
3456 3095 3548 3142 pro

1978 3153 2131 3198 sacris
2155 3151 2316 3209 donis,
2345 3152 2478 3199 etde
2501 3150 2561 3199 iis
2579 3164 2688 3212 quae
2712 3152 2856 3215 jubet
2881 3155 3055 3202 fideles
3075 3167 3230 3205 orare.
3456 3156 3546 3203 ιιδ

2038 3258 2150 3305 (Tan.
2178 3259 2364 3309 XXXV.
2399 3285 2456 3294 —
2486 3259 2557 3307 De
2601 3264 2824 3310 oratione
2845 3274 2869 3308 a
2907 3262 3009 3310 Deo
3042 3262 3225 3319 tradita,
3249 3266 3302 3308 et
3328 3261 3546 3310 inclina-

1979 3332 2113 3382 tione
2135 3336 2364 3395 capitum,
2399 3343 2451 3384 et
2482 3335 2747 3405 gratiarum
2775 3344 2946 3399 postea
2982 3340 3167 3386 actione
3197 3335 3254 3384 ad
3279 3336 3458 3395 Deum,
3483 3344 3540 3385 et

1975 3407 2350 3471 gloriﬁcatione.
3450 3412 3543 3464 ι-ιτ

2037 3515 2154 3565 Cae.
2176 3515 2384 3565 XXXVI.
2411 3543 2471 3553 —-
2498 3517 2568 3566 De
2589 3517 2650 3565 iis
2686 3531 2799 3580 quin
2850 3519 3080 3568 sacerdos
3103 3519 3279 3567 clamat
3298 3519 3356 3566 ad
3391 3532 3556 3580 popu-

1975 3589 2096 3645 lum,
2119 3595 2283 3638 sancta
2307 3591 2510 3641 elevans
2533 3605 2546 3640 :
2571 3597 2625 3642 et
2649 3595 2711 3641 de
2733 3593 2796 3641 iis
2831 3606 2945 3654 quin
2978 3592 3049 3642 illi
3079 3591 3290 3642 vicissim
3341 3593 3402 3642 ad
3436 3608 3554 3642 eum

1976 3663 2204 3715 clamant.
3462 3669 3554 3719 417

2039 3773 2154 3823 Cae.
2178 3773 2411 3825 XXXVII.
2436 3799 2494 3810 —
2527 3774 2654 3834 Quid
2686 3772 2931 3836 signiﬁcat
2953 3787 3079 3836 aqua
3105 3773 3260 3823 calida
3286 3776 3337 3824 in
3362 3783 3556 3835 myste.

1975 3846 2051 3897 ria
2082 3847 2284 3910 iniecta.
3458 3850 3555 3899 I50

2038 3955 2152 4006 CAP.
2194 3956 2451 4007 XXXVIII.
2476 3982 2536 3993 —
2561 3956 2777 4017 Quanam
2831 3957 3026 4006 ratione
3075 3957 3308 4017 mysteria
3355 3955 3551 4017 signifi-

1977 4036 2093 4080 cant
2115 4030 2407 4080 Ecclesiam.
3458 4031 3541 4078 ιδι

2039 4137 2155 4188 Car.
2189 4136 2398 4188 XXXIX.
2419 4162 2480 4173 —
2501 4134 2578 4186 De
2618 4139 2872 4186 vocatione
2907 4137 3124 4186 ﬁdelium
3157 4137 3216 4185 ad
3238 4138 3552 4185 communio-

1976 4228 2112 4274 nem,
2142 4222 2324 4278 etque
2355 4219 2573 4266 ostensis
2603 4218 2748 4266 donis
2771 4216 2942 4266 dicunt
2976 4217 3174 4267 ﬁdeles.
3454 4217 3548 4264 ι.νή

1949 4339 1952 4342 ’
2038 4323 2151 4374 Cn.
2192 4322 2463 4372 XL.-—De
2512 4321 2786 4372 sacerdotis
2843 4334 2933 4384 pro
2980 4323 3056 4372 eis
3104 4323 3346 4382 oratione,
3395 4334 3546 4380 quam

3451 4396 3548 4442 454

2041 4504 2156 4555 CAP.
2193 4504 2311 4554 XLI.
2339 4530 2398 4539 —
2438 4503 2514 4556 De
2555 4503 2827 4568 gratiarum
2867 4504 3063 4552 actione
3103 4507 3156 4552 et
3180 4503 3546 4565 gloriﬁcatione

1977 4593 2091 4642 qua:
2121 4580 2169 4628 iit
2204 4585 2394 4640 postea.
3456 4579 3551 4626 I55

2043 4687 2154 4736 tiae.
2190 4684 2336 4735 XLII.
2369 4711 2428 4719 —
2451 4683 2526 4732 De
2574 4681 2632 4732 iis
2656 4681 2737 4743 qui
2776 4680 3106 4739 dormierunt,
3133 4693 3195 4728 sn
3233 4682 3544 4729 sanctiﬁcan-

1981 4767 2062 4811 tur
2083 4776 2109 4810 a
2138 4773 2323 4808 mensae
2355 4759 2516 4820 donis,
2543 4761 2670 4808 sicut
2691 4765 2739 4808 et
2768 4759 2800 4827 i_i
2825 4755 2908 4820 qui
2934 4758 3126 4806 vivunt.
3453 4758 3544 4806 iis

2041 4867 2153 4917 Car.
2175 4865 2342 4916 XLIII.
2375 4893 2429 4902 -—
2455 4865 2590 4924 Quod
2629 4865 2801 4912 anima
2821 4865 2928 4927 ejus
2977 4862 3063 4925 qui
3119 4865 3457 4925 communicat,
3501 4867 3550 4912 lit

1983 4941 2321 5006 principaliter
2354 4941 2687 4989 sanctiﬁcatio.
3459 4941 3550 4988 159

2045 5023 2159 5074 Car.
2185 5024 2346 5073 XLIV.
2374 5049 2432 5058 —
2468 5023 2537 5070 De
2559 5021 2737 5072 Christi
2772 5021 3152 5070 intercessione.
3458 5023 3550 5072 465

2043 5128 2156 5178 Car.
2185 5127 2325 5178 XLV.
2351 5129 2566 5189 —Quod
2593 5128 2650 5177 iis
2689 5115 2773 5190 Qui
2822 5128 3129 5176 dormierunt
3174 5129 3441 5186 perfectior
3483 5130 3550 5178 sit

1980 5202 2317 5253 sanctiﬁcatio.
3455 5204 3550 5250 4.63

2042 5305 2154 5352 (In.
2180 5302 2342 5352 XLVI.
2367 5328 2421 5338 --
2448 5303 2699 5362 Quomodo
2749 5302 2923 5351 eadem
2975 5314 3175 5359 semper
3227 5303 3350 5352 dona
3385 5317 3410 5350 a
3439 5304 3548 5352 Deo

1982 5377 2162 5438 suscipi
2185 5383 2408 5438 possunt.
3457 5379 3549 5426 166

3462 5482 3549 5528 ΠΟ

2049 5586 2160 5636 CAP.
2186 5585 2400 5636 XLVIII.
2424 5610 2481 5620 -—-
2516 5587 2745 5645 Quanam
2781 5590 2904 5636 ratio
2941 5593 3309 5651 propterquam
3350 5591 3550 5634 sanctos

1985 5663 2060 5713 Itis
2093 5663 2234 5712 donis
2263 5676 2554 5716 veneramur
2585 5669 2635 5712 et
2660 5663 2883 5714 colimus.
3457 5661 3550 5710 470

1979 4397 2160 4446 effatur
2183 4399 2302 4460 ipsis
2335 4402 2447 4460 post
2467 4396 2881 4447 communionem.

2041 5481 2155 5531 ΩΑρ.
2180 5479 2365 5530 XLVII.
2388 5505 2447 5515 —
2471 5481 2728 5539 Quatenus
2753 5488 2870 5530 sunt
2891 5489 3112 5542 accepta.
